2012.09.05 05:00:03.365,0.78422,0.7843,4.73,2.48
2012.09.05 05:00:16.713,0.78422,0.78428,2.63,1.40
2012.09.05 05:00:16.854,0.78419,0.78427,3.60,4.03
2012.09.05 05:00:16.930,0.78418,0.78425,1.50,2.48
2012.09.05 05:00:17.754,0.78419,0.78425,1.35,2.15
2012.09.05 05:00:18.084,0.78422,0.78427,1.13,1.40
2012.09.05 05:00:18.296,0.7842,0.78428,3.23,1.93
2012.09.05 05:00:18.693,0.7842,0.78427,1.73,1.18
2012.09.05 05:00:21.843,0.78418,0.78426,1.35,1.93
2012.09.05 05:00:22.372,0.78419,0.78426,1.35,1.50
2012.09.05 05:00:29.981,0.78418,0.78426,2.85,1.50
2012.09.05 05:00:30.529,0.78418,0.78426,4.35,1.50
2012.09.05 05:00:31.441,0.78418,0.78426,2.48,1.50
2012.09.05 05:00:39.913,0.7842,0.78426,1.13,1.50
2012.09.05 05:00:46.186,0.7842,0.78427,1.73,1.55
2012.09.05 05:00:55.623,0.78422,0.78429,1.13,4.40
2012.09.05 05:00:56.743,0.7842,0.78428,2.63,2.10
2012.09.05 05:01:00.271,0.7842,0.78428,4.13,2.10
2012.09.05 05:01:02.674,0.7842,0.78426,1.13,2.90
2012.09.05 05:01:17.350,0.78419,0.78426,2.63,1.73
2012.09.05 05:01:19.812,0.78419,0.78426,3.38,1.73
2012.09.05 05:01:23.451,0.78421,0.78426,1.13,1.50
2012.09.05 05:01:24.003,0.78421,0.78428,1.88,1.40
2012.09.05 05:01:30.515,0.78423,0.78429,1.50,2.48
2012.09.05 05:01:34.385,0.78423,0.78431,1.50,4.78
2012.09.05 05:01:35.912,0.78423,0.7843,1.50,1.40
2012.09.05 05:01:36.499,0.78422,0.78428,1.88,1.73
2012.09.05 05:01:41.793,0.78422,0.78429,1.88,3.23
2012.09.05 05:01:45.145,0.78422,0.78429,2.63,2.15
2012.09.05 05:01:48.855,0.7842,0.78427,2.85,1.40
2012.09.05 05:01:49.064,0.78418,0.78426,5.10,2.10
2012.09.05 05:01:49.593,0.78418,0.78426,4.88,2.10
2012.09.05 05:01:50.403,0.7842,0.78427,1.13,2.48
2012.09.05 05:01:53.002,0.78418,0.78425,2.25,1.73
2012.09.05 05:01:53.552,0.78419,0.78426,1.88,1.73
2012.09.05 05:01:54.075,0.78419,0.78427,2.63,3.28
2012.09.05 05:01:54.614,0.78419,0.78427,3.38,2.85
2012.09.05 05:01:55.042,0.78419,0.78427,2.25,3.28
2012.09.05 05:01:55.656,0.78421,0.78425,1.13,1.18
2012.09.05 05:01:56.172,0.78418,0.78425,1.50,2.15
2012.09.05 05:02:01.840,0.78422,0.78427,1.13,2.15
2012.09.05 05:02:02.174,0.7842,0.78427,2.25,1.40
2012.09.05 05:02:03.503,0.78418,0.78427,1.50,3.28
2012.09.05 05:02:04.013,0.78417,0.78425,5.48,1.73
2012.09.05 05:02:27.512,0.78423,0.78427,1.13,1.50
2012.09.05 05:02:27.654,0.7842,0.78428,1.50,3.28
2012.09.05 05:02:28.043,0.78421,0.78428,1.13,2.53
2012.09.05 05:02:29.705,0.7842,0.78428,1.13,4.03
2012.09.05 05:02:30.053,0.78421,0.78428,1.13,2.53
2012.09.05 05:02:30.263,0.7842,0.78427,1.13,1.73
2012.09.05 05:02:30.965,0.7842,0.78427,1.50,1.73
2012.09.05 05:02:31.444,0.78419,0.78427,3.38,1.73
2012.09.05 05:02:31.774,0.78418,0.78427,3.38,4.40
2012.09.05 05:02:32.794,0.78418,0.78425,1.50,1.73
2012.09.05 05:02:33.217,0.78418,0.78424,1.13,2.48
2012.09.05 05:02:33.356,0.78416,0.78423,2.25,2.48
2012.09.05 05:02:36.782,0.78418,0.78424,1.88,5.48
2012.09.05 05:02:37.505,0.78416,0.78425,3.38,2.15
2012.09.05 05:02:42.793,0.78417,0.78424,1.50,2.15
2012.09.05 05:03:00.691,0.78419,0.78424,1.13,1.93
2012.09.05 05:03:04.225,0.78418,0.78424,1.13,3.43
2012.09.05 05:03:04.369,0.78416,0.78422,1.13,1.73
2012.09.05 05:03:04.726,0.78414,0.78421,1.88,1.40
2012.09.05 05:03:07.584,0.78417,0.78422,1.13,1.93
2012.09.05 05:03:07.925,0.78416,0.78422,1.88,2.15
2012.09.05 05:03:08.077,0.78412,0.7842,1.88,1.73
2012.09.05 05:03:12.374,0.78415,0.7842,1.13,1.50
2012.09.05 05:03:12.938,0.78417,0.78421,1.13,1.18
2012.09.05 05:03:13.088,0.78414,0.78422,3.00,2.15
2012.09.05 05:03:13.615,0.78414,0.78421,2.25,1.73
2012.09.05 05:03:14.177,0.78413,0.78421,1.50,2.15
2012.09.05 05:03:14.533,0.78413,0.78422,2.25,2.90
2012.09.05 05:03:16.864,0.78411,0.78421,2.63,4.40
2012.09.05 05:03:16.937,0.78413,0.78418,1.88,2.25
2012.09.05 05:03:17.136,0.78411,0.78417,1.13,2.15
2012.09.05 05:03:17.414,0.78409,0.78417,1.50,4.40
2012.09.05 05:03:17.936,0.78409,0.78417,2.25,4.40
2012.09.05 05:03:20.413,0.78409,0.78415,2.63,1.73
2012.09.05 05:03:20.762,0.78406,0.78415,4.88,2.90
2012.09.05 05:03:21.677,0.78407,0.78414,2.63,1.50
2012.09.05 05:03:21.898,0.78405,0.78412,1.88,3.98
2012.09.05 05:03:21.979,0.78401,0.78409,3.00,2.48
2012.09.05 05:03:22.594,0.78403,0.78407,1.73,1.50
2012.09.05 05:03:22.803,0.78403,0.78409,2.85,1.73
2012.09.05 05:03:23.895,0.78405,0.78412,1.50,1.93
2012.09.05 05:03:24.403,0.78404,0.78411,2.25,1.40
2012.09.05 05:03:26.856,0.78406,0.78413,2.63,1.73
2012.09.05 05:03:26.995,0.78405,0.78413,1.50,2.85
2012.09.05 05:03:30.475,0.78406,0.78413,1.13,1.93
2012.09.05 05:03:30.686,0.78406,0.78414,2.63,3.28
2012.09.05 05:03:31.223,0.78406,0.78412,1.13,1.40
2012.09.05 05:03:33.554,0.78406,0.78414,2.63,4.18
2012.09.05 05:03:34.145,0.78406,0.78413,2.63,1.03
2012.09.05 05:03:35.535,0.78403,0.78411,1.50,1.78
2012.09.05 05:03:35.603,0.78404,0.78411,2.25,1.55
2012.09.05 05:03:36.147,0.78404,0.78411,1.50,4.03
2012.09.05 05:03:37.316,0.78404,0.78411,1.50,4.03
2012.09.05 05:03:37.385,0.78405,0.78412,3.38,1.18
2012.09.05 05:03:37.932,0.78405,0.78413,2.63,4.03
2012.09.05 05:03:38.453,0.78405,0.78413,2.63,2.85
2012.09.05 05:03:39.785,0.78405,0.78412,2.63,1.40
2012.09.05 05:03:40.078,0.78406,0.78412,1.50,1.18
2012.09.05 05:03:40.159,0.78404,0.78412,3.00,2.15
2012.09.05 05:03:40.714,0.78402,0.78411,4.50,2.53
2012.09.05 05:03:40.857,0.78402,0.78411,2.25,3.28
2012.09.05 05:03:41.074,0.78404,0.78411,1.50,3.05
2012.09.05 05:03:41.453,0.78403,0.78409,1.50,1.18
2012.09.05 05:03:42.792,0.78404,0.78409,1.50,1.40
2012.09.05 05:03:44.642,0.78404,0.78411,1.50,2.85
2012.09.05 05:03:46.625,0.78404,0.78411,1.50,2.63
2012.09.05 05:03:47.753,0.78406,0.78412,2.63,1.40
2012.09.05 05:03:47.827,0.78409,0.78414,1.88,3.43
2012.09.05 05:03:47.977,0.78409,0.78416,2.85,1.40
2012.09.05 05:03:48.058,0.78409,0.78417,3.60,2.15
2012.09.05 05:03:48.277,0.78411,0.78418,1.88,1.93
2012.09.05 05:03:48.357,0.78411,0.78418,4.13,1.40
2012.09.05 05:03:48.497,0.78412,0.7842,3.23,4.73
2012.09.05 05:03:51.248,0.78411,0.78419,3.60,1.18
2012.09.05 05:03:51.813,0.78411,0.78418,4.35,1.40
2012.09.05 05:03:55.681,0.78411,0.78418,2.85,2.90
2012.09.05 05:04:15.719,0.78409,0.78418,2.48,6.28
2012.09.05 05:04:18.948,0.78408,0.78413,3.23,1.13
2012.09.05 05:04:19.226,0.78408,0.78413,1.88,1.73
2012.09.05 05:04:19.757,0.78408,0.78415,2.10,1.40
2012.09.05 05:04:19.842,0.7841,0.78418,2.85,4.40
2012.09.05 05:04:25.313,0.78407,0.78413,5.48,1.13
2012.09.05 05:04:25.388,0.78407,0.78413,1.50,2.10
2012.09.05 05:04:26.015,0.78407,0.78414,1.73,1.40
2012.09.05 05:04:26.224,0.78407,0.78416,3.98,2.53
2012.09.05 05:04:27.154,0.78408,0.78415,1.50,1.40
2012.09.05 05:04:27.364,0.78406,0.78411,1.50,1.18
2012.09.05 05:04:28.673,0.78406,0.78413,1.35,1.78
2012.09.05 05:04:29.034,0.78408,0.78414,2.48,1.18
2012.09.05 05:04:30.345,0.78408,0.78413,1.88,1.18
2012.09.05 05:04:30.547,0.78407,0.78412,1.13,2.90
2012.09.05 05:04:30.696,0.78407,0.78414,1.88,2.90
2012.09.05 05:04:31.176,0.78405,0.78412,1.50,2.48
2012.09.05 05:04:31.445,0.78402,0.78409,2.25,1.40
2012.09.05 05:04:31.645,0.78401,0.78408,3.23,1.18
2012.09.05 05:04:32.174,0.78401,0.78409,2.48,3.65
2012.09.05 05:04:32.793,0.78403,0.78409,1.50,2.15
2012.09.05 05:04:37.485,0.78401,0.78409,3.75,2.15
2012.09.05 05:04:43.453,0.78398,0.78406,3.52,1.35
2012.09.05 05:04:43.526,0.78401,0.78408,1.13,5.15
2012.09.05 05:04:43.665,0.78401,0.78408,1.88,2.48
2012.09.05 05:04:43.805,0.78402,0.78409,1.50,3.05
2012.09.05 05:05:02.714,0.78401,0.78407,3.38,1.73
2012.09.05 05:05:04.662,0.78401,0.78409,4.13,2.63
2012.09.05 05:05:12.511,0.78402,0.78409,1.88,1.73
2012.09.05 05:05:12.715,0.78402,0.78407,2.63,1.50
2012.09.05 05:05:14.752,0.78402,0.78409,4.13,1.73
2012.09.05 05:05:15.294,0.78402,0.7841,4.13,3.28
2012.09.05 05:05:20.251,0.78402,0.7841,4.13,2.85
2012.09.05 05:05:23.951,0.78402,0.7841,1.88,2.85
2012.09.05 05:05:24.452,0.78401,0.78409,3.38,2.85
2012.09.05 05:05:33.023,0.78403,0.7841,1.88,3.43
2012.09.05 05:05:34.771,0.78403,0.7841,2.63,3.43
2012.09.05 05:05:35.530,0.78401,0.78407,1.50,1.73
2012.09.05 05:05:43.811,0.78404,0.78409,1.13,3.75
2012.09.05 05:05:44.212,0.78401,0.78409,5.25,3.98
2012.09.05 05:05:46.363,0.78402,0.7841,2.25,1.18
2012.09.05 05:05:46.613,0.78401,0.78408,5.25,1.73
2012.09.05 05:05:51.804,0.78402,0.78411,2.25,3.89
2012.09.05 05:05:52.113,0.78401,0.78408,5.25,1.73
2012.09.05 05:05:56.455,0.78402,0.78408,1.50,1.73
2012.09.05 05:06:03.288,0.78402,0.7841,1.88,2.48
2012.09.05 05:06:03.557,0.78401,0.78408,5.63,1.73
2012.09.05 05:06:04.452,0.78401,0.78408,5.63,1.73
2012.09.05 05:06:04.974,0.78403,0.78409,1.13,2.25
2012.09.05 05:06:18.103,0.78401,0.78408,2.63,1.73
2012.09.05 05:06:18.666,0.78399,0.78406,3.00,1.73
2012.09.05 05:06:19.232,0.78401,0.78408,1.88,3.98
2012.09.05 05:06:19.303,0.78403,0.78408,1.13,2.48
2012.09.05 05:06:25.524,0.78403,0.78408,1.13,1.50
2012.09.05 05:06:27.122,0.78399,0.78408,3.75,2.48
2012.09.05 05:06:29.974,0.78404,0.78408,1.13,1.50
2012.09.05 05:06:46.523,0.78402,0.7841,1.50,2.48
2012.09.05 05:06:49.332,0.78402,0.7841,2.63,3.60
2012.09.05 05:06:49.893,0.78402,0.78409,2.63,1.40
2012.09.05 05:06:54.502,0.78403,0.7841,1.50,1.55
2012.09.05 05:06:54.632,0.78402,0.7841,4.88,2.53
2012.09.05 05:06:56.522,0.78402,0.7841,4.50,2.53
2012.09.05 05:06:56.596,0.78403,0.7841,1.50,3.28
2012.09.05 05:07:36.488,0.78402,0.7841,3.38,2.30
2012.09.05 05:07:42.172,0.78402,0.7841,1.88,2.53
2012.09.05 05:07:42.302,0.78402,0.78409,1.13,1.40
2012.09.05 05:08:01.914,0.78404,0.7841,2.25,2.53
2012.09.05 05:08:02.224,0.78404,0.7841,2.25,1.55
2012.09.05 05:08:09.807,0.78404,0.7841,1.50,3.28
2012.09.05 05:08:10.333,0.78402,0.78409,1.88,1.40
2012.09.05 05:08:49.981,0.78402,0.78408,1.88,1.40
2012.09.05 05:08:52.362,0.78402,0.78407,1.13,1.40
2012.09.05 05:09:03.024,0.784,0.78407,7.88,1.40
2012.09.05 05:09:03.215,0.78404,0.78408,1.13,1.50
2012.09.05 05:09:03.668,0.78401,0.78406,1.13,1.73
2012.09.05 05:09:03.884,0.784,0.78406,1.13,1.93
2012.09.05 05:09:04.084,0.78398,0.78405,3.00,1.40
2012.09.05 05:09:04.225,0.784,0.78404,1.13,1.93
2012.09.05 05:09:04.743,0.78398,0.78404,1.13,1.73
2012.09.05 05:09:05.923,0.78399,0.78404,1.50,1.73
2012.09.05 05:09:13.063,0.78396,0.78404,2.25,1.73
2012.09.05 05:09:13.614,0.78399,0.78404,1.13,2.25
2012.09.05 05:09:13.877,0.78396,0.78404,2.25,2.48
2012.09.05 05:09:18.583,0.78396,0.78401,2.25,1.13
2012.09.05 05:09:20.633,0.78396,0.78404,2.25,3.60
2012.09.05 05:09:22.624,0.78396,0.78404,2.25,3.60
2012.09.05 05:09:25.182,0.78396,0.78404,2.25,3.60
2012.09.05 05:09:29.065,0.78394,0.784,1.50,1.73
2012.09.05 05:09:29.415,0.78395,0.78402,2.25,2.53
2012.09.05 05:09:29.757,0.78396,0.78402,1.50,1.55
2012.09.05 05:09:29.826,0.78394,0.78402,4.43,1.88
2012.09.05 05:09:30.355,0.78395,0.78402,1.50,1.55
2012.09.05 05:09:30.797,0.78392,0.78399,4.13,1.78
2012.09.05 05:09:30.876,0.78393,0.78399,1.50,1.55
2012.09.05 05:09:30.947,0.78392,0.78399,1.50,1.78
2012.09.05 05:09:31.346,0.7839,0.78397,1.50,3.60
2012.09.05 05:09:31.863,0.78389,0.78397,1.50,1.88
2012.09.05 05:09:32.263,0.78389,0.78396,1.50,2.15
2012.09.05 05:09:32.776,0.78387,0.78396,2.63,2.15
2012.09.05 05:09:33.766,0.78389,0.78396,1.50,1.40
2012.09.05 05:09:33.964,0.7839,0.78397,1.50,2.30
2012.09.05 05:09:34.983,0.78387,0.78396,6.38,1.40
2012.09.05 05:09:35.544,0.78387,0.78395,1.88,2.15
2012.09.05 05:09:36.054,0.78386,0.78394,1.13,2.53
2012.09.05 05:09:36.766,0.78388,0.78396,1.88,3.05
2012.09.05 05:09:36.903,0.78388,0.78396,2.63,2.53
2012.09.05 05:09:37.470,0.78388,0.78395,3.38,1.40
2012.09.05 05:09:38.140,0.78388,0.78395,2.63,1.40
2012.09.05 05:09:40.091,0.78387,0.78395,1.73,2.15
2012.09.05 05:09:40.223,0.78388,0.78393,1.88,1.40
2012.09.05 05:09:40.505,0.78385,0.78393,3.00,2.53
2012.09.05 05:09:40.714,0.78385,0.78393,4.50,2.85
2012.09.05 05:09:41.242,0.78387,0.78394,1.50,2.53
2012.09.05 05:09:42.316,0.78385,0.78392,1.73,2.85
2012.09.05 05:09:42.735,0.78385,0.78392,2.25,2.25
2012.09.05 05:09:43.065,0.78384,0.78391,3.00,1.40
2012.09.05 05:09:43.135,0.78384,0.78391,2.25,1.40
2012.09.05 05:09:43.745,0.78384,0.78392,2.25,3.28
2012.09.05 05:09:43.934,0.78386,0.78393,2.48,1.50
2012.09.05 05:09:44.267,0.78386,0.78392,1.50,2.10
2012.09.05 05:09:44.814,0.78384,0.78392,4.73,2.10
2012.09.05 05:09:45.396,0.78386,0.78392,1.50,1.35
2012.09.05 05:09:45.587,0.78386,0.78393,3.23,1.18
2012.09.05 05:09:45.668,0.7839,0.78395,1.13,1.40
2012.09.05 05:09:45.886,0.7839,0.78397,2.63,2.15
2012.09.05 05:09:45.958,0.78391,0.78398,2.25,1.88
2012.09.05 05:09:46.515,0.78391,0.78398,3.00,1.78
2012.09.05 05:09:47.737,0.78391,0.78397,2.25,1.13
2012.09.05 05:09:48.115,0.7839,0.78397,1.73,1.88
2012.09.05 05:09:48.804,0.7839,0.78395,1.73,1.13
2012.09.05 05:09:49.345,0.78389,0.78395,1.73,1.88
2012.09.05 05:09:49.793,0.78386,0.7839,6.14,1.13
2012.09.05 05:09:50.004,0.78385,0.7839,1.50,1.88
2012.09.05 05:09:50.562,0.78384,0.78391,2.84,1.73
2012.09.05 05:09:51.394,0.78385,0.78392,1.50,3.05
2012.09.05 05:09:51.704,0.78389,0.78393,1.13,1.50
2012.09.05 05:09:51.777,0.78389,0.78395,1.88,2.53
2012.09.05 05:09:52.305,0.78389,0.78396,2.25,1.35
2012.09.05 05:09:52.504,0.78387,0.78397,1.50,2.53
2012.09.05 05:09:52.576,0.78389,0.78396,4.13,1.40
2012.09.05 05:09:52.704,0.78389,0.78395,2.25,1.88
2012.09.05 05:09:53.704,0.78387,0.78393,3.00,2.10
2012.09.05 05:09:53.846,0.78388,0.78394,1.13,1.18
2012.09.05 05:09:54.115,0.78388,0.78395,1.13,2.15
2012.09.05 05:09:54.324,0.78388,0.78395,1.88,1.93
2012.09.05 05:09:54.832,0.78388,0.78395,2.63,1.40
2012.09.05 05:09:57.699,0.78388,0.78395,1.88,1.73
2012.09.05 05:10:00.644,0.78388,0.78396,2.63,2.53
2012.09.05 05:10:06.235,0.78389,0.78396,4.13,1.55
2012.09.05 05:10:06.762,0.78389,0.78396,4.13,1.78
2012.09.05 05:10:14.414,0.7839,0.78398,1.88,4.03
2012.09.05 05:10:15.485,0.78391,0.78397,1.50,1.40
2012.09.05 05:10:16.052,0.78391,0.78398,2.25,2.53
2012.09.05 05:10:17.354,0.78391,0.78398,2.25,2.53
2012.09.05 05:10:20.764,0.78392,0.78398,1.50,2.85
2012.09.05 05:10:26.232,0.78391,0.78398,2.25,1.55
2012.09.05 05:10:27.984,0.78391,0.78398,1.50,2.53
2012.09.05 05:10:31.434,0.78392,0.78399,2.63,1.40
2012.09.05 05:10:40.755,0.7839,0.78396,3.98,1.13
2012.09.05 05:10:41.108,0.78391,0.78397,1.88,1.40
2012.09.05 05:10:53.504,0.78391,0.78398,1.88,1.40
2012.09.05 05:11:16.083,0.7839,0.78398,3.60,1.78
2012.09.05 05:11:19.472,0.7839,0.78398,3.60,2.53
2012.09.05 05:11:23.885,0.7839,0.78398,3.60,2.53
2012.09.05 05:11:24.393,0.78391,0.78398,1.50,2.10
2012.09.05 05:11:26.344,0.7839,0.78397,1.88,1.40
2012.09.05 05:11:46.908,0.7839,0.78395,1.50,2.30
2012.09.05 05:11:47.310,0.7839,0.78397,1.50,2.90
2012.09.05 05:11:54.194,0.78389,0.78395,3.38,1.35
2012.09.05 05:11:54.269,0.78389,0.78395,1.88,1.35
2012.09.05 05:11:54.347,0.78389,0.78397,3.75,3.05
2012.09.05 05:11:54.414,0.78389,0.78397,3.60,3.28
2012.09.05 05:11:55.935,0.7839,0.78395,1.73,1.13
2012.09.05 05:11:56.473,0.7839,0.78397,2.25,3.05
2012.09.05 05:11:56.671,0.7839,0.78397,2.48,3.28
2012.09.05 05:12:09.881,0.78391,0.78397,1.50,1.88
2012.09.05 05:12:29.384,0.78389,0.78396,2.63,1.40
2012.09.05 05:12:29.904,0.78388,0.78395,1.73,2.53
2012.09.05 05:12:32.535,0.78388,0.78395,1.73,3.05
2012.09.05 05:12:33.285,0.78387,0.78395,2.48,3.28
2012.09.05 05:12:33.844,0.78387,0.78393,1.73,1.18
2012.09.05 05:12:35.773,0.78387,0.78394,1.73,1.18
2012.09.05 05:12:37.795,0.78386,0.78394,1.73,1.93
2012.09.05 05:12:39.414,0.78387,0.78393,2.48,1.13
2012.09.05 05:12:39.483,0.78388,0.78395,3.23,1.73
2012.09.05 05:12:40.233,0.78387,0.78393,1.73,1.13
2012.09.05 05:12:45.609,0.78386,0.78393,1.73,2.68
2012.09.05 05:12:46.190,0.78385,0.78393,2.10,4.18
2012.09.05 05:12:48.948,0.78385,0.78393,1.88,3.65
2012.09.05 05:12:49.938,0.78385,0.78393,2.03,3.65
2012.09.05 05:12:50.953,0.78385,0.78393,2.10,3.65
2012.09.05 05:12:54.574,0.78385,0.78392,2.10,1.50
2012.09.05 05:12:54.776,0.78384,0.78391,1.07,3.05
2012.09.05 05:12:54.857,0.78384,0.78389,1.07,2.63
2012.09.05 05:12:55.184,0.78383,0.7839,1.35,1.50
2012.09.05 05:12:55.373,0.78383,0.78391,1.88,6.80
2012.09.05 05:12:55.816,0.78384,0.78391,1.73,4.88
2012.09.05 05:12:56.802,0.78384,0.7839,1.73,1.88
2012.09.05 05:12:56.947,0.78383,0.7839,1.73,2.10
2012.09.05 05:12:58.678,0.78383,0.7839,1.73,4.55
2012.09.05 05:12:59.205,0.78382,0.78388,1.28,1.18
2012.09.05 05:13:00.876,0.78381,0.78388,1.73,2.30
2012.09.05 05:13:04.714,0.7838,0.78386,3.98,1.13
2012.09.05 05:13:05.525,0.7838,0.78387,2.48,1.18
2012.09.05 05:13:11.404,0.78382,0.78389,1.73,1.78
2012.09.05 05:13:11.549,0.78382,0.7839,6.23,1.35
2012.09.05 05:13:13.044,0.78383,0.7839,3.60,1.55
2012.09.05 05:13:18.304,0.78383,0.7839,2.85,1.88
2012.09.05 05:13:21.163,0.78383,0.7839,1.73,1.88
2012.09.05 05:13:23.914,0.78382,0.7839,5.85,2.63
2012.09.05 05:13:24.324,0.78382,0.78389,1.88,1.18
2012.09.05 05:13:24.535,0.78382,0.78388,2.10,1.50
2012.09.05 05:13:25.367,0.78381,0.78388,1.13,3.00
2012.09.05 05:13:34.454,0.78382,0.78387,1.35,1.50
2012.09.05 05:13:36.364,0.78382,0.78389,2.10,1.93
2012.09.05 05:13:40.176,0.7838,0.78388,2.48,3.00
2012.09.05 05:13:40.316,0.78382,0.78387,1.88,1.18
2012.09.05 05:13:40.824,0.78382,0.78387,1.13,1.50
2012.09.05 05:13:43.047,0.78379,0.78387,4.35,1.73
2012.09.05 05:13:43.518,0.78378,0.78385,2.25,1.50
2012.09.05 05:13:43.866,0.78378,0.78385,2.48,1.50
2012.09.05 05:13:47.107,0.7838,0.78385,1.13,1.50
2012.09.05 05:13:47.235,0.7838,0.78387,2.10,1.18
2012.09.05 05:13:56.924,0.7838,0.78387,2.10,1.93
2012.09.05 05:13:57.464,0.78378,0.78385,2.10,1.50
2012.09.05 05:13:59.204,0.78378,0.78384,1.35,1.18
2012.09.05 05:13:59.735,0.78379,0.78384,1.13,1.40
2012.09.05 05:14:00.054,0.78382,0.78387,1.13,4.40
2012.09.05 05:14:00.324,0.78377,0.78384,1.88,1.93
2012.09.05 05:14:00.466,0.78377,0.78384,1.88,2.15
2012.09.05 05:14:02.944,0.78376,0.78384,2.25,4.03
2012.09.05 05:14:04.525,0.78376,0.78384,1.73,2.53
2012.09.05 05:14:09.102,0.78376,0.78384,2.48,2.10
2012.09.05 05:14:12.235,0.78376,0.78384,1.73,2.10
2012.09.05 05:14:14.219,0.78374,0.78382,4.50,3.75
2012.09.05 05:14:14.435,0.78374,0.78381,3.60,1.93
2012.09.05 05:14:18.474,0.78376,0.78381,1.13,1.18
2012.09.05 05:14:19.149,0.78373,0.78378,3.38,1.40
2012.09.05 05:14:19.717,0.78374,0.78379,1.13,1.40
2012.09.05 05:14:20.126,0.78374,0.78381,2.63,2.25
2012.09.05 05:14:20.646,0.78373,0.78379,2.48,1.18
2012.09.05 05:14:21.925,0.78375,0.78379,1.13,1.18
2012.09.05 05:14:22.326,0.78375,0.78381,1.88,1.40
2012.09.05 05:14:22.394,0.78378,0.78383,1.13,5.12
2012.09.05 05:14:22.936,0.78377,0.78384,1.88,2.15
2012.09.05 05:14:23.377,0.78378,0.78385,1.88,3.43
2012.09.05 05:14:23.447,0.78378,0.78385,1.88,2.68
2012.09.05 05:14:23.660,0.78382,0.78388,1.13,2.85
2012.09.05 05:14:24.217,0.78382,0.7839,2.63,4.03
2012.09.05 05:14:24.774,0.78382,0.78389,2.10,1.40
2012.09.05 05:14:25.453,0.78382,0.78389,2.10,2.15
2012.09.05 05:14:31.625,0.7838,0.78388,2.10,2.53
2012.09.05 05:14:33.387,0.78381,0.78388,1.88,1.40
2012.09.05 05:14:33.914,0.7838,0.78388,2.10,1.40
2012.09.05 05:14:34.477,0.7838,0.78388,2.10,2.15
2012.09.05 05:14:44.323,0.78381,0.78388,2.10,2.90
2012.09.05 05:14:45.244,0.78379,0.78387,3.60,2.90
2012.09.05 05:14:49.854,0.78379,0.78387,4.35,2.15
2012.09.05 05:14:50.777,0.7838,0.78387,1.73,1.18
2012.09.05 05:14:51.244,0.7838,0.78386,1.50,1.18
2012.09.05 05:14:54.821,0.78382,0.78389,2.25,1.50
2012.09.05 05:14:55.520,0.78382,0.78389,2.25,2.15
2012.09.05 05:14:56.733,0.78383,0.78388,1.50,2.25
2012.09.05 05:15:01.075,0.78383,0.7839,1.50,2.25
2012.09.05 05:15:01.426,0.78384,0.78392,3.00,3.08
2012.09.05 05:15:01.777,0.78388,0.78394,2.25,1.40
2012.09.05 05:15:02.318,0.78387,0.78395,5.10,2.30
2012.09.05 05:15:03.335,0.78388,0.78395,2.63,1.40
2012.09.05 05:15:03.475,0.78388,0.78395,2.63,1.40
2012.09.05 05:15:03.956,0.78388,0.78395,1.88,1.40
2012.09.05 05:15:07.325,0.78388,0.78393,1.88,1.40
2012.09.05 05:15:07.666,0.78385,0.78392,1.35,1.40
2012.09.05 05:15:08.187,0.78385,0.78393,1.88,3.28
2012.09.05 05:15:14.166,0.78383,0.7839,1.88,1.40
2012.09.05 05:15:18.365,0.78382,0.78389,1.35,2.90
2012.09.05 05:15:19.327,0.78382,0.78389,2.10,2.15
2012.09.05 05:15:20.434,0.78382,0.78389,2.85,1.18
2012.09.05 05:15:39.371,0.78383,0.7839,2.25,2.53
2012.09.05 05:15:49.203,0.78383,0.7839,1.50,3.28
2012.09.05 05:15:49.895,0.78382,0.7839,2.85,4.03
2012.09.05 05:15:50.224,0.78382,0.78388,2.10,1.73
2012.09.05 05:15:52.243,0.78382,0.7839,2.85,3.28
2012.09.05 05:15:59.740,0.78382,0.78389,1.73,1.40
2012.09.05 05:16:00.284,0.78382,0.78389,1.50,2.15
2012.09.05 05:16:00.914,0.78382,0.78389,1.73,1.40
2012.09.05 05:16:01.563,0.78381,0.78389,2.10,1.40
2012.09.05 05:16:03.097,0.78381,0.78388,1.13,3.23
2012.09.05 05:16:04.684,0.78379,0.78387,3.38,3.60
2012.09.05 05:16:05.214,0.78379,0.78387,4.35,3.00
2012.09.05 05:16:06.414,0.78379,0.78387,3.60,3.98
2012.09.05 05:16:07.514,0.78379,0.78387,3.60,1.73
2012.09.05 05:16:07.766,0.78379,0.78388,3.60,2.90
2012.09.05 05:16:10.624,0.78379,0.78386,2.48,1.18
2012.09.05 05:16:11.144,0.78379,0.78386,1.73,2.15
2012.09.05 05:16:13.944,0.78377,0.78384,3.00,2.25
2012.09.05 05:16:14.021,0.78376,0.7838,2.48,1.13
2012.09.05 05:16:14.096,0.78372,0.7838,1.88,3.38
2012.09.05 05:16:14.448,0.78369,0.78376,1.73,1.88
2012.09.05 05:16:14.597,0.78368,0.78376,4.35,2.85
2012.09.05 05:16:14.816,0.7837,0.78377,4.35,2.68
2012.09.05 05:16:15.355,0.7837,0.78377,3.60,1.18
2012.09.05 05:16:20.996,0.7837,0.78377,3.60,1.18
2012.09.05 05:16:21.526,0.7837,0.78378,4.35,1.13
2012.09.05 05:16:21.995,0.7837,0.78378,3.60,2.30
2012.09.05 05:16:27.117,0.78368,0.78377,2.25,3.80
2012.09.05 05:16:27.256,0.78368,0.78377,2.48,3.05
2012.09.05 05:16:27.877,0.78368,0.78377,2.25,3.05
2012.09.05 05:16:28.384,0.78368,0.78375,2.25,1.18
2012.09.05 05:16:28.804,0.78368,0.78375,2.40,1.18
2012.09.05 05:16:29.338,0.78368,0.78375,1.65,3.05
2012.09.05 05:16:29.684,0.78367,0.78374,3.38,1.50
2012.09.05 05:16:31.757,0.78368,0.78375,1.73,2.30
2012.09.05 05:16:35.353,0.78367,0.78375,3.60,3.80
2012.09.05 05:16:38.744,0.7837,0.78375,1.13,2.68
2012.09.05 05:16:39.267,0.78367,0.78374,2.48,1.73
2012.09.05 05:16:39.337,0.78367,0.78373,1.73,1.40
2012.09.05 05:16:41.926,0.78365,0.78372,4.13,1.50
2012.09.05 05:16:42.147,0.78365,0.78371,1.13,3.43
2012.09.05 05:16:42.707,0.78366,0.78372,1.13,2.15
2012.09.05 05:16:42.988,0.78369,0.78376,3.23,1.13
2012.09.05 05:16:43.621,0.78371,0.78377,1.73,1.18
2012.09.05 05:16:43.698,0.78371,0.78379,3.23,2.63
2012.09.05 05:16:44.060,0.78373,0.78381,3.23,3.80
2012.09.05 05:16:44.600,0.78372,0.7838,2.48,2.68
2012.09.05 05:16:44.949,0.78374,0.78382,1.35,3.60
2012.09.05 05:16:45.305,0.78375,0.78382,1.73,2.30
2012.09.05 05:16:45.791,0.78377,0.78384,1.73,1.18
2012.09.05 05:16:45.938,0.78379,0.78386,1.73,1.88
2012.09.05 05:16:48.334,0.7838,0.78387,1.73,1.18
2012.09.05 05:16:48.545,0.7838,0.78388,4.35,2.63
2012.09.05 05:16:48.618,0.78378,0.78383,2.63,1.13
2012.09.05 05:16:48.698,0.78378,0.78383,2.25,1.13
2012.09.05 05:16:49.058,0.78381,0.78388,2.48,1.40
2012.09.05 05:16:49.130,0.78381,0.78389,1.73,1.18
2012.09.05 05:16:49.705,0.78383,0.78392,3.23,4.18
2012.09.05 05:16:51.809,0.78379,0.78383,3.38,1.13
2012.09.05 05:16:51.888,0.78382,0.78388,1.73,2.63
2012.09.05 05:16:52.238,0.78379,0.78386,2.25,2.63
2012.09.05 05:16:52.305,0.78379,0.78386,2.48,3.38
2012.09.05 05:16:53.526,0.78378,0.78385,1.88,3.83
2012.09.05 05:16:53.740,0.78376,0.78382,2.63,1.93
2012.09.05 05:16:54.284,0.78374,0.78381,1.73,2.48
2012.09.05 05:16:54.804,0.78374,0.7838,1.73,1.13
2012.09.05 05:16:55.317,0.78374,0.7838,1.73,1.13
2012.09.05 05:16:56.706,0.78376,0.78381,1.73,1.50
2012.09.05 05:16:56.862,0.78376,0.78383,1.73,3.38
2012.09.05 05:16:57.377,0.78374,0.78382,2.48,1.73
2012.09.05 05:16:59.655,0.78376,0.78382,1.50,1.78
2012.09.05 05:17:01.357,0.78378,0.78383,1.13,1.93
2012.09.05 05:17:01.708,0.78378,0.78386,4.35,2.25
2012.09.05 05:17:01.788,0.78378,0.78386,4.35,1.13
2012.09.05 05:17:03.518,0.78378,0.78386,1.88,3.28
2012.09.05 05:17:03.588,0.78377,0.78383,2.48,1.88
2012.09.05 05:17:04.145,0.78375,0.78382,4.35,1.18
2012.09.05 05:17:07.145,0.78375,0.78381,3.23,1.13
2012.09.05 05:17:07.653,0.78375,0.78381,1.73,1.88
2012.09.05 05:17:12.805,0.78375,0.78381,2.48,1.13
2012.09.05 05:17:20.750,0.78377,0.78385,3.23,3.00
2012.09.05 05:17:20.830,0.78379,0.78386,2.85,2.30
2012.09.05 05:17:20.978,0.78379,0.78386,3.60,1.18
2012.09.05 05:17:21.547,0.78382,0.78387,1.73,1.13
2012.09.05 05:17:23.246,0.78381,0.78387,1.73,1.88
2012.09.05 05:17:51.255,0.7838,0.78387,1.73,1.13
2012.09.05 05:17:51.774,0.7838,0.78387,1.73,1.13
2012.09.05 05:18:05.403,0.7838,0.78388,1.73,1.18
2012.09.05 05:18:08.762,0.7838,0.78388,1.73,1.18
2012.09.05 05:18:08.907,0.78378,0.78384,1.73,3.38
2012.09.05 05:18:09.287,0.78377,0.78382,1.13,1.88
2012.09.05 05:18:09.356,0.78375,0.78382,1.73,3.28
2012.09.05 05:18:09.864,0.78375,0.78382,1.73,3.80
2012.09.05 05:18:10.065,0.78375,0.78382,1.73,3.80
2012.09.05 05:18:11.616,0.78375,0.78382,1.73,3.80
2012.09.05 05:18:12.414,0.78375,0.78382,1.73,2.63
2012.09.05 05:18:14.354,0.78376,0.78382,2.48,1.88
2012.09.05 05:18:19.616,0.78374,0.78379,3.75,1.13
2012.09.05 05:18:19.830,0.78373,0.7838,1.73,2.68
2012.09.05 05:18:19.910,0.78373,0.7838,3.23,1.50
2012.09.05 05:18:20.059,0.78376,0.78382,1.50,4.18
2012.09.05 05:18:20.565,0.78376,0.78382,1.73,2.30
2012.09.05 05:18:42.091,0.78374,0.78379,1.50,1.50
2012.09.05 05:18:42.448,0.78371,0.78377,2.48,1.13
2012.09.05 05:18:42.974,0.78372,0.78379,2.25,2.15
2012.09.05 05:18:43.254,0.78373,0.7838,2.48,1.18
2012.09.05 05:18:46.950,0.78373,0.78381,3.23,1.55
2012.09.05 05:18:53.030,0.78373,0.78381,3.23,1.13
2012.09.05 05:18:53.756,0.78373,0.78381,2.48,1.13
2012.09.05 05:18:54.985,0.78373,0.78381,2.48,1.13
2012.09.05 05:19:05.649,0.78373,0.78382,3.98,3.28
2012.09.05 05:19:17.736,0.78375,0.78382,1.73,2.53
2012.09.05 05:19:23.368,0.78375,0.78382,1.73,2.53
2012.09.05 05:19:25.955,0.78373,0.78382,3.23,3.28
2012.09.05 05:19:27.225,0.78374,0.78382,1.73,1.18
2012.09.05 05:19:31.714,0.78373,0.78382,2.48,5.53
2012.09.05 05:19:32.223,0.78373,0.78382,2.48,5.53
2012.09.05 05:19:34.434,0.78373,0.78382,3.23,4.03
2012.09.05 05:19:34.994,0.78376,0.78382,1.73,2.53
2012.09.05 05:19:38.265,0.78376,0.78382,2.85,2.15
2012.09.05 05:19:38.784,0.78376,0.78381,1.88,1.93
2012.09.05 05:19:39.893,0.78376,0.78381,1.88,1.50
2012.09.05 05:19:41.206,0.78378,0.78382,1.13,1.73
2012.09.05 05:19:41.551,0.78381,0.78386,1.50,1.78
2012.09.05 05:19:41.628,0.78381,0.78388,1.73,2.90
2012.09.05 05:19:43.095,0.78381,0.78388,1.73,1.18
2012.09.05 05:19:44.608,0.7838,0.78387,1.73,4.03
2012.09.05 05:19:44.888,0.78377,0.78385,2.85,2.85
2012.09.05 05:19:45.298,0.78379,0.78385,1.73,1.55
2012.09.05 05:19:45.840,0.78376,0.78383,2.48,1.50
2012.09.05 05:19:45.986,0.78375,0.78383,3.60,2.15
2012.09.05 05:19:46.775,0.78375,0.78383,2.10,2.15
2012.09.05 05:19:47.161,0.78375,0.78381,1.88,2.25
2012.09.05 05:20:03.386,0.78375,0.78383,2.10,3.50
2012.09.05 05:20:12.269,0.78375,0.78381,1.35,1.50
2012.09.05 05:20:12.797,0.78375,0.78381,1.35,1.50
2012.09.05 05:20:14.576,0.78374,0.78381,2.10,3.43
2012.09.05 05:20:20.765,0.78374,0.78381,2.85,1.93
2012.09.05 05:20:20.837,0.78374,0.78381,2.85,1.18
2012.09.05 05:20:21.240,0.78377,0.78383,1.88,3.38
2012.09.05 05:20:21.596,0.7838,0.78386,1.35,2.25
2012.09.05 05:20:21.808,0.78381,0.78387,1.88,1.55
2012.09.05 05:20:21.957,0.78381,0.7839,3.60,2.68
2012.09.05 05:20:24.858,0.78381,0.78389,2.85,1.93
2012.09.05 05:20:29.717,0.78381,0.7839,4.35,1.18
2012.09.05 05:20:30.234,0.78382,0.7839,1.73,1.18
2012.09.05 05:20:33.045,0.78383,0.7839,1.73,1.18
2012.09.05 05:20:34.036,0.78383,0.78391,2.48,4.55
2012.09.05 05:20:34.555,0.78384,0.78391,1.73,2.30
2012.09.05 05:20:35.084,0.78384,0.78391,1.73,1.55
2012.09.05 05:20:41.525,0.78383,0.7839,2.48,1.18
2012.09.05 05:20:42.375,0.78382,0.7839,2.48,1.40
2012.09.05 05:20:43.105,0.78383,0.7839,1.73,1.18
2012.09.05 05:20:44.884,0.78383,0.7839,2.25,1.78
2012.09.05 05:20:45.168,0.78382,0.7839,1.73,2.15
2012.09.05 05:20:45.388,0.78382,0.78389,1.50,1.18
2012.09.05 05:20:52.115,0.78382,0.7839,1.73,2.90
2012.09.05 05:20:52.726,0.78382,0.78391,3.60,2.63
2012.09.05 05:20:52.995,0.78384,0.78392,1.73,1.93
2012.09.05 05:21:12.654,0.78384,0.78391,1.73,1.18
2012.09.05 05:21:13.205,0.78383,0.7839,1.73,1.18
2012.09.05 05:21:13.744,0.78383,0.78389,1.73,1.18
2012.09.05 05:21:23.204,0.78383,0.78389,1.73,1.18
2012.09.05 05:21:32.345,0.78382,0.78389,3.60,1.93
2012.09.05 05:21:32.626,0.78382,0.78388,2.85,1.50
2012.09.05 05:21:35.455,0.78382,0.78389,2.10,1.18
2012.09.05 05:21:35.965,0.78382,0.78389,2.10,1.93
2012.09.05 05:21:36.473,0.78382,0.78389,1.88,2.68
2012.09.05 05:21:37.776,0.78382,0.7839,2.85,2.15
2012.09.05 05:21:38.295,0.78382,0.7839,2.85,1.93
2012.09.05 05:21:38.564,0.78382,0.7839,2.85,1.93
2012.09.05 05:21:39.077,0.78382,0.7839,2.85,2.68
2012.09.05 05:21:43.425,0.78382,0.7839,5.10,1.93
2012.09.05 05:21:43.935,0.78384,0.78391,1.73,1.18
2012.09.05 05:21:53.325,0.78384,0.78391,1.73,1.93
2012.09.05 05:21:54.447,0.78384,0.78391,3.23,2.68
2012.09.05 05:21:56.055,0.78385,0.78393,2.85,2.25
2012.09.05 05:21:56.196,0.78388,0.78393,1.35,1.18
2012.09.05 05:21:56.267,0.78388,0.78396,1.35,1.44
2012.09.05 05:21:56.686,0.78389,0.78396,1.88,1.18
2012.09.05 05:21:56.968,0.78391,0.78398,2.85,1.18
2012.09.05 05:21:57.323,0.78392,0.784,1.73,3.43
2012.09.05 05:21:58.648,0.78392,0.784,1.73,1.93
2012.09.05 05:22:05.777,0.78392,0.784,1.73,3.05
2012.09.05 05:22:05.919,0.78392,0.78399,1.73,1.93
2012.09.05 05:22:06.268,0.78391,0.78396,1.13,1.50
2012.09.05 05:22:08.175,0.7839,0.78397,1.35,2.25
2012.09.05 05:22:10.483,0.7839,0.78398,1.35,3.80
2012.09.05 05:22:11.267,0.78391,0.78397,1.73,1.50
2012.09.05 05:22:15.960,0.78389,0.78397,2.85,1.93
2012.09.05 05:22:26.778,0.7839,0.78397,1.73,3.05
2012.09.05 05:22:27.294,0.7839,0.78397,2.48,2.30
2012.09.05 05:22:36.468,0.7839,0.78395,2.25,1.88
2012.09.05 05:22:36.620,0.78388,0.78395,2.10,2.30
2012.09.05 05:22:37.166,0.78389,0.78396,3.60,1.18
2012.09.05 05:22:43.141,0.78389,0.78396,2.85,1.93
2012.09.05 05:22:43.649,0.78389,0.78396,2.85,1.93
2012.09.05 05:22:43.730,0.78389,0.78394,1.88,1.18
2012.09.05 05:22:43.878,0.78387,0.78393,2.48,2.63
2012.09.05 05:22:53.013,0.78385,0.78392,3.23,2.53
2012.09.05 05:23:00.218,0.78387,0.78394,2.63,2.15
2012.09.05 05:23:00.647,0.78387,0.78395,3.60,1.13
2012.09.05 05:23:01.196,0.78388,0.78395,1.73,1.13
2012.09.05 05:23:02.216,0.78389,0.78397,2.10,2.30
2012.09.05 05:23:02.745,0.78389,0.78397,2.10,2.53
2012.09.05 05:23:06.686,0.7839,0.78397,1.73,2.30
2012.09.05 05:23:07.244,0.7839,0.78397,1.73,2.30
2012.09.05 05:23:14.448,0.78389,0.78397,2.63,2.30
2012.09.05 05:23:14.636,0.78387,0.78393,1.73,1.88
2012.09.05 05:23:14.847,0.78386,0.78392,1.13,1.93
2012.09.05 05:23:14.914,0.78385,0.78392,2.10,1.93
2012.09.05 05:23:15.186,0.78384,0.78391,2.63,1.50
2012.09.05 05:23:15.607,0.78382,0.78389,2.48,1.18
2012.09.05 05:23:48.575,0.78384,0.78391,1.73,1.18
2012.09.05 05:23:49.148,0.78384,0.78391,2.48,1.18
2012.09.05 05:23:58.994,0.78384,0.78391,1.50,2.68
2012.09.05 05:23:59.136,0.78384,0.78389,1.73,1.18
2012.09.05 05:23:59.597,0.78382,0.78389,1.73,4.03
2012.09.05 05:24:08.190,0.78382,0.78387,1.88,1.93
2012.09.05 05:24:08.527,0.78379,0.78386,2.25,2.25
2012.09.05 05:24:16.184,0.78382,0.78386,1.88,1.50
2012.09.05 05:24:16.876,0.78379,0.78386,1.50,1.18
2012.09.05 05:24:17.407,0.78379,0.78385,1.73,2.15
2012.09.05 05:24:18.066,0.78378,0.78385,2.85,2.90
2012.09.05 05:24:18.637,0.78377,0.78383,1.50,1.50
2012.09.05 05:24:18.707,0.78375,0.78382,2.10,2.15
2012.09.05 05:24:19.111,0.78374,0.78381,2.10,1.40
2012.09.05 05:24:19.377,0.78374,0.7838,1.50,1.93
2012.09.05 05:24:20.378,0.78373,0.7838,2.85,1.18
2012.09.05 05:24:20.728,0.78374,0.78382,4.35,1.73
2012.09.05 05:24:20.938,0.78376,0.78383,2.10,1.40
2012.09.05 05:24:21.209,0.78379,0.78385,2.10,3.15
2012.09.05 05:24:21.567,0.7838,0.78388,3.00,5.15
2012.09.05 05:24:21.641,0.78378,0.78385,3.60,1.78
2012.09.05 05:24:21.926,0.78381,0.78386,1.35,2.30
2012.09.05 05:24:22.469,0.78379,0.78385,1.88,1.18
2012.09.05 05:24:22.550,0.78379,0.78384,1.35,1.18
2012.09.05 05:24:23.107,0.7838,0.78386,1.35,1.40
2012.09.05 05:24:23.867,0.7838,0.78386,1.35,1.18
2012.09.05 05:24:25.597,0.7838,0.78386,1.13,1.93
2012.09.05 05:24:26.204,0.7838,0.78386,1.35,1.18
2012.09.05 05:24:37.577,0.78381,0.78387,2.10,2.15
2012.09.05 05:24:39.907,0.78383,0.78387,1.13,1.18
2012.09.05 05:24:45.948,0.78383,0.78389,1.88,1.18
2012.09.05 05:24:47.248,0.78382,0.7839,1.73,1.88
2012.09.05 05:24:50.437,0.78382,0.78389,1.73,1.18
2012.09.05 05:25:02.514,0.78382,0.78388,1.88,1.18
2012.09.05 05:25:04.513,0.78382,0.78388,2.10,1.18
2012.09.05 05:25:23.965,0.78382,0.78391,3.60,2.25
2012.09.05 05:25:24.039,0.78387,0.78392,1.13,1.18
2012.09.05 05:25:24.585,0.78385,0.78392,3.23,1.40
2012.09.05 05:25:24.718,0.78387,0.78394,1.50,2.10
2012.09.05 05:25:24.855,0.78387,0.78392,1.50,1.18
2012.09.05 05:25:29.128,0.78384,0.78391,2.48,1.18
2012.09.05 05:25:29.266,0.78383,0.78391,3.98,1.40
2012.09.05 05:25:29.797,0.78383,0.78389,2.48,2.15
2012.09.05 05:25:30.139,0.78382,0.78389,1.88,2.90
2012.09.05 05:25:30.686,0.78382,0.78389,2.63,2.15
2012.09.05 05:25:32.695,0.78384,0.78389,1.13,2.15
2012.09.05 05:25:33.645,0.78381,0.78388,3.60,1.18
2012.09.05 05:25:48.876,0.78381,0.78388,2.85,1.93
2012.09.05 05:25:49.018,0.78381,0.78387,2.85,1.93
2012.09.05 05:25:49.156,0.78383,0.78387,1.13,1.18
2012.09.05 05:25:49.506,0.78379,0.78387,2.25,4.40
2012.09.05 05:26:09.485,0.78378,0.78385,4.35,1.50
2012.09.05 05:26:12.054,0.78383,0.78389,1.88,2.85
2012.09.05 05:26:12.124,0.78383,0.78389,2.63,3.23
2012.09.05 05:26:12.675,0.78383,0.78388,3.38,1.18
2012.09.05 05:26:14.004,0.78383,0.78388,1.13,1.18
2012.09.05 05:26:14.075,0.78383,0.78387,1.13,2.48
2012.09.05 05:26:14.996,0.7838,0.78387,1.73,2.90
2012.09.05 05:26:15.625,0.7838,0.78387,2.48,2.90
2012.09.05 05:26:17.336,0.7838,0.78386,1.73,1.50
2012.09.05 05:26:17.523,0.78383,0.78387,1.13,2.15
2012.09.05 05:26:17.655,0.7838,0.78387,1.73,2.90
2012.09.05 05:26:19.593,0.7838,0.78387,1.73,2.90
2012.09.05 05:26:23.187,0.78383,0.78388,1.88,2.90
2012.09.05 05:26:25.286,0.78378,0.78387,1.50,5.00
2012.09.05 05:26:25.359,0.78377,0.78382,4.50,1.13
2012.09.05 05:26:25.508,0.78376,0.78382,2.63,2.10
2012.09.05 05:26:25.718,0.78376,0.7838,1.88,1.18
2012.09.05 05:26:25.989,0.78374,0.78381,1.43,2.10
2012.09.05 05:26:26.058,0.78374,0.78381,2.10,2.63
2012.09.05 05:26:26.466,0.78377,0.78383,1.88,3.28
2012.09.05 05:26:26.676,0.78379,0.78383,1.13,1.18
2012.09.05 05:26:27.884,0.78377,0.78383,2.85,1.88
2012.09.05 05:26:27.963,0.78376,0.7838,1.13,1.40
2012.09.05 05:26:28.259,0.78374,0.7838,1.35,2.15
2012.09.05 05:26:28.775,0.78374,0.7838,1.13,2.90
2012.09.05 05:26:48.235,0.78374,0.78379,1.13,1.40
2012.09.05 05:26:52.889,0.7837,0.78378,3.60,1.50
2012.09.05 05:27:00.337,0.78371,0.78377,1.73,1.18
2012.09.05 05:27:00.409,0.78373,0.78377,1.13,3.43
2012.09.05 05:27:00.860,0.7837,0.78377,3.60,1.73
2012.09.05 05:27:18.364,0.78375,0.78379,1.13,1.73
2012.09.05 05:27:21.636,0.78373,0.7838,1.35,1.40
2012.09.05 05:27:22.026,0.78371,0.78379,1.50,5.15
2012.09.05 05:27:23.351,0.78372,0.78378,1.88,1.40
2012.09.05 05:27:23.915,0.78372,0.78376,1.13,1.50
2012.09.05 05:27:29.516,0.78375,0.78379,1.13,1.93
2012.09.05 05:27:29.729,0.78371,0.78377,1.88,2.25
2012.09.05 05:27:43.047,0.78371,0.78378,1.88,3.23
2012.09.05 05:27:49.024,0.7837,0.78374,1.73,1.13
2012.09.05 05:27:49.584,0.78369,0.78374,2.85,1.13
2012.09.05 05:27:50.227,0.78369,0.78374,2.85,1.13
2012.09.05 05:27:53.094,0.78369,0.78377,5.10,2.68
2012.09.05 05:27:53.557,0.78372,0.78379,3.00,1.55
2012.09.05 05:27:55.045,0.78372,0.78379,2.48,1.40
2012.09.05 05:28:01.126,0.7837,0.78376,3.60,1.88
2012.09.05 05:28:03.686,0.7837,0.78375,1.50,1.13
2012.09.05 05:28:03.967,0.78369,0.78375,1.73,1.88
2012.09.05 05:28:09.797,0.78368,0.78375,1.73,2.85
2012.09.05 05:28:09.985,0.78365,0.78374,5.48,2.63
2012.09.05 05:28:10.119,0.78365,0.78371,3.60,1.13
2012.09.05 05:28:10.656,0.78365,0.78374,2.85,2.68
2012.09.05 05:28:23.453,0.78367,0.78374,1.73,2.68
2012.09.05 05:28:25.464,0.78367,0.78374,1.73,2.68
2012.09.05 05:28:30.747,0.78368,0.78375,1.50,1.40
2012.09.05 05:28:48.412,0.78368,0.78376,2.48,1.73
2012.09.05 05:28:48.915,0.78368,0.78376,2.48,2.15
2012.09.05 05:29:09.896,0.78369,0.78376,1.50,2.15
2012.09.05 05:29:14.555,0.7837,0.78377,1.13,2.90
2012.09.05 05:29:23.184,0.7837,0.78377,2.48,1.40
2012.09.05 05:29:35.195,0.78371,0.78379,3.60,1.18
2012.09.05 05:29:35.707,0.78371,0.78378,1.73,1.40
2012.09.05 05:29:42.238,0.78371,0.78379,5.85,2.53
2012.09.05 05:29:42.758,0.78372,0.78379,2.48,1.35
2012.09.05 05:29:54.121,0.78372,0.78379,1.35,1.78
2012.09.05 05:30:03.525,0.78372,0.78379,1.73,1.55
2012.09.05 05:30:04.034,0.78371,0.78379,5.48,1.55
2012.09.05 05:30:07.355,0.78371,0.78379,5.48,1.55
2012.09.05 05:30:46.074,0.78371,0.7838,3.23,3.38
2012.09.05 05:30:50.654,0.78371,0.7838,5.48,3.05
2012.09.05 05:30:51.196,0.78371,0.78379,6.60,1.13
2012.09.05 05:31:19.314,0.78371,0.78379,3.98,1.55
2012.09.05 05:31:26.204,0.78373,0.7838,1.73,2.30
2012.09.05 05:31:31.964,0.78373,0.7838,1.73,1.13
2012.09.05 05:31:34.607,0.78374,0.78381,1.35,1.40
2012.09.05 05:31:40.414,0.78374,0.78382,3.60,1.88
2012.09.05 05:31:40.756,0.78375,0.78383,1.73,1.18
2012.09.05 05:31:41.489,0.78376,0.78383,2.48,1.18
2012.09.05 05:32:36.506,0.78378,0.78385,1.88,1.40
2012.09.05 05:32:48.806,0.78378,0.78386,1.35,2.63
2012.09.05 05:32:55.264,0.78378,0.78386,2.85,1.88
2012.09.05 05:33:15.564,0.78378,0.78385,3.23,1.88
2012.09.05 05:33:34.964,0.78378,0.78382,1.50,1.13
2012.09.05 05:33:39.126,0.78379,0.78385,1.35,1.88
2012.09.05 05:33:45.325,0.78379,0.78385,1.35,1.13
2012.09.05 05:34:07.438,0.78379,0.78385,2.10,1.13
2012.09.05 05:34:17.774,0.7838,0.78386,1.35,1.88
2012.09.05 05:34:24.017,0.78381,0.78388,2.85,2.68
2012.09.05 05:34:24.207,0.78381,0.78388,2.85,1.18
2012.09.05 05:34:32.565,0.78382,0.78389,1.73,3.80
2012.09.05 05:34:33.123,0.78382,0.78388,1.73,1.50
2012.09.05 05:34:36.591,0.78382,0.78389,1.73,5.30
2012.09.05 05:34:37.291,0.78381,0.78389,2.85,4.55
2012.09.05 05:34:52.158,0.7838,0.78386,1.13,1.50
2012.09.05 05:35:12.204,0.78379,0.78387,3.98,1.50
2012.09.05 05:35:24.587,0.78379,0.78386,1.50,3.00
2012.09.05 05:35:33.519,0.78377,0.78384,2.10,1.18
2012.09.05 05:35:33.779,0.78377,0.78385,2.85,2.30
2012.09.05 05:35:34.316,0.78377,0.78385,2.85,1.88
2012.09.05 05:35:40.425,0.78377,0.78385,3.60,1.88
2012.09.05 05:35:45.334,0.78377,0.78384,1.73,1.18
2012.09.05 05:35:45.855,0.78377,0.78385,1.73,1.50
2012.09.05 05:35:46.410,0.78376,0.78384,2.63,3.43
2012.09.05 05:35:46.610,0.78376,0.78384,2.85,3.43
2012.09.05 05:35:50.707,0.78376,0.78385,4.35,1.93
2012.09.05 05:35:52.250,0.78376,0.78383,2.85,1.50
2012.09.05 05:36:02.720,0.78377,0.78385,1.73,4.18
2012.09.05 05:36:02.799,0.78377,0.78386,3.60,4.55
2012.09.05 05:36:02.996,0.78379,0.78386,2.10,1.93
2012.09.05 05:36:08.987,0.78378,0.78385,1.73,2.63
2012.09.05 05:36:09.378,0.78377,0.78385,1.88,6.05
2012.09.05 05:36:10.038,0.78377,0.78382,2.10,1.50
2012.09.05 05:36:11.203,0.78378,0.78384,1.35,2.25
2012.09.05 05:36:11.480,0.78377,0.78386,2.85,2.25
2012.09.05 05:36:11.616,0.78377,0.78385,3.60,2.63
2012.09.05 05:36:14.439,0.78379,0.78386,2.10,1.93
2012.09.05 05:36:14.579,0.78379,0.78386,2.85,1.93
2012.09.05 05:36:15.639,0.78379,0.78385,1.88,2.10
2012.09.05 05:36:15.777,0.78377,0.78382,1.35,1.50
2012.09.05 05:36:15.987,0.78375,0.78384,4.73,1.18
2012.09.05 05:36:16.116,0.78377,0.78385,2.10,4.55
2012.09.05 05:36:18.859,0.78378,0.78386,1.73,2.68
2012.09.05 05:36:19.406,0.78378,0.78386,2.48,1.18
2012.09.05 05:36:30.215,0.7838,0.78387,1.73,3.43
2012.09.05 05:36:32.196,0.78378,0.78387,3.98,4.18
2012.09.05 05:36:34.476,0.7838,0.78387,1.73,4.18
2012.09.05 05:36:40.785,0.7838,0.78386,1.13,3.00
2012.09.05 05:36:41.000,0.78378,0.78385,1.73,2.63
2012.09.05 05:36:41.547,0.78377,0.78384,1.35,2.68
2012.09.05 05:36:48.246,0.78377,0.78383,1.35,1.50
2012.09.05 05:36:48.377,0.78375,0.78382,1.73,2.63
2012.09.05 05:36:48.890,0.78375,0.78382,1.73,1.88
2012.09.05 05:36:49.478,0.78375,0.78382,1.73,1.88
2012.09.05 05:36:50.126,0.78375,0.78382,1.73,1.13
2012.09.05 05:36:53.797,0.78376,0.78383,2.10,1.93
2012.09.05 05:36:54.487,0.78376,0.78383,2.10,1.18
2012.09.05 05:36:59.075,0.78376,0.78383,2.10,1.93
2012.09.05 05:36:59.719,0.78376,0.78383,2.10,1.18
2012.09.05 05:36:59.849,0.78376,0.78383,2.10,1.18
2012.09.05 05:37:00.178,0.78378,0.78385,1.88,4.40
2012.09.05 05:37:00.517,0.78378,0.78386,2.25,4.55
2012.09.05 05:37:00.789,0.78376,0.78383,2.48,1.18
2012.09.05 05:37:02.380,0.78377,0.78384,1.73,3.38
2012.09.05 05:37:02.458,0.78379,0.78386,2.10,2.25
2012.09.05 05:37:08.764,0.78376,0.78381,6.23,1.13
2012.09.05 05:37:08.837,0.78377,0.78381,1.50,1.13
2012.09.05 05:37:08.967,0.78375,0.78381,1.50,1.88
2012.09.05 05:37:10.497,0.78375,0.7838,3.98,1.50
2012.09.05 05:37:10.567,0.78378,0.78382,1.13,2.25
2012.09.05 05:37:10.640,0.78376,0.78382,1.35,2.63
2012.09.05 05:37:10.724,0.78374,0.78381,1.50,1.18
2012.09.05 05:37:11.060,0.78372,0.7838,3.75,2.25
2012.09.05 05:37:13.649,0.78372,0.7838,2.25,2.68
2012.09.05 05:37:13.860,0.78374,0.78381,2.10,1.18
2012.09.05 05:37:13.939,0.78374,0.78381,2.10,1.40
2012.09.05 05:37:14.747,0.78373,0.7838,2.10,1.18
2012.09.05 05:37:14.882,0.78377,0.78383,2.63,1.18
2012.09.05 05:37:15.029,0.78375,0.78382,1.73,3.80
2012.09.05 05:37:16.988,0.78378,0.78383,1.13,1.50
2012.09.05 05:37:17.194,0.78379,0.78385,1.35,1.93
2012.09.05 05:37:21.235,0.78378,0.78385,1.73,1.40
2012.09.05 05:37:21.381,0.78376,0.78382,1.50,1.13
2012.09.05 05:37:21.460,0.78376,0.78382,1.73,3.60
2012.09.05 05:37:23.267,0.78376,0.78382,2.48,2.10
2012.09.05 05:37:23.548,0.78378,0.78386,2.85,3.05
2012.09.05 05:37:24.066,0.78378,0.78386,2.10,2.30
2012.09.05 05:37:24.506,0.78377,0.78383,3.45,1.88
2012.09.05 05:37:24.788,0.78376,0.78383,2.10,1.88
2012.09.05 05:37:25.069,0.78375,0.78383,2.63,2.63
2012.09.05 05:37:25.138,0.78375,0.78382,2.10,1.40
2012.09.05 05:37:25.676,0.78373,0.7838,3.23,1.18
2012.09.05 05:37:34.207,0.78374,0.78381,2.48,2.30
2012.09.05 05:37:37.847,0.78375,0.78382,2.10,1.93
2012.09.05 05:37:38.377,0.78377,0.78383,3.23,1.18
2012.09.05 05:37:38.448,0.78378,0.78385,3.98,1.18
2012.09.05 05:37:38.638,0.78379,0.78386,3.23,1.13
2012.09.05 05:37:39.378,0.78378,0.78385,2.85,1.93
2012.09.05 05:37:48.146,0.78378,0.78385,1.13,3.43
2012.09.05 05:37:48.535,0.78376,0.78383,2.85,1.18
2012.09.05 05:37:49.817,0.78376,0.78381,1.88,1.18
2012.09.05 05:37:49.958,0.78375,0.78381,1.35,1.18
2012.09.05 05:37:50.806,0.78375,0.78383,1.35,3.38
2012.09.05 05:37:55.676,0.78375,0.78381,1.35,1.18
2012.09.05 05:38:02.646,0.78376,0.78383,1.35,2.53
2012.09.05 05:38:04.287,0.78377,0.78384,2.85,1.93
2012.09.05 05:38:04.718,0.78377,0.78386,4.73,4.55
2012.09.05 05:38:13.775,0.78378,0.78386,1.35,3.43
2012.09.05 05:38:14.357,0.78377,0.78385,2.48,1.55
2012.09.05 05:38:14.609,0.78376,0.78383,3.60,1.18
2012.09.05 05:38:18.327,0.78376,0.78383,2.10,3.05
2012.09.05 05:38:18.612,0.78376,0.78382,1.35,1.18
2012.09.05 05:38:19.018,0.78376,0.78385,2.85,6.00
2012.09.05 05:38:19.817,0.78377,0.78384,1.73,1.18
2012.09.05 05:38:21.817,0.78378,0.78386,2.10,4.03
2012.09.05 05:38:21.887,0.78379,0.78386,1.35,2.30
2012.09.05 05:38:28.719,0.78379,0.78385,2.25,1.13
2012.09.05 05:38:38.318,0.78379,0.78386,2.48,1.93
2012.09.05 05:38:48.496,0.78379,0.78385,3.00,1.13
2012.09.05 05:38:48.627,0.78379,0.78385,2.85,1.13
2012.09.05 05:38:50.609,0.78379,0.78385,1.88,1.78
2012.09.05 05:38:50.679,0.78377,0.78384,1.13,2.48
2012.09.05 05:38:50.889,0.78375,0.78382,1.73,3.05
2012.09.05 05:38:57.155,0.78376,0.78382,1.73,3.38
2012.09.05 05:38:57.475,0.78379,0.78384,1.88,2.90
2012.09.05 05:38:57.565,0.78379,0.78386,2.85,1.50
2012.09.05 05:38:58.088,0.78379,0.78385,1.73,1.13
2012.09.05 05:39:01.257,0.78378,0.78382,1.50,1.13
2012.09.05 05:39:01.386,0.78377,0.78384,2.85,1.40
2012.09.05 05:39:01.598,0.78377,0.78385,2.85,2.63
2012.09.05 05:39:01.809,0.78377,0.78385,2.10,3.05
2012.09.05 05:39:02.207,0.78377,0.78385,2.10,3.05
2012.09.05 05:39:05.398,0.78378,0.78385,1.35,1.88
2012.09.05 05:39:05.725,0.7838,0.78387,1.73,3.05
2012.09.05 05:39:28.396,0.7838,0.78387,2.48,2.30
2012.09.05 05:39:32.355,0.7838,0.78386,3.60,1.13
2012.09.05 05:39:42.135,0.7838,0.78386,2.63,1.88
2012.09.05 05:40:06.621,0.78378,0.78384,2.85,1.13
2012.09.05 05:40:06.700,0.78378,0.78384,2.10,1.13
2012.09.05 05:40:08.641,0.78377,0.78383,2.25,1.13
2012.09.05 05:40:09.094,0.78376,0.78383,2.10,2.63
2012.09.05 05:40:09.380,0.78377,0.78383,1.73,1.13
2012.09.05 05:40:09.904,0.78377,0.78384,1.73,3.05
2012.09.05 05:40:16.838,0.78379,0.78385,2.10,1.55
2012.09.05 05:40:16.977,0.78379,0.78386,3.60,1.18
2012.09.05 05:40:23.106,0.78379,0.78387,3.60,2.63
2012.09.05 05:40:29.091,0.78381,0.78387,1.35,1.88
2012.09.05 05:40:33.099,0.78379,0.78387,2.48,4.88
2012.09.05 05:40:33.237,0.78379,0.78385,2.10,2.63
2012.09.05 05:40:33.889,0.78377,0.78383,1.35,2.63
2012.09.05 05:40:34.100,0.78375,0.78381,1.50,1.50
2012.09.05 05:40:37.245,0.78376,0.78383,2.48,2.63
2012.09.05 05:40:39.146,0.78376,0.78383,1.50,4.88
2012.09.05 05:40:46.053,0.78374,0.78381,2.25,3.75
2012.09.05 05:40:49.846,0.78376,0.78382,1.13,2.63
2012.09.05 05:40:52.291,0.78377,0.78384,2.85,3.75
2012.09.05 05:40:52.858,0.78375,0.78383,2.10,1.88
2012.09.05 05:40:59.591,0.78377,0.78384,2.85,2.48
2012.09.05 05:40:59.741,0.78378,0.78385,2.10,3.75
2012.09.05 05:41:00.963,0.78377,0.78385,2.10,5.53
2012.09.05 05:41:01.600,0.78377,0.78383,2.10,1.88
2012.09.05 05:41:03.207,0.78377,0.78385,2.85,3.43
2012.09.05 05:41:04.818,0.78379,0.78385,1.88,1.88
2012.09.05 05:41:07.989,0.78379,0.78384,1.13,1.50
2012.09.05 05:41:08.256,0.78378,0.78384,1.35,3.05
2012.09.05 05:41:16.338,0.78379,0.78385,2.10,2.53
2012.09.05 05:41:16.407,0.78379,0.78387,2.10,1.50
2012.09.05 05:41:26.107,0.78381,0.78388,1.35,2.25
2012.09.05 05:41:26.446,0.78382,0.78389,1.50,3.05
2012.09.05 05:41:26.787,0.78382,0.78389,2.48,3.05
2012.09.05 05:41:41.556,0.78381,0.78387,1.13,2.68
2012.09.05 05:41:41.632,0.78378,0.78386,2.63,4.13
2012.09.05 05:41:42.177,0.78378,0.78386,3.60,3.38
2012.09.05 05:41:43.497,0.78378,0.78386,2.63,4.13
2012.09.05 05:42:03.460,0.78379,0.78386,1.73,4.78
2012.09.05 05:42:04.236,0.78379,0.78386,1.73,4.03
2012.09.05 05:42:10.707,0.7838,0.78386,2.10,2.10
2012.09.05 05:42:25.228,0.78381,0.78387,1.13,2.85
2012.09.05 05:42:30.117,0.78382,0.78387,1.88,1.50
2012.09.05 05:42:30.628,0.78382,0.78388,2.63,1.88
2012.09.05 05:42:33.628,0.7838,0.78388,2.85,4.88
2012.09.05 05:42:42.705,0.78382,0.78388,1.13,4.78
2012.09.05 05:42:42.776,0.78382,0.78388,1.13,2.53
2012.09.05 05:42:55.766,0.78382,0.78388,4.35,1.13
2012.09.05 05:42:59.930,0.78385,0.78391,4.50,1.73
2012.09.05 05:43:00.152,0.78389,0.78395,1.50,1.73
2012.09.05 05:43:00.657,0.7839,0.78396,1.88,1.88
2012.09.05 05:43:02.256,0.78389,0.78395,2.85,1.13
2012.09.05 05:43:02.399,0.78388,0.78395,1.73,3.38
2012.09.05 05:43:02.819,0.78385,0.78389,1.50,1.13
2012.09.05 05:43:02.959,0.78384,0.78389,2.48,1.88
2012.09.05 05:43:05.107,0.78385,0.78391,1.13,3.38
2012.09.05 05:43:06.127,0.78384,0.78389,2.48,1.88
2012.09.05 05:43:06.668,0.78383,0.78389,2.10,2.85
2012.09.05 05:43:12.681,0.78382,0.78388,1.13,2.63
2012.09.05 05:43:12.761,0.7838,0.78388,2.10,4.13
2012.09.05 05:43:16.405,0.7838,0.78387,2.10,1.73
2012.09.05 05:43:17.479,0.7838,0.78388,2.10,4.35
2012.09.05 05:43:18.079,0.78382,0.78388,2.10,2.85
2012.09.05 05:43:18.608,0.78383,0.78389,1.35,3.65
2012.09.05 05:43:21.576,0.78383,0.7839,2.85,1.40
2012.09.05 05:43:36.778,0.78382,0.78389,1.50,2.10
2012.09.05 05:43:39.850,0.7838,0.78388,2.85,3.28
2012.09.05 05:43:40.199,0.78379,0.78386,1.35,1.73
2012.09.05 05:43:40.738,0.78379,0.78386,1.88,1.73
2012.09.05 05:43:42.286,0.7838,0.78387,1.50,2.85
2012.09.05 05:43:43.378,0.78377,0.78385,4.43,2.10
2012.09.05 05:43:46.021,0.7838,0.78386,1.88,2.85
2012.09.05 05:44:02.375,0.7838,0.78386,1.13,2.10
2012.09.05 05:44:06.678,0.78379,0.78387,2.63,5.85
2012.09.05 05:44:12.307,0.78379,0.78387,2.85,5.10
2012.09.05 05:44:12.449,0.78381,0.78386,1.73,1.13
2012.09.05 05:44:12.800,0.78382,0.78387,2.48,1.13
2012.09.05 05:44:12.999,0.78381,0.78387,2.63,1.35
2012.09.05 05:44:17.306,0.78381,0.78387,1.13,2.85
2012.09.05 05:44:17.807,0.78379,0.78386,1.50,2.10
2012.09.05 05:44:22.387,0.7838,0.78387,2.63,1.73
2012.09.05 05:44:23.576,0.7838,0.78388,1.88,7.78
2012.09.05 05:44:26.309,0.78379,0.78385,1.88,2.10
2012.09.05 05:44:26.827,0.78379,0.78385,2.10,2.10
2012.09.05 05:44:31.896,0.78379,0.78385,1.88,2.10
2012.09.05 05:44:35.288,0.7838,0.78387,1.50,4.55
2012.09.05 05:44:35.424,0.7838,0.78387,1.73,4.78
2012.09.05 05:44:40.118,0.78379,0.78385,2.48,1.13
2012.09.05 05:44:40.188,0.78378,0.78385,2.48,1.13
2012.09.05 05:44:40.729,0.78379,0.78385,1.88,1.13
2012.09.05 05:45:01.875,0.78378,0.78386,3.60,2.85
2012.09.05 05:45:03.172,0.78378,0.78385,2.25,2.10
2012.09.05 05:45:03.658,0.78377,0.78384,1.50,2.53
2012.09.05 05:45:06.770,0.78377,0.78384,1.50,2.10
2012.09.05 05:45:07.139,0.78378,0.78385,1.73,3.65
2012.09.05 05:45:23.997,0.78379,0.78385,1.88,2.53
2012.09.05 05:45:39.056,0.78379,0.78385,2.10,1.55
2012.09.05 05:46:02.207,0.78378,0.78383,2.85,1.18
2012.09.05 05:46:02.682,0.78381,0.78386,1.13,3.24
2012.09.05 05:46:02.761,0.78381,0.78386,1.35,2.53
2012.09.05 05:46:03.321,0.78378,0.78385,3.60,1.40
2012.09.05 05:46:08.919,0.78378,0.78384,2.85,1.35
2012.09.05 05:46:09.541,0.78378,0.78384,2.10,2.10
2012.09.05 05:46:10.068,0.78378,0.78384,2.85,1.13
2012.09.05 05:46:12.268,0.78378,0.78384,2.10,1.88
2012.09.05 05:46:34.353,0.78376,0.78382,4.73,1.13
2012.09.05 05:46:34.876,0.78378,0.78384,1.35,2.10
2012.09.05 05:46:48.529,0.78376,0.78383,1.73,2.10
2012.09.05 05:46:49.036,0.78376,0.78383,1.73,2.10
2012.09.05 05:47:09.919,0.78378,0.78384,2.10,2.10
2012.09.05 05:47:10.270,0.7838,0.78386,2.10,2.15
2012.09.05 05:47:10.809,0.7838,0.78386,1.13,2.85
2012.09.05 05:47:11.317,0.78378,0.78385,1.73,1.88
2012.09.05 05:47:19.757,0.78379,0.78385,2.10,1.55
2012.09.05 05:47:20.260,0.78381,0.78387,2.10,2.10
2012.09.05 05:47:39.735,0.78381,0.78387,2.85,2.10
2012.09.05 05:48:40.037,0.78381,0.78387,1.35,1.35
2012.09.05 05:49:05.216,0.78383,0.78389,1.13,2.48
2012.09.05 05:49:05.291,0.78383,0.78389,2.85,1.50
2012.09.05 05:49:05.502,0.7838,0.78388,4.13,1.88
2012.09.05 05:49:05.637,0.78381,0.78388,1.50,2.53
2012.09.05 05:49:38.757,0.78382,0.78388,1.13,2.53
2012.09.05 05:49:40.839,0.78381,0.78387,2.10,2.63
2012.09.05 05:49:40.910,0.78379,0.78387,3.98,5.10
2012.09.05 05:49:41.807,0.78381,0.78387,1.88,2.85
2012.09.05 05:49:44.210,0.78379,0.78386,2.85,3.65
2012.09.05 05:50:01.620,0.78375,0.78382,3.98,1.50
2012.09.05 05:50:01.759,0.78376,0.78382,1.43,1.88
2012.09.05 05:50:01.899,0.78375,0.78382,2.48,2.10
2012.09.05 05:50:03.108,0.78378,0.78382,1.13,1.18
2012.09.05 05:50:03.309,0.78378,0.78384,1.88,1.35
2012.09.05 05:50:24.398,0.78377,0.78383,2.10,1.13
2012.09.05 05:50:24.945,0.78377,0.78383,2.10,1.35
2012.09.05 05:50:30.279,0.78377,0.78383,1.35,2.10
2012.09.05 05:50:30.978,0.78378,0.78384,1.13,2.85
2012.09.05 05:50:31.589,0.78378,0.78384,1.88,2.85
2012.09.05 05:50:45.667,0.78378,0.78384,2.63,1.35
2012.09.05 05:50:47.207,0.78378,0.78383,1.50,1.13
2012.09.05 05:50:47.279,0.78375,0.78383,5.85,2.10
2012.09.05 05:50:47.349,0.78375,0.78383,3.60,3.60
2012.09.05 05:51:02.968,0.78375,0.78382,2.10,1.40
2012.09.05 05:51:04.877,0.78374,0.78382,3.60,3.28
2012.09.05 05:51:05.127,0.78374,0.7838,2.10,1.18
2012.09.05 05:51:05.438,0.78374,0.78381,2.85,1.40
2012.09.05 05:51:06.268,0.78374,0.78382,2.85,4.03
2012.09.05 05:51:13.237,0.78374,0.78381,1.73,2.53
2012.09.05 05:51:13.785,0.78374,0.78381,1.73,2.10
2012.09.05 05:51:22.670,0.78375,0.78382,3.00,1.78
2012.09.05 05:51:22.979,0.78378,0.78384,1.73,1.35
2012.09.05 05:51:23.541,0.78378,0.78384,1.73,1.78
2012.09.05 05:51:51.658,0.78378,0.78385,1.73,1.78
2012.09.05 05:51:54.562,0.78378,0.78385,2.48,1.78
2012.09.05 05:51:55.068,0.78379,0.78386,3.38,1.40
2012.09.05 05:51:55.397,0.7838,0.78387,1.73,2.10
2012.09.05 05:52:02.364,0.78382,0.78388,1.88,1.13
2012.09.05 05:52:03.029,0.78382,0.78388,2.85,1.13
2012.09.05 05:52:06.639,0.78382,0.78388,1.35,1.35
2012.09.05 05:52:06.921,0.78382,0.78388,1.35,2.85
2012.09.05 05:52:24.887,0.7838,0.78388,2.10,3.28
2012.09.05 05:52:42.787,0.7838,0.78386,2.10,1.35
2012.09.05 05:52:43.348,0.7838,0.78387,2.10,1.73
2012.09.05 05:52:44.168,0.7838,0.78387,2.10,1.40
2012.09.05 05:52:44.380,0.7838,0.78388,2.85,3.60
2012.09.05 05:52:45.071,0.7838,0.78386,1.88,1.50
2012.09.05 05:52:47.159,0.7838,0.78388,2.85,2.53
2012.09.05 05:52:51.558,0.78383,0.78388,1.13,1.18
2012.09.05 05:52:52.078,0.78383,0.78389,1.88,2.10
2012.09.05 05:53:05.269,0.78384,0.7839,1.13,3.28
2012.09.05 05:53:18.261,0.78384,0.7839,1.35,1.78
2012.09.05 05:53:18.799,0.78383,0.78389,2.10,2.10
2012.09.05 05:53:27.812,0.78383,0.78389,1.13,2.10
2012.09.05 05:53:31.238,0.78383,0.78389,2.10,2.10
2012.09.05 05:53:55.328,0.78384,0.7839,3.60,1.13
2012.09.05 05:53:56.071,0.78384,0.7839,3.60,1.13
2012.09.05 05:54:02.649,0.78385,0.78391,1.88,2.53
2012.09.05 05:54:02.998,0.78387,0.78393,1.88,2.10
2012.09.05 05:54:03.198,0.78387,0.78393,1.88,2.53
2012.09.05 05:54:04.608,0.78385,0.78393,2.85,2.53
2012.09.05 05:54:04.678,0.78385,0.78393,2.10,2.53
2012.09.05 05:54:05.119,0.78386,0.78393,1.73,2.30
2012.09.05 05:54:25.497,0.78386,0.78393,1.73,2.53
2012.09.05 05:54:38.780,0.78388,0.78395,1.50,2.33
2012.09.05 05:54:39.122,0.78393,0.78399,1.35,2.30
2012.09.05 05:54:39.201,0.78393,0.78399,2.10,1.55
2012.09.05 05:54:39.409,0.78393,0.78399,2.10,2.30
2012.09.05 05:54:39.549,0.78393,0.78399,2.85,2.30
2012.09.05 05:54:40.098,0.78395,0.78401,2.10,3.05
2012.09.05 05:54:40.818,0.78393,0.784,2.25,1.50
2012.09.05 05:54:43.313,0.78399,0.78405,1.35,3.23
2012.09.05 05:54:43.393,0.78396,0.78402,2.85,1.50
2012.09.05 05:54:43.542,0.78396,0.78403,2.48,3.08
2012.09.05 05:54:43.879,0.78394,0.78402,2.85,4.03
2012.09.05 05:54:44.261,0.78392,0.784,2.85,2.30
2012.09.05 05:54:44.602,0.78391,0.78396,1.65,1.35
2012.09.05 05:54:45.149,0.7839,0.78396,3.60,1.88
2012.09.05 05:54:45.670,0.78392,0.78397,1.13,1.18
2012.09.05 05:54:47.740,0.78392,0.78398,1.88,1.35
2012.09.05 05:54:48.091,0.78394,0.784,3.53,2.30
2012.09.05 05:54:48.161,0.78395,0.78401,2.85,1.88
2012.09.05 05:54:48.230,0.78395,0.784,1.88,1.93
2012.09.05 05:54:48.750,0.78392,0.78399,3.23,2.30
2012.09.05 05:54:49.099,0.78393,0.784,2.85,1.18
2012.09.05 05:54:49.661,0.78393,0.784,2.85,1.40
2012.09.05 05:55:11.780,0.78393,0.78401,2.85,2.53
2012.09.05 05:55:15.128,0.78393,0.78401,1.88,4.03
2012.09.05 05:55:17.116,0.78394,0.78399,1.73,1.50
2012.09.05 05:55:25.327,0.78394,0.78401,1.50,3.28
2012.09.05 05:55:27.847,0.78393,0.784,2.10,1.40
2012.09.05 05:55:33.850,0.78394,0.784,1.13,4.03
2012.09.05 05:55:39.338,0.78394,0.784,1.88,3.28
2012.09.05 05:55:44.468,0.78394,0.784,1.35,1.88
2012.09.05 05:55:46.900,0.78392,0.784,4.35,2.85
2012.09.05 05:55:48.750,0.78394,0.784,1.13,2.85
2012.09.05 05:55:48.822,0.78394,0.784,2.10,2.10
2012.09.05 05:55:55.348,0.78396,0.78401,1.13,2.15
2012.09.05 05:55:57.598,0.78396,0.78401,1.13,1.18
2012.09.05 05:55:58.108,0.78394,0.78401,2.85,1.40
2012.09.05 05:56:05.173,0.78398,0.78402,1.13,3.00
2012.09.05 05:56:05.461,0.78395,0.78402,1.73,2.63
2012.09.05 05:56:05.869,0.78393,0.78401,1.35,3.23
2012.09.05 05:56:07.302,0.78395,0.784,1.13,1.50
2012.09.05 05:56:07.796,0.78391,0.78399,2.48,1.73
2012.09.05 05:56:20.048,0.78395,0.78399,1.13,2.15
2012.09.05 05:56:20.190,0.78392,0.78399,2.85,1.40
2012.09.05 05:56:26.361,0.78392,0.78399,2.85,2.15
2012.09.05 05:56:26.440,0.78392,0.78398,2.10,1.50
2012.09.05 05:56:26.865,0.78389,0.78397,2.63,6.60
2012.09.05 05:56:26.942,0.78389,0.78396,2.85,1.40
2012.09.05 05:56:27.491,0.78388,0.78394,1.50,1.73
2012.09.05 05:56:30.208,0.78388,0.78395,2.25,3.28
2012.09.05 05:56:41.620,0.78387,0.78392,2.10,1.50
2012.09.05 05:56:41.831,0.78385,0.78391,1.88,2.10
2012.09.05 05:56:42.178,0.78385,0.78391,2.63,1.35
2012.09.05 05:56:42.323,0.78385,0.78391,1.88,2.53
2012.09.05 05:56:49.470,0.78385,0.78391,1.13,2.53
2012.09.05 05:56:55.510,0.78384,0.7839,1.88,1.78
2012.09.05 05:56:56.111,0.78384,0.7839,1.88,1.78
2012.09.05 05:56:56.769,0.78384,0.7839,1.88,1.78
2012.09.05 05:57:00.928,0.78384,0.7839,1.88,1.78
2012.09.05 05:57:01.458,0.78384,0.7839,1.88,1.78
2012.09.05 05:57:06.791,0.78384,0.7839,2.85,1.50
2012.09.05 05:57:07.318,0.78386,0.78392,1.88,1.03
2012.09.05 05:57:15.400,0.78384,0.78391,2.48,1.55
2012.09.05 05:57:23.157,0.78386,0.78392,2.10,1.78
2012.09.05 05:57:33.198,0.78385,0.78392,3.60,1.40
2012.09.05 05:57:33.270,0.78385,0.78392,1.35,2.15
2012.09.05 05:57:33.798,0.78385,0.78391,1.35,1.40
2012.09.05 05:57:35.562,0.78384,0.7839,1.73,1.40
2012.09.05 05:57:35.899,0.78383,0.78389,2.10,1.18
2012.09.05 05:57:38.189,0.78384,0.78389,1.88,1.18
2012.09.05 05:57:38.733,0.78384,0.78389,1.35,1.18
2012.09.05 05:57:41.168,0.78384,0.78389,2.10,1.40
2012.09.05 05:57:46.035,0.78386,0.78391,1.13,1.18
2012.09.05 05:57:46.111,0.78386,0.78391,1.13,1.18
2012.09.05 05:57:46.181,0.78387,0.78394,3.00,1.50
2012.09.05 05:57:46.743,0.78386,0.78392,1.13,2.53
2012.09.05 05:57:47.196,0.78386,0.78392,2.63,1.35
2012.09.05 05:57:47.401,0.78386,0.78392,1.13,2.53
2012.09.05 05:57:52.817,0.78386,0.78392,2.63,1.35
2012.09.05 05:57:53.247,0.78388,0.78393,1.88,2.30
2012.09.05 05:57:54.790,0.78386,0.78393,1.73,2.30
2012.09.05 05:57:58.408,0.78388,0.78393,1.13,1.18
2012.09.05 05:57:58.938,0.78389,0.78394,1.35,1.93
2012.09.05 05:57:59.347,0.78393,0.78397,2.25,1.13
2012.09.05 05:57:59.833,0.78397,0.78403,1.50,2.48
2012.09.05 05:58:00.230,0.78395,0.78401,2.25,2.30
2012.09.05 05:58:00.760,0.78394,0.78401,2.48,2.30
2012.09.05 05:58:01.270,0.78398,0.78404,1.88,3.67
2012.09.05 05:58:01.788,0.78398,0.78404,1.35,2.38
2012.09.05 05:58:02.303,0.784,0.78407,1.73,4.03
2012.09.05 05:58:02.383,0.784,0.78408,5.10,3.98
2012.09.05 05:58:02.669,0.78402,0.78409,1.50,1.78
2012.09.05 05:58:04.050,0.78401,0.78409,3.60,3.28
2012.09.05 05:58:06.327,0.78402,0.78409,1.73,2.53
2012.09.05 05:58:09.049,0.78401,0.78409,3.60,2.53
2012.09.05 05:58:09.189,0.78401,0.78409,2.10,4.03
2012.09.05 05:58:10.341,0.78402,0.78409,1.73,1.78
2012.09.05 05:58:16.557,0.78401,0.78409,4.35,2.53
2012.09.05 05:58:17.074,0.78405,0.7841,1.13,2.10
2012.09.05 05:58:17.293,0.78407,0.78413,1.13,2.53
2012.09.05 05:58:17.723,0.78407,0.78414,2.10,2.48
2012.09.05 05:58:18.540,0.78407,0.78414,2.10,1.40
2012.09.05 05:58:19.121,0.78407,0.78414,1.35,2.15
2012.09.05 05:58:22.621,0.78412,0.78418,1.50,2.10
2012.09.05 05:58:22.764,0.78413,0.78418,1.50,1.13
2012.09.05 05:58:23.318,0.78412,0.78418,2.85,1.78
2012.09.05 05:58:27.229,0.78412,0.78418,1.35,1.93
2012.09.05 05:58:27.748,0.7841,0.78418,1.73,3.23
2012.09.05 05:58:27.891,0.7841,0.78416,1.13,1.88
2012.09.05 05:58:27.963,0.7841,0.78416,1.13,2.10
2012.09.05 05:58:28.528,0.78406,0.78414,5.10,2.48
2012.09.05 05:58:30.190,0.78406,0.78414,3.00,4.35
2012.09.05 05:58:33.188,0.78406,0.78414,3.23,2.85
2012.09.05 05:58:35.479,0.78406,0.78414,2.25,4.78
2012.09.05 05:58:36.306,0.78404,0.78408,2.25,1.13
2012.09.05 05:58:36.660,0.784,0.78406,2.85,1.73
2012.09.05 05:58:36.733,0.784,0.78405,2.10,1.18
2012.09.05 05:58:36.803,0.78398,0.78405,1.50,4.40
2012.09.05 05:58:37.159,0.78394,0.78402,2.85,4.78
2012.09.05 05:58:37.699,0.78394,0.78401,2.10,2.15
2012.09.05 05:58:39.700,0.78394,0.78402,3.60,3.28
2012.09.05 05:58:41.110,0.78399,0.78404,1.13,3.75
2012.09.05 05:58:41.391,0.78402,0.78406,1.13,2.85
2012.09.05 05:58:41.939,0.78402,0.78408,1.35,4.03
2012.09.05 05:58:43.114,0.78402,0.78407,1.35,1.73
2012.09.05 05:58:45.490,0.784,0.78406,2.10,2.48
2012.09.05 05:58:45.840,0.78395,0.78403,2.10,1.93
2012.09.05 05:58:46.051,0.78398,0.78404,1.88,1.35
2012.09.05 05:58:46.530,0.784,0.78406,1.13,2.53
2012.09.05 05:58:46.871,0.78401,0.78409,2.10,3.28
2012.09.05 05:58:47.431,0.78401,0.78409,2.10,2.53
2012.09.05 05:58:47.970,0.78401,0.78408,2.10,1.40
2012.09.05 05:58:48.527,0.78403,0.78408,2.10,1.40
2012.09.05 05:58:57.426,0.78403,0.78409,3.60,1.55
2012.09.05 05:58:58.079,0.78404,0.78409,2.25,1.55
2012.09.05 05:58:59.512,0.78403,0.78409,2.10,2.53
2012.09.05 05:59:00.480,0.78403,0.78409,2.10,2.53
2012.09.05 05:59:01.940,0.78402,0.78408,2.85,1.13
2012.09.05 05:59:04.589,0.78402,0.78408,1.13,1.78
2012.09.05 05:59:11.618,0.78402,0.78409,2.63,2.15
2012.09.05 05:59:12.399,0.78404,0.78409,1.88,1.18
2012.09.05 05:59:12.473,0.78404,0.78412,2.63,7.20
2012.09.05 05:59:13.009,0.78404,0.78412,3.75,3.28
2012.09.05 05:59:13.550,0.78406,0.78412,2.63,1.88
2012.09.05 05:59:13.622,0.78406,0.78412,2.63,1.35
2012.09.05 05:59:14.544,0.78407,0.78413,2.25,1.78
2012.09.05 05:59:15.109,0.78408,0.78414,1.88,2.85
2012.09.05 05:59:15.252,0.7841,0.78416,1.13,3.80
2012.09.05 05:59:15.782,0.78408,0.78415,1.50,2.53
2012.09.05 05:59:16.193,0.78407,0.78412,1.50,1.35
2012.09.05 05:59:16.411,0.78405,0.7841,1.50,1.13
2012.09.05 05:59:16.690,0.78403,0.78411,3.00,2.30
2012.09.05 05:59:17.252,0.78402,0.78408,1.13,1.35
2012.09.05 05:59:17.837,0.78402,0.78408,1.13,1.78
2012.09.05 05:59:21.081,0.78402,0.78409,1.88,1.40
2012.09.05 05:59:24.729,0.78402,0.78408,1.13,1.35
2012.09.05 05:59:25.061,0.78403,0.78409,1.88,2.53
2012.09.05 05:59:30.749,0.78401,0.78409,4.88,2.53
2012.09.05 05:59:32.351,0.78402,0.7841,1.88,2.53
2012.09.05 05:59:32.847,0.78404,0.7841,1.50,1.55
2012.09.05 05:59:33.061,0.78409,0.78414,1.50,1.13
2012.09.05 05:59:33.202,0.78411,0.78416,2.63,3.28
2012.09.05 05:59:33.669,0.78407,0.78413,4.13,1.35
2012.09.05 05:59:34.023,0.78403,0.78409,4.50,1.35
2012.09.05 05:59:34.103,0.78403,0.7841,4.50,1.93
2012.09.05 05:59:34.180,0.78402,0.78408,1.50,1.40
2012.09.05 05:59:34.708,0.78402,0.78408,1.50,2.15
2012.09.05 05:59:35.411,0.78401,0.78408,4.13,1.40
2012.09.05 05:59:37.061,0.78402,0.78409,1.50,3.80
