2012.09.28 07:00:02.125,0.77507,0.77514,2.25,1.50
2012.09.28 07:00:04.677,0.77507,0.77512,1.50,1.50
2012.09.28 07:00:04.854,0.77507,0.77514,1.50,2.25
2012.09.28 07:00:06.439,0.77508,0.77515,1.50,3.98
2012.09.28 07:00:11.980,0.77511,0.77516,7.50,5.25
2012.09.28 07:00:12.165,0.77511,0.77516,8.25,1.13
2012.09.28 07:00:12.681,0.77511,0.77517,8.25,1.50
2012.09.28 07:00:13.243,0.77511,0.77517,8.25,1.50
2012.09.28 07:00:16.450,0.77511,0.77517,6.75,3.00
2012.09.28 07:00:16.554,0.77509,0.77515,2.25,2.25
2012.09.28 07:00:16.823,0.77508,0.77515,3.75,4.13
2012.09.28 07:00:17.939,0.77508,0.77514,3.75,1.63
2012.09.28 07:00:18.588,0.77508,0.77514,3.75,1.63
2012.09.28 07:00:19.239,0.77508,0.77514,3.75,1.63
2012.09.28 07:00:20.070,0.77508,0.77514,3.75,1.63
2012.09.28 07:00:21.517,0.77508,0.77514,3.75,1.63
2012.09.28 07:00:21.855,0.77505,0.77512,1.50,1.50
2012.09.28 07:00:22.398,0.77506,0.77513,1.50,1.50
2012.09.28 07:00:25.228,0.77508,0.77515,4.50,3.38
2012.09.28 07:00:25.952,0.77512,0.77517,1.50,1.88
2012.09.28 07:00:26.359,0.77512,0.77518,1.88,1.50
2012.09.28 07:00:31.178,0.77511,0.77517,2.25,1.50
2012.09.28 07:00:31.514,0.77513,0.77518,3.75,1.50
2012.09.28 07:00:32.069,0.77511,0.77516,1.50,2.25
2012.09.28 07:00:39.960,0.77511,0.77518,2.25,2.25
2012.09.28 07:00:43.478,0.77512,0.77518,1.50,2.25
2012.09.28 07:00:55.148,0.77511,0.77518,1.50,2.44
2012.09.28 07:00:55.711,0.77511,0.77515,3.75,1.50
2012.09.28 07:00:56.437,0.77508,0.77515,2.25,1.50
2012.09.28 07:01:05.626,0.77509,0.77515,2.25,1.50
2012.09.28 07:01:06.179,0.77511,0.77516,1.50,2.25
2012.09.28 07:01:07.613,0.77509,0.77515,1.50,1.50
2012.09.28 07:01:08.148,0.77509,0.77515,2.25,1.50
2012.09.28 07:01:13.745,0.7751,0.77516,2.25,2.25
2012.09.28 07:01:14.322,0.7751,0.77516,1.50,1.50
2012.09.28 07:01:14.881,0.77509,0.77516,2.25,1.50
2012.09.28 07:01:15.643,0.77509,0.77514,1.50,1.50
2012.09.28 07:01:16.169,0.77507,0.77513,2.25,1.50
2012.09.28 07:01:23.356,0.77507,0.77513,2.25,1.88
2012.09.28 07:01:35.662,0.77506,0.77513,1.50,2.25
2012.09.28 07:01:36.194,0.77508,0.77513,3.75,3.00
2012.09.28 07:01:36.830,0.77505,0.77513,1.50,2.25
2012.09.28 07:01:37.360,0.77506,0.77513,1.50,3.00
2012.09.28 07:01:42.630,0.77506,0.77512,1.50,1.50
2012.09.28 07:01:43.187,0.77506,0.77513,2.25,3.75
2012.09.28 07:01:48.459,0.77507,0.77513,1.50,2.25
2012.09.28 07:01:48.565,0.77511,0.77517,2.25,1.50
2012.09.28 07:02:02.456,0.7751,0.77517,1.50,1.50
2012.09.28 07:02:11.988,0.7751,0.77516,3.00,2.25
2012.09.28 07:02:12.296,0.77508,0.77515,4.50,1.50
2012.09.28 07:02:12.870,0.77509,0.77515,1.50,1.50
2012.09.28 07:02:15.475,0.77508,0.77514,1.50,1.50
2012.09.28 07:02:15.802,0.77507,0.77512,1.50,1.50
2012.09.28 07:02:16.173,0.77507,0.77513,1.50,1.50
2012.09.28 07:02:41.911,0.77506,0.77514,1.50,2.25
2012.09.28 07:02:52.146,0.77506,0.77514,2.25,2.25
2012.09.28 07:02:52.702,0.77506,0.77514,2.25,2.25
2012.09.28 07:02:57.160,0.77506,0.77513,1.50,1.50
2012.09.28 07:03:02.095,0.77505,0.77511,4.88,2.63
2012.09.28 07:03:07.647,0.77505,0.7751,2.25,5.25
2012.09.28 07:03:07.990,0.77504,0.7751,1.50,1.50
2012.09.28 07:03:08.548,0.77504,0.7751,2.25,1.50
2012.09.28 07:03:21.630,0.77503,0.77511,2.25,3.00
2012.09.28 07:03:31.861,0.77504,0.77511,1.50,2.25
2012.09.28 07:03:34.368,0.77502,0.77508,2.63,3.00
2012.09.28 07:03:34.708,0.77499,0.77505,1.50,2.25
2012.09.28 07:03:34.805,0.77499,0.77504,1.50,1.50
2012.09.28 07:03:34.888,0.77498,0.77506,3.00,5.10
2012.09.28 07:03:35.948,0.77498,0.77504,2.25,1.50
2012.09.28 07:03:38.195,0.77497,0.77504,1.50,4.35
2012.09.28 07:03:38.317,0.77496,0.77503,2.25,2.25
2012.09.28 07:03:39.438,0.77497,0.77503,1.50,2.85
2012.09.28 07:03:41.620,0.77496,0.77503,6.00,3.60
2012.09.28 07:03:42.348,0.77496,0.77501,1.50,4.73
2012.09.28 07:03:42.445,0.77493,0.77499,5.25,1.50
2012.09.28 07:03:44.878,0.77493,0.77499,5.25,1.50
2012.09.28 07:03:45.768,0.77492,0.77498,1.50,1.50
2012.09.28 07:03:46.134,0.77491,0.77498,5.25,3.00
2012.09.28 07:03:48.286,0.77493,0.77499,4.50,1.13
2012.09.28 07:03:48.395,0.77493,0.77499,4.50,1.13
2012.09.28 07:03:48.661,0.77493,0.77497,1.50,1.50
2012.09.28 07:03:49.250,0.77493,0.775,4.50,2.63
2012.09.28 07:03:51.450,0.77493,0.77499,4.50,1.50
2012.09.28 07:03:51.544,0.77492,0.77498,6.00,1.50
2012.09.28 07:03:51.888,0.77497,0.77501,3.75,1.50
2012.09.28 07:03:51.992,0.77494,0.77502,3.00,3.75
2012.09.28 07:03:52.184,0.77495,0.77502,1.50,4.50
2012.09.28 07:03:53.951,0.77498,0.77502,1.50,2.25
2012.09.28 07:03:54.296,0.77498,0.77505,4.88,2.25
2012.09.28 07:04:01.266,0.77497,0.77503,2.25,1.50
2012.09.28 07:04:07.291,0.77499,0.77506,2.25,1.50
2012.09.28 07:04:07.610,0.77499,0.77506,2.63,2.25
2012.09.28 07:04:10.517,0.77499,0.77504,1.50,2.63
2012.09.28 07:04:14.208,0.77498,0.77504,4.88,3.38
2012.09.28 07:04:14.715,0.77497,0.77503,1.50,1.50
2012.09.28 07:04:15.238,0.77498,0.77502,1.50,2.63
2012.09.28 07:04:15.819,0.77496,0.77503,3.00,3.75
2012.09.28 07:04:16.074,0.77495,0.77502,1.50,1.50
2012.09.28 07:04:18.007,0.77498,0.77504,1.13,1.50
2012.09.28 07:04:18.517,0.77496,0.77501,1.50,2.63
2012.09.28 07:04:21.227,0.77498,0.77504,1.50,1.50
2012.09.28 07:04:21.782,0.77498,0.77505,1.88,3.38
2012.09.28 07:04:21.879,0.77497,0.77501,1.13,2.63
2012.09.28 07:04:23.174,0.77497,0.77503,1.50,1.50
2012.09.28 07:04:32.541,0.77496,0.77502,1.13,1.50
2012.09.28 07:04:32.794,0.77495,0.77501,1.50,1.50
2012.09.28 07:04:39.566,0.77494,0.77501,5.25,1.50
2012.09.28 07:04:39.968,0.77497,0.77503,3.75,2.25
2012.09.28 07:04:40.062,0.77499,0.77504,1.50,1.50
2012.09.28 07:04:40.234,0.77498,0.77504,1.13,2.25
2012.09.28 07:04:40.780,0.77497,0.77504,3.75,2.25
2012.09.28 07:04:41.036,0.77498,0.77505,1.50,3.38
2012.09.28 07:04:41.605,0.77498,0.77505,3.00,3.38
2012.09.28 07:04:56.545,0.77499,0.77505,4.13,3.38
2012.09.28 07:04:56.786,0.775,0.77507,3.75,4.13
2012.09.28 07:04:57.500,0.77503,0.77507,1.50,2.63
2012.09.28 07:05:02.213,0.77503,0.77509,2.25,3.38
2012.09.28 07:05:13.302,0.77503,0.77507,1.50,2.63
2012.09.28 07:05:13.908,0.77501,0.77505,2.25,2.63
2012.09.28 07:05:13.990,0.77503,0.77507,1.50,2.63
2012.09.28 07:05:14.639,0.77501,0.77507,2.63,3.38
2012.09.28 07:05:15.155,0.77501,0.77507,1.50,3.38
2012.09.28 07:05:18.918,0.775,0.77505,3.38,2.63
2012.09.28 07:05:19.136,0.775,0.77507,2.25,2.25
2012.09.28 07:05:20.816,0.77499,0.77507,3.00,3.75
2012.09.28 07:05:21.258,0.77501,0.77508,2.63,1.50
2012.09.28 07:05:25.044,0.77501,0.77507,2.63,1.50
2012.09.28 07:05:32.736,0.77499,0.77506,4.88,1.50
2012.09.28 07:05:50.929,0.775,0.77507,2.25,2.25
2012.09.28 07:05:51.093,0.77501,0.77509,3.38,2.25
2012.09.28 07:05:51.327,0.77503,0.7751,1.50,2.25
2012.09.28 07:06:02.132,0.77504,0.77509,1.50,1.50
2012.09.28 07:06:02.648,0.77504,0.7751,2.25,2.10
2012.09.28 07:06:06.649,0.77502,0.77509,3.38,3.75
2012.09.28 07:06:06.971,0.77502,0.77509,3.38,3.00
2012.09.28 07:06:11.005,0.77502,0.77508,1.88,1.50
2012.09.28 07:06:11.579,0.77504,0.7751,2.25,2.25
2012.09.28 07:06:12.153,0.77504,0.77511,2.25,3.38
2012.09.28 07:06:31.829,0.77504,0.77511,1.50,3.00
2012.09.28 07:06:32.861,0.77502,0.77509,3.75,1.50
2012.09.28 07:06:33.450,0.77502,0.77509,1.50,1.50
2012.09.28 07:06:35.343,0.77503,0.77509,1.50,1.50
2012.09.28 07:06:36.477,0.77504,0.77511,1.50,3.75
2012.09.28 07:06:36.847,0.77501,0.77508,3.00,3.00
2012.09.28 07:06:37.236,0.775,0.77504,2.25,1.50
2012.09.28 07:06:37.511,0.775,0.77507,1.50,3.00
2012.09.28 07:06:38.013,0.77499,0.77506,2.25,2.25
2012.09.28 07:06:40.436,0.77495,0.77501,2.63,1.50
2012.09.28 07:06:41.900,0.77498,0.77505,2.25,5.10
2012.09.28 07:06:41.997,0.77501,0.77506,1.50,1.50
2012.09.28 07:06:42.083,0.77498,0.77504,2.10,1.50
2012.09.28 07:06:42.489,0.77499,0.77505,1.88,2.25
2012.09.28 07:06:42.579,0.77499,0.77505,1.50,1.50
2012.09.28 07:06:43.105,0.77499,0.77504,1.50,1.50
2012.09.28 07:06:43.254,0.77499,0.77507,1.50,5.25
2012.09.28 07:06:48.777,0.77499,0.77507,1.50,4.50
2012.09.28 07:06:49.372,0.77501,0.77506,2.25,1.50
2012.09.28 07:06:49.741,0.77499,0.77506,1.50,1.50
2012.09.28 07:06:58.933,0.77499,0.77507,3.00,2.25
2012.09.28 07:07:06.985,0.77503,0.77509,1.35,1.50
2012.09.28 07:07:07.347,0.77508,0.77513,1.50,6.94
2012.09.28 07:07:08.186,0.7751,0.77515,3.75,3.60
2012.09.28 07:07:08.291,0.77511,0.77519,2.25,2.25
2012.09.28 07:07:12.963,0.77511,0.77517,1.50,1.50
2012.09.28 07:07:13.298,0.77509,0.77515,1.50,3.60
2012.09.28 07:07:13.701,0.7751,0.77516,2.25,1.50
2012.09.28 07:07:13.794,0.77511,0.77517,1.50,3.75
2012.09.28 07:07:15.503,0.7751,0.77517,2.25,2.25
2012.09.28 07:07:15.749,0.7751,0.77516,1.50,1.50
2012.09.28 07:07:19.521,0.77506,0.77513,2.25,2.25
2012.09.28 07:07:19.622,0.77508,0.77513,1.13,1.50
2012.09.28 07:07:20.159,0.77506,0.77514,4.05,2.25
2012.09.28 07:07:21.497,0.77506,0.77513,1.88,2.25
2012.09.28 07:07:21.591,0.77505,0.77512,1.88,2.25
2012.09.28 07:07:21.763,0.77503,0.7751,5.55,2.25
2012.09.28 07:07:22.538,0.77506,0.77512,1.50,2.10
2012.09.28 07:07:22.947,0.77505,0.7751,1.88,1.50
2012.09.28 07:07:24.539,0.77505,0.7751,1.13,1.50
2012.09.28 07:07:25.822,0.77504,0.77512,3.75,2.25
2012.09.28 07:07:28.259,0.77503,0.7751,4.50,2.25
2012.09.28 07:07:28.773,0.77505,0.77511,1.13,2.25
2012.09.28 07:07:29.790,0.77505,0.77512,8.63,2.25
2012.09.28 07:07:30.339,0.77505,0.77512,1.88,2.25
2012.09.28 07:07:31.197,0.77508,0.77514,4.50,3.00
2012.09.28 07:07:31.512,0.77508,0.77515,6.00,1.50
2012.09.28 07:07:32.171,0.77508,0.77516,6.75,2.25
2012.09.28 07:07:33.807,0.7751,0.77517,1.50,2.25
2012.09.28 07:07:33.971,0.77513,0.77518,1.50,2.25
2012.09.28 07:07:34.280,0.77511,0.77517,3.00,1.50
2012.09.28 07:07:35.309,0.77512,0.77517,2.25,1.50
2012.09.28 07:07:38.730,0.7751,0.77518,3.75,3.00
2012.09.28 07:07:38.981,0.77513,0.77519,1.50,3.00
2012.09.28 07:07:39.231,0.77511,0.77518,3.75,3.00
2012.09.28 07:07:40.871,0.77511,0.77517,2.25,1.50
2012.09.28 07:07:41.203,0.77509,0.77515,1.50,1.50
2012.09.28 07:07:41.368,0.77508,0.77515,1.50,2.25
2012.09.28 07:07:41.875,0.77507,0.77514,2.25,2.25
2012.09.28 07:07:46.415,0.77506,0.77512,2.63,1.50
2012.09.28 07:07:49.264,0.77511,0.77515,1.50,1.50
2012.09.28 07:07:50.087,0.77512,0.77519,1.50,3.00
2012.09.28 07:07:50.665,0.77511,0.77518,3.75,2.25
2012.09.28 07:07:50.835,0.77509,0.77514,3.75,1.13
2012.09.28 07:07:50.928,0.77509,0.77513,2.25,2.25
2012.09.28 07:07:51.179,0.77505,0.77512,3.30,2.25
2012.09.28 07:07:51.267,0.77505,0.77511,3.30,1.50
2012.09.28 07:07:51.829,0.77504,0.77511,1.50,3.00
2012.09.28 07:07:52.361,0.77507,0.77514,1.50,3.00
2012.09.28 07:07:52.555,0.77512,0.77517,4.50,1.50
2012.09.28 07:07:52.652,0.77512,0.77518,4.50,3.38
2012.09.28 07:07:52.747,0.77514,0.77519,3.75,1.13
2012.09.28 07:07:52.834,0.77512,0.77518,1.50,1.13
2012.09.28 07:07:53.156,0.7751,0.77516,2.25,2.25
2012.09.28 07:07:53.487,0.77507,0.77513,1.50,2.25
2012.09.28 07:07:53.571,0.77505,0.77513,5.48,3.00
2012.09.28 07:07:55.065,0.77504,0.77511,3.00,2.25
2012.09.28 07:07:55.608,0.77504,0.7751,1.50,3.00
2012.09.28 07:07:56.136,0.77504,0.7751,5.25,3.00
2012.09.28 07:07:56.776,0.77508,0.77513,4.88,1.50
2012.09.28 07:07:57.009,0.77511,0.77516,3.75,7.43
2012.09.28 07:07:57.471,0.77512,0.77519,1.50,1.50
2012.09.28 07:07:57.671,0.77507,0.77512,1.88,1.50
2012.09.28 07:07:57.766,0.77505,0.77512,3.00,2.25
2012.09.28 07:07:57.921,0.77506,0.77512,1.50,2.25
2012.09.28 07:07:58.009,0.77504,0.7751,1.50,1.50
2012.09.28 07:07:58.104,0.77504,0.7751,1.50,1.50
2012.09.28 07:07:58.605,0.77504,0.7751,4.50,1.50
2012.09.28 07:07:59.666,0.77505,0.77512,2.25,2.25
2012.09.28 07:08:02.608,0.77506,0.77513,4.50,1.50
2012.09.28 07:08:02.944,0.77508,0.77514,1.50,3.00
2012.09.28 07:08:04.445,0.77507,0.77513,2.25,1.50
2012.09.28 07:08:04.540,0.77506,0.77513,2.25,3.00
2012.09.28 07:08:05.151,0.77506,0.77513,1.50,4.13
2012.09.28 07:08:07.130,0.77506,0.77513,1.50,1.13
2012.09.28 07:08:07.678,0.77507,0.77515,2.25,3.38
2012.09.28 07:08:07.902,0.77506,0.77512,1.50,1.50
2012.09.28 07:08:18.563,0.77505,0.77513,1.50,4.13
2012.09.28 07:08:19.116,0.77504,0.7751,4.50,2.25
2012.09.28 07:08:27.161,0.77504,0.7751,5.25,1.50
2012.09.28 07:08:27.248,0.77506,0.77511,7.50,1.50
2012.09.28 07:08:27.774,0.77505,0.77512,2.25,1.50
2012.09.28 07:08:29.145,0.77505,0.77511,1.50,1.50
2012.09.28 07:08:30.044,0.77503,0.77511,3.00,2.25
2012.09.28 07:08:30.134,0.77503,0.7751,1.50,2.25
2012.09.28 07:08:30.671,0.77504,0.7751,3.75,2.25
2012.09.28 07:08:35.570,0.77501,0.77506,1.50,1.50
2012.09.28 07:08:35.818,0.77501,0.77508,4.50,1.50
2012.09.28 07:08:40.548,0.77504,0.77508,3.75,1.50
2012.09.28 07:08:51.365,0.77501,0.77508,4.50,1.50
2012.09.28 07:08:53.753,0.77504,0.77508,3.75,1.50
2012.09.28 07:08:54.307,0.77503,0.77508,4.50,1.50
2012.09.28 07:09:03.292,0.77502,0.77508,1.50,3.00
2012.09.28 07:09:03.383,0.77501,0.77507,4.50,1.50
2012.09.28 07:09:03.637,0.77504,0.77509,3.75,8.63
2012.09.28 07:09:09.738,0.77501,0.77508,4.50,1.50
2012.09.28 07:09:12.184,0.77502,0.77507,5.25,1.50
2012.09.28 07:09:12.596,0.77504,0.77509,3.75,1.50
2012.09.28 07:09:14.424,0.77504,0.77509,4.50,2.25
2012.09.28 07:09:14.966,0.77504,0.77509,4.50,2.25
2012.09.28 07:09:15.862,0.77506,0.77512,7.50,6.98
2012.09.28 07:09:17.593,0.77507,0.77513,1.50,1.50
2012.09.28 07:09:22.462,0.77505,0.77511,1.50,1.50
2012.09.28 07:09:22.564,0.77505,0.77511,1.50,1.50
2012.09.28 07:09:26.673,0.77506,0.77513,3.00,1.50
2012.09.28 07:09:27.776,0.77505,0.77511,2.25,2.25
2012.09.28 07:09:30.830,0.77504,0.77511,2.25,2.25
2012.09.28 07:09:31.157,0.77502,0.7751,2.25,2.25
2012.09.28 07:09:31.244,0.77503,0.77509,3.75,1.50
2012.09.28 07:09:31.795,0.77505,0.7751,7.50,4.50
2012.09.28 07:09:31.960,0.77505,0.7751,7.50,1.50
2012.09.28 07:09:32.062,0.77504,0.7751,4.50,3.00
2012.09.28 07:09:32.993,0.77504,0.7751,3.75,2.25
2012.09.28 07:09:43.940,0.77504,0.7751,3.75,3.00
2012.09.28 07:09:45.436,0.77505,0.7751,7.50,1.50
2012.09.28 07:09:45.682,0.77505,0.77512,8.25,2.25
2012.09.28 07:09:45.854,0.77503,0.7751,3.38,1.50
2012.09.28 07:09:46.169,0.77502,0.77508,1.13,2.25
2012.09.28 07:09:46.265,0.77501,0.77508,3.00,2.25
2012.09.28 07:09:46.799,0.77502,0.77508,3.75,2.25
2012.09.28 07:09:58.152,0.77504,0.77509,3.75,1.50
2012.09.28 07:10:00.815,0.77504,0.7751,3.75,5.25
2012.09.28 07:10:01.871,0.77504,0.7751,3.75,4.50
2012.09.28 07:10:07.464,0.77501,0.77508,4.50,3.75
2012.09.28 07:10:07.999,0.77501,0.77508,3.75,4.50
2012.09.28 07:10:08.463,0.77504,0.77508,3.75,2.25
2012.09.28 07:10:08.569,0.77502,0.77509,1.50,1.88
2012.09.28 07:10:08.667,0.77501,0.77508,5.25,1.50
2012.09.28 07:10:10.070,0.77504,0.77509,3.75,2.63
2012.09.28 07:10:10.560,0.77504,0.77509,4.50,1.88
2012.09.28 07:10:13.590,0.77506,0.77511,7.50,1.50
2012.09.28 07:10:13.939,0.77508,0.77513,1.50,4.69
2012.09.28 07:10:15.190,0.77508,0.77513,1.50,3.19
2012.09.28 07:10:18.080,0.77505,0.77513,6.00,3.00
2012.09.28 07:10:18.172,0.77505,0.77512,3.75,2.25
2012.09.28 07:10:19.388,0.77509,0.77514,1.50,1.50
2012.09.28 07:10:19.902,0.77509,0.77516,2.25,2.25
2012.09.28 07:10:20.557,0.77509,0.77516,1.50,3.00
2012.09.28 07:10:22.582,0.7751,0.77516,1.50,3.00
2012.09.28 07:10:23.161,0.7751,0.77516,1.50,3.00
2012.09.28 07:10:30.449,0.77508,0.77514,4.50,1.50
2012.09.28 07:10:30.533,0.77509,0.77516,1.50,3.00
2012.09.28 07:10:31.238,0.77505,0.77511,1.05,1.50
2012.09.28 07:10:31.338,0.7751,0.77515,1.50,1.50
2012.09.28 07:10:33.101,0.77507,0.77512,4.13,1.50
2012.09.28 07:10:33.584,0.77509,0.77516,2.25,3.00
2012.09.28 07:10:33.925,0.77508,0.77514,3.75,1.50
2012.09.28 07:10:34.010,0.7751,0.77515,1.50,1.50
2012.09.28 07:10:34.252,0.77506,0.77512,3.30,1.50
2012.09.28 07:10:34.422,0.7751,0.77516,1.50,3.00
2012.09.28 07:10:35.745,0.77508,0.77515,3.75,3.75
2012.09.28 07:10:35.835,0.77509,0.77515,2.25,1.50
2012.09.28 07:10:36.280,0.77508,0.77514,3.75,1.50
2012.09.28 07:10:36.968,0.7751,0.77515,1.50,2.25
2012.09.28 07:10:37.147,0.77508,0.77515,3.75,3.75
2012.09.28 07:10:37.381,0.7751,0.77516,1.50,2.25
2012.09.28 07:10:37.779,0.77508,0.77515,4.13,3.00
2012.09.28 07:10:38.120,0.7751,0.77516,1.50,3.00
2012.09.28 07:10:43.017,0.77509,0.77516,2.25,2.25
2012.09.28 07:10:43.696,0.77509,0.77515,2.25,1.50
2012.09.28 07:10:43.791,0.7751,0.77515,1.50,2.25
2012.09.28 07:10:43.895,0.77511,0.77518,2.25,3.00
2012.09.28 07:10:44.423,0.77511,0.77518,2.25,2.25
2012.09.28 07:10:45.053,0.77512,0.77518,1.50,2.25
2012.09.28 07:10:48.963,0.77512,0.77518,1.50,1.50
2012.09.28 07:10:49.233,0.77511,0.77517,1.50,2.25
2012.09.28 07:10:49.588,0.77509,0.77516,1.88,3.75
2012.09.28 07:10:50.008,0.7751,0.77516,1.50,2.25
2012.09.28 07:10:50.582,0.77508,0.77516,6.38,2.25
2012.09.28 07:11:05.157,0.7751,0.77516,1.50,3.00
2012.09.28 07:11:06.522,0.7751,0.77516,1.50,2.25
2012.09.28 07:11:06.616,0.77509,0.77516,3.75,4.50
2012.09.28 07:11:06.952,0.77513,0.77518,1.50,1.50
2012.09.28 07:11:07.461,0.77513,0.77518,1.50,1.50
2012.09.28 07:11:11.659,0.77513,0.77518,1.50,1.50
2012.09.28 07:11:16.512,0.77511,0.77518,3.75,1.50
2012.09.28 07:11:19.458,0.77513,0.77518,1.50,1.50
2012.09.28 07:11:37.523,0.7751,0.77518,5.25,3.00
2012.09.28 07:11:38.038,0.77513,0.77519,1.50,3.00
2012.09.28 07:11:43.945,0.77511,0.77519,4.50,5.25
2012.09.28 07:11:56.453,0.77511,0.77518,2.25,1.50
2012.09.28 07:12:03.487,0.77511,0.77518,2.25,1.50
2012.09.28 07:12:21.501,0.77508,0.77514,1.50,1.50
2012.09.28 07:12:21.595,0.77507,0.77513,4.50,1.50
2012.09.28 07:12:22.006,0.77507,0.77513,1.88,1.50
2012.09.28 07:12:22.566,0.77507,0.77513,1.50,1.50
2012.09.28 07:12:23.714,0.77508,0.77515,5.25,3.00
2012.09.28 07:12:23.802,0.77508,0.77516,6.00,3.75
2012.09.28 07:12:25.535,0.7751,0.77516,1.50,2.25
2012.09.28 07:12:26.103,0.77511,0.77517,1.50,1.50
2012.09.28 07:12:29.625,0.77512,0.7752,3.75,3.75
2012.09.28 07:12:29.724,0.77512,0.77518,1.50,2.25
2012.09.28 07:12:36.817,0.77512,0.77519,2.25,3.00
2012.09.28 07:12:40.178,0.77512,0.77518,1.50,1.50
2012.09.28 07:12:47.572,0.77513,0.77519,4.50,2.25
2012.09.28 07:12:47.892,0.77512,0.77519,3.75,2.25
2012.09.28 07:12:48.061,0.77511,0.77516,2.25,1.50
2012.09.28 07:13:01.140,0.7751,0.77516,2.55,2.25
2012.09.28 07:13:04.827,0.77511,0.77517,2.25,1.50
2012.09.28 07:13:05.411,0.77511,0.77518,2.25,1.50
2012.09.28 07:13:05.959,0.7751,0.77518,3.30,1.50
2012.09.28 07:13:06.849,0.7751,0.77517,2.55,2.25
2012.09.28 07:13:06.951,0.7751,0.77516,1.05,2.25
2012.09.28 07:13:07.305,0.77507,0.77513,2.55,2.25
2012.09.28 07:13:07.642,0.77506,0.77512,1.05,1.50
2012.09.28 07:13:07.732,0.77507,0.77512,1.80,1.50
2012.09.28 07:13:08.562,0.77508,0.77513,4.28,1.50
2012.09.28 07:13:09.077,0.77506,0.77513,1.20,2.25
2012.09.28 07:13:09.648,0.77506,0.77513,1.65,1.50
2012.09.28 07:13:09.944,0.77505,0.77511,1.50,1.50
2012.09.28 07:13:10.479,0.77505,0.77512,8.70,2.25
2012.09.28 07:13:22.126,0.77504,0.77511,1.50,3.75
2012.09.28 07:13:22.215,0.77505,0.77511,8.25,1.50
2012.09.28 07:13:23.011,0.77509,0.77513,3.75,2.85
2012.09.28 07:13:23.267,0.77507,0.77512,1.50,1.50
2012.09.28 07:13:26.355,0.77505,0.77512,7.50,2.25
2012.09.28 07:13:37.824,0.77506,0.77512,1.50,2.25
2012.09.28 07:13:38.073,0.77509,0.77514,3.75,1.88
2012.09.28 07:13:38.319,0.77507,0.77512,1.50,1.50
2012.09.28 07:13:59.361,0.77505,0.77512,8.25,1.50
2012.09.28 07:14:08.049,0.77503,0.77511,6.00,1.50
2012.09.28 07:14:08.860,0.77502,0.77508,4.50,3.00
2012.09.28 07:14:09.192,0.77498,0.77506,3.00,1.50
2012.09.28 07:14:10.777,0.77503,0.77507,3.75,1.50
2012.09.28 07:14:10.910,0.77503,0.77508,3.75,1.50
2012.09.28 07:14:11.436,0.77503,0.77508,4.50,1.50
2012.09.28 07:14:12.148,0.77503,0.77509,3.75,3.75
2012.09.28 07:14:17.150,0.77503,0.77509,3.75,1.50
2012.09.28 07:14:20.139,0.77501,0.77509,1.88,3.75
2012.09.28 07:14:30.944,0.77503,0.77508,4.50,1.50
2012.09.28 07:14:32.000,0.77503,0.77509,3.75,1.50
2012.09.28 07:14:34.717,0.77504,0.77509,3.75,2.25
2012.09.28 07:14:38.270,0.77504,0.7751,3.75,5.25
2012.09.28 07:14:44.853,0.77504,0.77509,3.75,2.25
2012.09.28 07:14:45.563,0.775,0.77508,1.50,3.00
2012.09.28 07:14:50.625,0.775,0.77506,1.50,2.85
2012.09.28 07:14:50.722,0.77499,0.77504,2.25,3.00
2012.09.28 07:14:51.250,0.77498,0.77504,4.50,2.25
2012.09.28 07:14:51.516,0.77497,0.77503,3.75,2.25
2012.09.28 07:14:56.919,0.77496,0.77501,4.50,1.50
2012.09.28 07:14:57.889,0.77498,0.77503,3.75,3.00
2012.09.28 07:15:03.149,0.77497,0.77503,1.50,2.63
2012.09.28 07:15:05.642,0.77495,0.77502,3.00,1.50
2012.09.28 07:15:21.272,0.77497,0.77503,1.50,2.25
2012.09.28 07:15:40.604,0.77496,0.77504,2.25,3.75
2012.09.28 07:15:43.089,0.77496,0.77504,2.25,3.00
2012.09.28 07:15:45.023,0.77494,0.775,1.50,1.50
2012.09.28 07:15:45.139,0.77493,0.77499,1.50,3.00
2012.09.28 07:15:45.471,0.77493,0.77499,1.50,1.50
2012.09.28 07:15:54.877,0.77491,0.77499,2.63,3.00
2012.09.28 07:15:55.413,0.77491,0.77498,1.88,1.50
2012.09.28 07:15:56.807,0.77489,0.77496,4.50,2.25
2012.09.28 07:15:57.349,0.77489,0.77497,1.50,3.00
2012.09.28 07:15:57.428,0.77489,0.77497,2.25,1.50
2012.09.28 07:16:13.650,0.7749,0.77497,1.50,1.50
2012.09.28 07:16:13.962,0.77491,0.77498,1.88,1.50
2012.09.28 07:16:26.317,0.77491,0.77499,3.75,2.25
2012.09.28 07:16:28.351,0.77492,0.775,2.25,3.75
2012.09.28 07:16:28.868,0.77494,0.77501,2.25,1.50
2012.09.28 07:16:29.419,0.77494,0.77502,2.25,3.00
2012.09.28 07:16:29.505,0.77494,0.77501,1.50,1.50
2012.09.28 07:16:30.724,0.77493,0.775,3.00,2.25
2012.09.28 07:16:31.525,0.77492,0.77499,3.00,1.50
2012.09.28 07:16:41.698,0.7749,0.77496,3.75,1.50
2012.09.28 07:16:41.784,0.77488,0.77495,1.50,2.25
2012.09.28 07:16:42.032,0.77487,0.77493,2.25,1.50
2012.09.28 07:16:42.294,0.77488,0.77495,1.50,1.50
2012.09.28 07:16:42.383,0.7749,0.77496,1.50,1.50
2012.09.28 07:16:43.918,0.77488,0.77494,3.00,2.25
2012.09.28 07:16:44.405,0.77487,0.77493,1.50,1.50
2012.09.28 07:16:44.492,0.77487,0.77494,3.00,1.50
2012.09.28 07:16:45.750,0.77489,0.77495,1.50,3.00
2012.09.28 07:16:46.087,0.77489,0.77496,1.50,1.50
2012.09.28 07:16:52.801,0.77488,0.77494,3.00,2.25
2012.09.28 07:16:53.052,0.77488,0.77494,1.50,2.25
2012.09.28 07:16:53.564,0.77487,0.77493,1.50,1.50
2012.09.28 07:17:17.928,0.77486,0.77493,3.75,1.50
2012.09.28 07:17:28.780,0.77485,0.77492,2.25,3.00
2012.09.28 07:17:28.876,0.77484,0.77491,4.13,2.25
2012.09.28 07:17:29.372,0.77485,0.77492,1.50,4.50
2012.09.28 07:17:30.281,0.77484,0.77489,1.50,1.50
2012.09.28 07:17:30.614,0.7748,0.77486,3.75,1.50
2012.09.28 07:17:31.026,0.77477,0.77483,2.63,2.25
2012.09.28 07:17:31.114,0.77477,0.77484,1.88,3.75
2012.09.28 07:17:31.668,0.77475,0.77482,2.25,1.50
2012.09.28 07:17:51.228,0.77476,0.77482,1.50,1.50
2012.09.28 07:18:14.283,0.77478,0.77485,4.50,2.25
2012.09.28 07:18:16.524,0.77477,0.77484,2.25,2.25
2012.09.28 07:18:16.923,0.77476,0.77483,1.50,1.50
2012.09.28 07:18:17.440,0.77476,0.77483,1.50,1.50
2012.09.28 07:18:20.793,0.77477,0.77484,3.75,3.00
2012.09.28 07:18:21.523,0.77476,0.77483,3.00,1.50
2012.09.28 07:18:24.220,0.77478,0.77485,3.75,4.50
2012.09.28 07:18:24.461,0.77477,0.77483,2.25,1.50
2012.09.28 07:18:25.013,0.77477,0.77483,1.50,1.50
2012.09.28 07:18:53.695,0.77477,0.77484,1.50,1.50
2012.09.28 07:18:54.269,0.77479,0.77485,1.50,2.25
2012.09.28 07:18:54.757,0.77479,0.77486,2.25,1.50
2012.09.28 07:18:55.799,0.7748,0.77486,1.50,1.50
2012.09.28 07:19:01.672,0.77479,0.77486,1.50,1.50
2012.09.28 07:19:05.077,0.77475,0.77482,6.98,3.00
2012.09.28 07:19:05.253,0.77479,0.77486,1.50,2.25
2012.09.28 07:19:06.349,0.77477,0.77484,2.25,1.50
2012.09.28 07:19:06.959,0.77477,0.77483,1.50,1.50
2012.09.28 07:19:09.141,0.77476,0.77482,2.25,2.25
2012.09.28 07:19:09.301,0.77475,0.77482,3.00,3.00
2012.09.28 07:19:09.836,0.77474,0.77482,4.88,3.00
2012.09.28 07:19:10.014,0.77476,0.77482,2.25,1.50
2012.09.28 07:19:11.161,0.77477,0.77484,1.50,2.25
2012.09.28 07:19:11.981,0.77475,0.77482,2.63,1.50
2012.09.28 07:19:12.548,0.77475,0.77482,1.50,2.25
2012.09.28 07:19:19.627,0.77475,0.77483,3.00,1.50
2012.09.28 07:19:19.715,0.77477,0.77484,1.50,1.50
2012.09.28 07:19:21.593,0.77479,0.77486,1.50,3.00
2012.09.28 07:19:22.279,0.77479,0.77486,1.50,1.50
2012.09.28 07:19:22.543,0.77479,0.77487,2.25,3.00
2012.09.28 07:19:22.640,0.7748,0.77487,1.50,2.25
2012.09.28 07:19:22.972,0.77479,0.77485,1.50,1.50
2012.09.28 07:19:23.846,0.77478,0.77485,1.50,2.25
2012.09.28 07:19:24.185,0.77479,0.77486,2.25,1.50
2012.09.28 07:19:24.739,0.77477,0.77484,3.00,1.50
2012.09.28 07:19:31.782,0.77477,0.77484,1.50,2.25
2012.09.28 07:19:36.970,0.77475,0.77483,4.50,1.50
2012.09.28 07:19:37.140,0.77475,0.77481,2.25,1.50
2012.09.28 07:19:41.779,0.77476,0.77483,2.25,1.50
2012.09.28 07:19:41.863,0.77476,0.77483,2.25,1.50
2012.09.28 07:20:01.946,0.77477,0.77484,1.50,2.25
2012.09.28 07:20:10.520,0.77479,0.77485,1.50,3.00
2012.09.28 07:20:10.683,0.77479,0.77485,2.25,1.50
2012.09.28 07:20:11.609,0.77475,0.77482,4.88,3.00
2012.09.28 07:20:11.763,0.77479,0.77484,1.50,1.50
2012.09.28 07:20:15.388,0.77479,0.77484,1.50,1.50
2012.09.28 07:20:18.044,0.77479,0.77486,1.50,3.75
2012.09.28 07:20:30.732,0.77478,0.77484,5.25,1.50
2012.09.28 07:20:30.888,0.77479,0.77486,1.50,3.75
2012.09.28 07:20:31.459,0.77479,0.77486,1.50,3.75
2012.09.28 07:20:35.705,0.77477,0.77485,2.25,2.25
2012.09.28 07:20:35.792,0.77477,0.77484,2.25,2.25
2012.09.28 07:20:46.941,0.77478,0.77485,1.50,2.25
2012.09.28 07:20:47.690,0.77478,0.77485,3.00,1.50
2012.09.28 07:20:53.495,0.77478,0.77484,1.50,1.50
2012.09.28 07:20:59.615,0.77476,0.77483,1.50,1.50
2012.09.28 07:20:59.860,0.77476,0.77483,1.50,3.75
2012.09.28 07:21:00.423,0.77475,0.77481,1.13,1.50
2012.09.28 07:21:00.515,0.77475,0.77483,2.63,4.50
2012.09.28 07:21:03.221,0.77476,0.77482,1.50,1.50
2012.09.28 07:21:06.929,0.77476,0.77483,3.00,1.50
2012.09.28 07:21:08.872,0.77477,0.77483,1.50,2.25
2012.09.28 07:21:15.225,0.77476,0.77483,1.50,1.50
2012.09.28 07:21:21.708,0.77477,0.77484,3.00,5.10
2012.09.28 07:21:21.789,0.77476,0.77484,2.25,4.50
2012.09.28 07:21:27.237,0.77476,0.77483,2.25,1.50
2012.09.28 07:21:27.808,0.77476,0.77484,3.00,4.50
2012.09.28 07:21:31.569,0.77476,0.77483,3.00,1.50
2012.09.28 07:21:34.341,0.77476,0.77483,3.00,1.50
2012.09.28 07:21:39.058,0.77476,0.77484,4.50,3.75
2012.09.28 07:21:43.490,0.7748,0.77486,1.50,2.85
2012.09.28 07:21:44.059,0.77482,0.77488,1.50,2.25
2012.09.28 07:21:44.581,0.77482,0.77488,1.50,3.00
2012.09.28 07:21:46.343,0.77481,0.77488,2.25,1.50
2012.09.28 07:21:46.899,0.77482,0.77488,1.50,1.50
2012.09.28 07:21:47.060,0.77482,0.77487,1.50,1.50
2012.09.28 07:21:48.187,0.7748,0.77487,2.25,3.00
2012.09.28 07:22:00.782,0.77479,0.77487,3.00,4.50
2012.09.28 07:22:01.890,0.77479,0.77486,1.50,1.50
2012.09.28 07:22:02.417,0.77479,0.77486,2.25,2.25
2012.09.28 07:22:02.749,0.77482,0.77488,1.50,3.00
2012.09.28 07:22:03.083,0.77485,0.77491,1.50,4.88
2012.09.28 07:22:03.415,0.77484,0.77488,1.13,1.50
2012.09.28 07:22:05.611,0.77482,0.77488,2.25,1.50
2012.09.28 07:22:08.351,0.77482,0.77487,1.50,1.50
2012.09.28 07:22:08.522,0.77481,0.77487,1.88,2.25
2012.09.28 07:22:09.638,0.77481,0.77487,1.88,2.25
2012.09.28 07:22:16.199,0.77482,0.77489,2.25,1.50
2012.09.28 07:22:27.152,0.77484,0.7749,1.50,2.25
2012.09.28 07:22:27.896,0.77484,0.7749,2.25,2.25
2012.09.28 07:22:28.670,0.77485,0.77493,3.00,2.25
2012.09.28 07:22:28.766,0.77487,0.77495,5.25,2.25
2012.09.28 07:22:29.332,0.77489,0.77496,1.50,1.50
2012.09.28 07:22:42.582,0.77488,0.77496,4.50,2.25
2012.09.28 07:22:43.455,0.7749,0.77495,1.50,1.50
2012.09.28 07:22:54.449,0.77488,0.77495,2.25,2.25
2012.09.28 07:22:54.981,0.77487,0.77494,1.50,1.50
2012.09.28 07:22:56.631,0.77487,0.77494,1.88,1.50
2012.09.28 07:22:56.960,0.77485,0.77492,2.25,1.50
2012.09.28 07:22:57.489,0.77485,0.77492,1.50,1.50
2012.09.28 07:23:03.290,0.77485,0.77493,3.00,3.75
2012.09.28 07:23:03.626,0.77488,0.77494,1.50,1.50
2012.09.28 07:23:05.728,0.77487,0.77494,1.50,1.50
2012.09.28 07:23:51.871,0.77489,0.77495,3.75,4.73
2012.09.28 07:23:52.418,0.77487,0.77494,1.50,1.50
2012.09.28 07:23:54.137,0.77485,0.77492,4.50,1.50
2012.09.28 07:23:54.643,0.77486,0.77492,7.50,1.50
2012.09.28 07:24:00.795,0.77484,0.77492,2.25,4.50
2012.09.28 07:24:01.907,0.77486,0.77492,8.25,3.00
2012.09.28 07:24:02.872,0.77485,0.7749,1.50,1.50
2012.09.28 07:24:02.965,0.77484,0.7749,5.25,2.25
2012.09.28 07:24:08.235,0.77484,0.7749,4.88,2.25
2012.09.28 07:24:09.331,0.77482,0.77489,3.00,3.00
2012.09.28 07:24:09.430,0.77482,0.77489,2.25,1.50
2012.09.28 07:24:09.975,0.77484,0.7749,3.75,3.00
2012.09.28 07:24:13.176,0.77482,0.77489,2.25,1.50
2012.09.28 07:24:13.746,0.77484,0.77489,3.75,1.50
2012.09.28 07:24:16.352,0.77485,0.7749,7.50,1.50
2012.09.28 07:24:16.449,0.77483,0.77489,5.25,1.50
2012.09.28 07:24:17.906,0.77482,0.77488,3.75,2.25
2012.09.28 07:24:18.462,0.77482,0.77486,3.75,1.50
2012.09.28 07:24:33.604,0.77483,0.7749,4.50,3.08
2012.09.28 07:24:33.696,0.77486,0.77492,7.50,5.85
2012.09.28 07:24:33.863,0.77486,0.77493,8.25,4.50
2012.09.28 07:24:34.609,0.77486,0.77492,7.50,1.50
2012.09.28 07:24:35.189,0.77487,0.77494,3.00,1.50
2012.09.28 07:24:40.978,0.77487,0.77494,3.00,1.50
2012.09.28 07:24:41.601,0.77487,0.77494,2.25,1.50
2012.09.28 07:24:43.102,0.77489,0.77495,4.50,3.00
2012.09.28 07:24:43.190,0.77489,0.77495,4.50,2.25
2012.09.28 07:24:43.692,0.77489,0.77495,4.50,1.50
2012.09.28 07:25:00.038,0.77489,0.77495,1.50,1.50
2012.09.28 07:25:23.492,0.77489,0.77496,1.50,1.50
2012.09.28 07:25:35.607,0.77488,0.77495,1.50,2.25
2012.09.28 07:25:35.713,0.77487,0.77493,2.25,1.50
2012.09.28 07:25:42.177,0.77487,0.77494,2.25,2.25
2012.09.28 07:25:51.553,0.77487,0.77494,1.50,2.25
2012.09.28 07:25:52.212,0.77487,0.77493,1.50,1.50
2012.09.28 07:25:52.934,0.77487,0.77494,1.50,2.25
2012.09.28 07:25:54.487,0.77487,0.77494,1.50,2.25
2012.09.28 07:26:04.506,0.77486,0.77494,3.75,2.25
2012.09.28 07:26:04.700,0.77488,0.77496,5.25,3.00
2012.09.28 07:26:04.823,0.7749,0.77498,5.25,3.75
2012.09.28 07:26:05.096,0.77492,0.77498,1.50,1.50
2012.09.28 07:26:23.621,0.7749,0.77497,1.13,3.00
2012.09.28 07:26:23.798,0.77489,0.77495,1.50,2.25
2012.09.28 07:26:24.372,0.77488,0.77494,3.75,1.50
2012.09.28 07:26:24.983,0.77487,0.77494,1.50,1.50
2012.09.28 07:26:27.275,0.77486,0.77492,3.38,2.25
2012.09.28 07:26:28.129,0.77489,0.77494,3.75,6.23
2012.09.28 07:26:28.648,0.77488,0.77494,4.13,1.50
2012.09.28 07:26:32.306,0.77491,0.77495,1.50,1.50
2012.09.28 07:26:32.403,0.77491,0.77496,1.50,2.25
2012.09.28 07:26:33.620,0.77491,0.77496,1.50,1.50
2012.09.28 07:26:33.920,0.77491,0.77498,1.50,1.50
2012.09.28 07:26:38.013,0.77491,0.77498,1.50,1.50
2012.09.28 07:26:40.594,0.7749,0.77497,2.25,2.25
2012.09.28 07:26:40.681,0.7749,0.77497,1.50,2.25
2012.09.28 07:26:45.205,0.77488,0.77496,1.50,3.00
2012.09.28 07:26:45.311,0.77487,0.77493,3.00,1.50
2012.09.28 07:26:48.419,0.77486,0.77492,9.75,1.50
2012.09.28 07:26:56.281,0.77483,0.7749,9.00,1.50
2012.09.28 07:26:56.367,0.77483,0.7749,5.25,1.50
2012.09.28 07:26:56.545,0.77485,0.7749,7.50,1.50
2012.09.28 07:26:56.795,0.77486,0.77492,1.50,2.25
2012.09.28 07:26:59.504,0.77494,0.77498,3.75,4.80
2012.09.28 07:26:59.596,0.77494,0.77498,3.75,1.13
2012.09.28 07:26:59.689,0.77492,0.77497,4.50,3.00
2012.09.28 07:26:59.866,0.77491,0.77497,2.25,1.50
2012.09.28 07:27:11.310,0.77491,0.77498,1.50,1.50
2012.09.28 07:27:11.462,0.7749,0.77498,2.25,3.00
2012.09.28 07:27:13.000,0.7749,0.77497,1.50,2.25
2012.09.28 07:27:17.001,0.7749,0.77497,4.50,3.75
2012.09.28 07:27:17.100,0.77492,0.77497,1.50,1.50
2012.09.28 07:27:17.268,0.77493,0.775,1.50,2.63
2012.09.28 07:27:17.490,0.77493,0.775,1.50,2.63
2012.09.28 07:27:24.086,0.77492,0.77499,2.25,2.25
2012.09.28 07:27:24.862,0.77492,0.77498,1.50,1.50
2012.09.28 07:27:25.409,0.77492,0.77498,1.50,1.50
2012.09.28 07:27:37.183,0.77492,0.77498,1.50,1.50
2012.09.28 07:27:45.972,0.7749,0.77498,3.75,3.75
2012.09.28 07:27:46.070,0.7749,0.77497,3.00,3.75
2012.09.28 07:27:55.501,0.7749,0.77497,3.00,3.75
2012.09.28 07:27:55.832,0.7749,0.77497,3.00,2.25
2012.09.28 07:27:55.996,0.7749,0.77496,2.25,2.25
2012.09.28 07:27:56.503,0.77488,0.77494,4.50,1.50
2012.09.28 07:27:57.252,0.7749,0.77496,2.25,1.50
2012.09.28 07:28:12.001,0.7749,0.77497,2.25,3.38
2012.09.28 07:28:16.088,0.77491,0.77497,1.50,3.00
2012.09.28 07:28:16.427,0.77491,0.77497,3.00,1.50
2012.09.28 07:28:17.014,0.77491,0.77497,2.25,1.50
2012.09.28 07:28:21.063,0.77492,0.77497,1.50,1.50
2012.09.28 07:28:21.761,0.77493,0.775,1.50,2.25
2012.09.28 07:28:38.039,0.77491,0.77499,1.50,3.00
2012.09.28 07:28:42.451,0.77493,0.77498,1.50,1.50
2012.09.28 07:29:02.471,0.77493,0.775,1.50,2.25
2012.09.28 07:29:08.824,0.77492,0.775,1.50,3.75
2012.09.28 07:29:17.993,0.77493,0.775,1.50,3.38
2012.09.28 07:29:21.030,0.77493,0.775,1.50,2.63
2012.09.28 07:29:37.122,0.77493,0.775,1.50,3.38
2012.09.28 07:29:37.523,0.77491,0.77498,3.00,2.85
2012.09.28 07:29:38.078,0.77491,0.77498,3.00,1.35
2012.09.28 07:29:40.774,0.77488,0.77494,4.50,1.50
2012.09.28 07:29:41.312,0.77488,0.77494,3.75,4.88
2012.09.28 07:29:45.179,0.77488,0.77494,3.75,3.75
2012.09.28 07:29:47.458,0.77489,0.77494,2.25,3.00
2012.09.28 07:29:50.425,0.7749,0.77495,1.50,3.00
2012.09.28 07:29:51.690,0.7749,0.77497,1.50,3.08
2012.09.28 07:29:52.098,0.7749,0.77497,2.25,2.33
2012.09.28 07:29:52.730,0.7749,0.77496,2.25,1.58
2012.09.28 07:29:53.285,0.7749,0.77496,2.25,1.58
2012.09.28 07:29:53.913,0.7749,0.77496,2.25,1.58
2012.09.28 07:29:54.416,0.7749,0.77497,2.25,2.33
2012.09.28 07:29:56.992,0.7749,0.77495,1.50,1.50
2012.09.28 07:29:58.629,0.7749,0.77496,1.50,3.08
2012.09.28 07:29:58.860,0.77488,0.77494,1.50,1.50
2012.09.28 07:30:00.347,0.77486,0.77493,3.00,1.50
2012.09.28 07:30:00.496,0.77488,0.77495,3.75,1.58
2012.09.28 07:30:01.097,0.77488,0.77496,3.75,4.58
2012.09.28 07:30:07.086,0.7749,0.77496,1.50,2.25
2012.09.28 07:30:07.920,0.77492,0.77496,1.50,1.50
2012.09.28 07:30:08.218,0.77492,0.77499,4.50,2.63
2012.09.28 07:30:08.611,0.77495,0.77501,1.50,5.95
2012.09.28 07:30:09.971,0.77493,0.77499,1.50,2.63
2012.09.28 07:30:10.893,0.77493,0.77499,1.50,3.00
2012.09.28 07:30:13.897,0.77493,0.77499,2.25,1.88
2012.09.28 07:30:16.504,0.77493,0.77499,1.50,1.88
2012.09.28 07:30:19.568,0.77493,0.77499,1.50,1.88
2012.09.28 07:30:25.480,0.77492,0.775,2.25,3.75
2012.09.28 07:30:29.581,0.77492,0.77498,2.25,1.50
2012.09.28 07:30:31.094,0.77492,0.77499,2.25,1.50
2012.09.28 07:30:31.619,0.77492,0.775,2.25,3.38
2012.09.28 07:30:32.156,0.77492,0.77499,2.25,1.50
2012.09.28 07:30:38.008,0.77493,0.775,1.50,3.38
2012.09.28 07:30:40.128,0.77492,0.77499,1.50,1.50
2012.09.28 07:30:43.547,0.77493,0.77499,1.50,1.13
2012.09.28 07:30:48.009,0.77492,0.775,1.50,3.00
2012.09.28 07:30:55.069,0.77491,0.775,2.25,3.00
2012.09.28 07:31:04.600,0.77492,0.77499,1.50,2.25
2012.09.28 07:31:10.178,0.77493,0.775,1.50,3.00
2012.09.28 07:31:12.779,0.77492,0.775,2.25,3.00
2012.09.28 07:31:18.563,0.77492,0.77498,1.50,1.50
2012.09.28 07:31:18.925,0.7749,0.77497,4.50,1.50
2012.09.28 07:31:19.619,0.77491,0.77498,1.50,1.50
2012.09.28 07:31:20.292,0.77492,0.77498,1.50,1.50
2012.09.28 07:31:38.823,0.77492,0.77499,1.50,1.50
2012.09.28 07:31:39.324,0.77492,0.775,2.25,2.63
2012.09.28 07:31:41.045,0.77492,0.775,1.50,3.75
2012.09.28 07:31:44.986,0.77493,0.77499,1.50,1.88
2012.09.28 07:31:45.368,0.77499,0.77505,4.50,3.75
2012.09.28 07:31:45.479,0.775,0.77506,3.75,5.33
2012.09.28 07:31:45.721,0.77501,0.77507,1.50,1.88
2012.09.28 07:31:48.801,0.77499,0.77505,1.50,1.50
2012.09.28 07:31:48.880,0.77498,0.77505,2.63,2.25
2012.09.28 07:31:49.401,0.77498,0.77505,1.50,3.75
2012.09.28 07:31:50.024,0.77498,0.77505,1.50,2.25
2012.09.28 07:31:51.639,0.77501,0.77508,1.50,3.00
2012.09.28 07:32:04.123,0.775,0.77506,2.25,3.23
2012.09.28 07:32:04.432,0.77498,0.77504,3.75,1.50
2012.09.28 07:32:04.940,0.775,0.77505,1.50,2.25
2012.09.28 07:32:05.175,0.775,0.77506,1.50,1.50
2012.09.28 07:32:06.112,0.77499,0.77505,3.00,1.50
2012.09.28 07:32:06.652,0.77498,0.77505,2.25,2.25
2012.09.28 07:32:06.883,0.775,0.77507,1.50,4.50
2012.09.28 07:32:11.613,0.77498,0.77505,1.50,3.00
2012.09.28 07:32:11.709,0.77496,0.77502,2.63,1.50
2012.09.28 07:32:12.025,0.77494,0.77501,4.50,1.50
2012.09.28 07:32:13.152,0.77496,0.77503,4.50,2.25
2012.09.28 07:32:20.501,0.77498,0.77505,4.13,3.75
2012.09.28 07:32:20.672,0.775,0.77505,1.50,2.25
2012.09.28 07:32:20.833,0.77501,0.77508,3.75,3.75
2012.09.28 07:32:21.139,0.77499,0.77505,1.50,1.50
2012.09.28 07:32:21.428,0.77501,0.77508,3.00,3.00
2012.09.28 07:32:24.296,0.775,0.77508,4.50,3.38
2012.09.28 07:32:24.380,0.77499,0.77507,1.50,1.50
2012.09.28 07:32:24.534,0.77498,0.77505,2.25,1.50
2012.09.28 07:32:25.040,0.77498,0.77505,1.50,1.50
2012.09.28 07:32:25.409,0.77495,0.77502,2.25,2.25
2012.09.28 07:32:26.223,0.77496,0.77503,1.50,1.50
2012.09.28 07:32:26.736,0.77495,0.77503,2.25,1.50
2012.09.28 07:32:33.820,0.77495,0.77502,2.25,1.50
2012.09.28 07:32:34.738,0.77495,0.77501,1.50,2.25
2012.09.28 07:32:54.213,0.77495,0.77502,3.75,2.25
2012.09.28 07:32:54.729,0.77496,0.77503,1.50,2.25
2012.09.28 07:32:56.944,0.77498,0.77504,3.75,3.38
2012.09.28 07:32:57.039,0.77498,0.77504,1.50,1.50
2012.09.28 07:32:57.210,0.77498,0.77505,2.25,2.25
2012.09.28 07:32:57.372,0.77501,0.77509,2.25,2.25
2012.09.28 07:32:57.892,0.77499,0.77507,2.25,3.00
2012.09.28 07:32:59.443,0.77496,0.77503,4.73,1.50
2012.09.28 07:32:59.539,0.77496,0.77501,1.35,1.50
2012.09.28 07:32:59.854,0.77493,0.775,5.63,1.50
2012.09.28 07:33:00.898,0.77495,0.77501,3.75,1.50
2012.09.28 07:33:01.606,0.77495,0.77502,3.75,1.13
2012.09.28 07:33:08.772,0.77495,0.77502,1.50,2.25
2012.09.28 07:33:09.483,0.77495,0.775,1.50,1.50
2012.09.28 07:33:09.643,0.77493,0.77499,1.50,1.50
2012.09.28 07:33:10.411,0.77493,0.775,6.00,2.25
2012.09.28 07:33:10.736,0.77498,0.77502,1.13,3.00
2012.09.28 07:33:11.056,0.77499,0.77505,2.25,1.88
2012.09.28 07:33:11.379,0.775,0.77506,4.50,1.13
2012.09.28 07:33:12.739,0.77499,0.77506,1.50,1.50
2012.09.28 07:33:13.215,0.77496,0.77503,6.98,1.50
2012.09.28 07:33:13.313,0.77498,0.77504,2.25,1.50
2012.09.28 07:33:13.411,0.77497,0.77503,1.88,2.63
2012.09.28 07:33:13.832,0.77497,0.77503,1.50,1.50
2012.09.28 07:33:14.005,0.77499,0.77506,1.50,3.38
2012.09.28 07:33:17.383,0.77499,0.77505,1.50,3.00
2012.09.28 07:33:17.632,0.77495,0.77502,3.38,3.00
2012.09.28 07:33:17.802,0.77495,0.77499,1.13,1.50
2012.09.28 07:33:18.109,0.77493,0.77499,1.50,2.25
2012.09.28 07:33:18.354,0.77492,0.77499,2.25,2.25
2012.09.28 07:33:20.186,0.77493,0.77501,2.25,4.13
2012.09.28 07:33:20.363,0.77498,0.77505,4.50,3.00
2012.09.28 07:33:21.799,0.77497,0.77504,1.50,1.50
2012.09.28 07:33:25.169,0.77496,0.77504,1.88,3.00
2012.09.28 07:33:25.645,0.77494,0.77501,4.50,1.50
2012.09.28 07:33:25.733,0.77493,0.77499,1.13,1.50
2012.09.28 07:33:27.253,0.77492,0.77499,3.75,2.25
2012.09.28 07:33:28.067,0.77494,0.77502,3.38,3.00
2012.09.28 07:33:28.167,0.77496,0.77503,2.25,1.50
2012.09.28 07:33:29.783,0.77495,0.77502,3.00,3.00
2012.09.28 07:33:30.920,0.77495,0.77502,2.25,1.50
2012.09.28 07:33:32.026,0.77496,0.77503,3.00,1.50
2012.09.28 07:33:32.124,0.77497,0.77504,5.63,2.25
2012.09.28 07:33:32.223,0.77497,0.77506,6.38,3.00
2012.09.28 07:33:33.354,0.77499,0.77506,1.88,1.50
2012.09.28 07:33:33.458,0.77497,0.77503,1.50,1.50
2012.09.28 07:33:35.251,0.77495,0.77502,4.50,1.50
2012.09.28 07:33:35.416,0.77495,0.77502,1.50,2.25
2012.09.28 07:33:35.664,0.77494,0.77501,1.50,2.25
2012.09.28 07:33:36.010,0.77492,0.77499,3.00,1.50
2012.09.28 07:33:38.398,0.77498,0.77504,4.13,4.13
2012.09.28 07:33:38.493,0.77497,0.77502,2.25,2.25
2012.09.28 07:33:38.679,0.77497,0.77503,1.50,3.00
2012.09.28 07:33:38.782,0.77495,0.77503,3.75,3.75
2012.09.28 07:33:39.921,0.77496,0.77503,2.25,2.25
2012.09.28 07:33:40.500,0.77497,0.77503,2.25,1.50
2012.09.28 07:33:41.010,0.77497,0.77503,1.50,1.50
2012.09.28 07:33:45.213,0.77496,0.77503,1.50,2.25
2012.09.28 07:33:45.861,0.77495,0.77502,4.50,1.50
2012.09.28 07:33:46.372,0.77497,0.77503,1.50,1.50
2012.09.28 07:33:47.358,0.77498,0.77505,3.75,3.38
2012.09.28 07:33:47.458,0.77498,0.77505,4.50,1.88
2012.09.28 07:33:50.232,0.77503,0.7751,3.75,1.88
2012.09.28 07:33:50.855,0.77503,0.77509,3.75,1.13
2012.09.28 07:33:51.193,0.77501,0.77508,1.50,2.25
2012.09.28 07:33:51.364,0.77501,0.77508,1.50,2.63
2012.09.28 07:33:51.783,0.77503,0.77509,1.50,1.50
2012.09.28 07:33:51.881,0.77506,0.77512,1.50,2.25
2012.09.28 07:33:52.318,0.77506,0.77514,1.50,3.00
2012.09.28 07:33:52.480,0.77506,0.77513,1.50,1.50
2012.09.28 07:33:53.792,0.77504,0.77512,4.50,4.50
2012.09.28 07:33:56.253,0.77505,0.77511,1.50,1.50
2012.09.28 07:34:01.091,0.77504,0.77511,1.50,1.50
2012.09.28 07:34:18.640,0.77505,0.77512,2.25,2.25
2012.09.28 07:34:18.926,0.77509,0.77515,2.25,1.50
2012.09.28 07:34:19.024,0.7751,0.77517,5.25,1.50
2012.09.28 07:34:19.203,0.77511,0.77518,2.25,1.50
2012.09.28 07:34:20.015,0.77511,0.77518,1.50,4.13
2012.09.28 07:34:23.552,0.77511,0.77518,3.00,1.50
2012.09.28 07:34:26.202,0.77512,0.77519,3.75,1.88
2012.09.28 07:34:26.686,0.77511,0.77518,3.75,1.50
2012.09.28 07:34:31.597,0.77511,0.77518,2.25,1.50
2012.09.28 07:34:32.404,0.77511,0.77518,2.25,1.88
2012.09.28 07:34:38.987,0.77511,0.77518,2.25,2.25
2012.09.28 07:34:43.821,0.77511,0.77518,2.25,1.50
2012.09.28 07:34:47.654,0.77511,0.77522,3.00,3.38
2012.09.28 07:34:47.753,0.77515,0.7752,1.50,1.50
2012.09.28 07:34:47.858,0.77515,0.77522,2.25,3.75
2012.09.28 07:34:48.437,0.77516,0.77522,1.50,2.25
2012.09.28 07:34:48.971,0.77515,0.77522,3.00,2.25
2012.09.28 07:34:52.827,0.77518,0.77524,3.00,1.50
2012.09.28 07:34:53.751,0.77517,0.77523,1.50,1.50
2012.09.28 07:34:53.847,0.77516,0.77523,3.38,2.25
2012.09.28 07:34:54.496,0.77516,0.77523,2.25,1.50
2012.09.28 07:34:55.052,0.77516,0.77523,1.50,1.50
2012.09.28 07:34:57.614,0.77517,0.77524,4.50,3.75
2012.09.28 07:34:57.863,0.77518,0.77524,1.50,2.25
2012.09.28 07:35:00.029,0.77517,0.77523,5.63,1.50
2012.09.28 07:35:00.443,0.77516,0.77524,3.00,2.25
2012.09.28 07:35:00.532,0.77518,0.77525,3.75,2.25
2012.09.28 07:35:00.687,0.77516,0.77523,4.88,1.50
2012.09.28 07:35:00.785,0.77517,0.77524,4.88,2.25
2012.09.28 07:35:05.762,0.77516,0.77522,2.25,1.50
2012.09.28 07:35:05.856,0.77516,0.77522,1.50,1.50
2012.09.28 07:35:06.024,0.77518,0.77524,3.75,2.25
2012.09.28 07:35:06.114,0.77516,0.77524,2.63,3.00
2012.09.28 07:35:07.137,0.77516,0.77524,2.63,3.00
2012.09.28 07:35:07.233,0.77518,0.77525,1.50,2.25
2012.09.28 07:35:07.653,0.77519,0.77526,2.25,1.50
2012.09.28 07:35:08.122,0.77518,0.77526,2.63,1.50
2012.09.28 07:35:11.698,0.77517,0.77525,6.38,1.50
2012.09.28 07:35:12.786,0.77517,0.77523,2.25,1.50
2012.09.28 07:35:13.260,0.77519,0.77523,3.75,1.50
2012.09.28 07:35:21.545,0.77516,0.77524,6.00,3.98
2012.09.28 07:35:21.711,0.77516,0.77522,3.75,1.50
2012.09.28 07:35:30.232,0.77516,0.77523,4.50,3.00
2012.09.28 07:35:31.850,0.77516,0.77523,3.75,2.25
2012.09.28 07:35:31.944,0.77516,0.77522,3.75,2.25
2012.09.28 07:35:32.114,0.77513,0.77519,4.50,1.35
2012.09.28 07:35:32.284,0.77511,0.77518,5.25,2.25
2012.09.28 07:35:32.599,0.77514,0.77518,3.75,1.50
2012.09.28 07:35:36.725,0.77517,0.77522,3.75,2.25
2012.09.28 07:35:37.289,0.77517,0.77523,4.50,1.50
2012.09.28 07:35:37.896,0.77519,0.77523,3.75,1.50
2012.09.28 07:35:38.989,0.77517,0.77523,4.50,2.25
2012.09.28 07:35:39.514,0.77517,0.77522,3.75,1.50
2012.09.28 07:35:48.538,0.77514,0.7752,1.50,1.50
2012.09.28 07:35:48.638,0.77514,0.7752,1.50,1.50
2012.09.28 07:35:51.128,0.77513,0.77519,3.75,2.25
2012.09.28 07:35:52.042,0.7751,0.77519,3.38,4.50
2012.09.28 07:35:53.637,0.77509,0.77515,1.50,1.50
2012.09.28 07:35:54.168,0.7751,0.77517,2.25,1.50
2012.09.28 07:36:01.950,0.77511,0.77516,3.75,1.50
2012.09.28 07:36:02.132,0.77508,0.77514,2.63,1.50
2012.09.28 07:36:03.300,0.77508,0.77515,2.25,2.25
2012.09.28 07:36:03.411,0.77514,0.77519,3.75,3.00
2012.09.28 07:36:03.950,0.77511,0.77519,1.50,2.25
2012.09.28 07:36:06.075,0.77509,0.77516,7.13,3.00
2012.09.28 07:36:06.265,0.7751,0.77518,1.50,3.00
2012.09.28 07:36:12.169,0.77512,0.77518,3.75,3.00
2012.09.28 07:36:12.355,0.77512,0.77518,3.75,2.25
2012.09.28 07:36:12.899,0.77512,0.77517,3.75,2.25
2012.09.28 07:36:42.982,0.77509,0.77516,1.50,3.00
2012.09.28 07:36:44.106,0.77509,0.77517,2.25,3.75
2012.09.28 07:36:59.700,0.77511,0.77517,3.75,3.00
2012.09.28 07:37:07.068,0.77511,0.77518,5.25,2.25
2012.09.28 07:37:07.170,0.77513,0.77518,3.75,1.50
2012.09.28 07:37:12.190,0.77513,0.7752,5.25,2.25
2012.09.28 07:37:12.287,0.77514,0.77521,1.50,3.38
2012.09.28 07:37:12.388,0.77517,0.77521,3.75,1.13
2012.09.28 07:37:12.892,0.77517,0.77522,3.75,1.13
2012.09.28 07:37:13.864,0.77517,0.77523,3.75,4.50
2012.09.28 07:37:14.562,0.77518,0.77523,3.75,4.50
2012.09.28 07:37:14.807,0.77516,0.77523,3.00,2.25
2012.09.28 07:37:20.138,0.77517,0.77524,2.25,1.50
2012.09.28 07:37:20.468,0.77519,0.77525,2.25,2.25
2012.09.28 07:37:20.647,0.7752,0.77527,3.00,2.25
2012.09.28 07:37:20.973,0.77523,0.77529,1.50,2.25
2012.09.28 07:37:22.235,0.77523,0.77529,2.25,1.50
2012.09.28 07:37:22.434,0.77524,0.77531,2.25,1.50
2012.09.28 07:37:22.529,0.77526,0.77532,1.50,2.25
2012.09.28 07:37:22.641,0.77526,0.77533,2.25,2.25
2012.09.28 07:37:22.917,0.77527,0.77532,1.50,1.50
2012.09.28 07:37:23.252,0.77527,0.77534,1.50,3.00
2012.09.28 07:37:26.417,0.77528,0.77532,1.50,1.50
2012.09.28 07:37:26.945,0.77529,0.77534,1.50,1.50
2012.09.28 07:37:27.282,0.77529,0.77535,1.50,1.50
2012.09.28 07:37:27.571,0.77528,0.77535,1.50,4.50
2012.09.28 07:37:27.672,0.77528,0.77533,1.50,2.25
2012.09.28 07:37:30.968,0.77523,0.77529,1.50,1.50
2012.09.28 07:37:31.176,0.77522,0.77528,1.88,1.50
2012.09.28 07:37:31.267,0.77523,0.77529,1.50,2.25
2012.09.28 07:37:31.833,0.77522,0.77528,2.63,1.50
2012.09.28 07:37:33.024,0.77523,0.7753,3.75,3.75
2012.09.28 07:37:33.297,0.77525,0.77529,1.50,1.50
2012.09.28 07:37:33.740,0.77522,0.77529,1.50,3.00
2012.09.28 07:37:39.388,0.77528,0.77534,3.75,5.25
2012.09.28 07:37:39.663,0.77529,0.77534,1.50,1.50
2012.09.28 07:37:39.838,0.77529,0.77534,1.50,1.50
2012.09.28 07:37:40.398,0.77527,0.77534,1.50,1.50
2012.09.28 07:37:40.562,0.77527,0.77534,1.50,1.50
2012.09.28 07:37:41.659,0.77522,0.77528,1.50,1.50
2012.09.28 07:37:41.755,0.77522,0.77529,3.00,3.00
2012.09.28 07:37:42.680,0.77523,0.77531,1.88,3.00
2012.09.28 07:37:42.779,0.77527,0.77532,5.63,1.50
2012.09.28 07:37:42.976,0.77529,0.77535,1.50,1.50
2012.09.28 07:37:43.238,0.77528,0.77535,2.25,2.25
2012.09.28 07:37:43.742,0.77528,0.77533,1.50,1.50
2012.09.28 07:37:45.143,0.77528,0.77534,1.50,1.50
2012.09.28 07:37:53.471,0.77526,0.77532,1.50,1.50
2012.09.28 07:37:54.346,0.77525,0.77532,3.00,2.25
2012.09.28 07:37:54.928,0.77525,0.77532,2.25,1.50
2012.09.28 07:37:55.120,0.77528,0.77533,1.50,1.50
2012.09.28 07:37:55.548,0.77529,0.77536,2.25,2.25
2012.09.28 07:37:58.091,0.77528,0.77534,1.50,1.50
2012.09.28 07:37:59.738,0.77526,0.77532,3.00,1.50
2012.09.28 07:38:00.096,0.77524,0.77532,4.13,1.50
2012.09.28 07:38:00.821,0.77524,0.77532,2.63,3.00
2012.09.28 07:38:01.779,0.77528,0.77533,1.50,2.25
2012.09.28 07:38:01.884,0.77528,0.77534,2.25,3.00
2012.09.28 07:38:02.227,0.77528,0.77536,3.38,1.50
2012.09.28 07:38:02.923,0.77529,0.77536,1.50,1.50
2012.09.28 07:38:04.199,0.77528,0.77535,2.25,1.50
2012.09.28 07:38:04.295,0.77528,0.77535,2.25,1.50
2012.09.28 07:38:06.501,0.7753,0.77536,1.50,3.75
2012.09.28 07:38:08.789,0.7753,0.77535,1.50,2.63
2012.09.28 07:38:10.729,0.77529,0.77536,1.50,2.25
2012.09.28 07:38:10.926,0.77528,0.77534,2.25,1.50
2012.09.28 07:38:12.932,0.77527,0.77533,1.50,1.50
2012.09.28 07:38:15.206,0.77526,0.77534,2.25,1.88
2012.09.28 07:38:15.387,0.77527,0.77534,2.25,1.50
2012.09.28 07:38:18.408,0.77527,0.77533,1.50,2.25
2012.09.28 07:38:18.504,0.77527,0.77533,1.50,2.25
2012.09.28 07:38:18.595,0.77524,0.7753,1.50,1.50
2012.09.28 07:38:18.784,0.77523,0.77528,2.25,1.50
2012.09.28 07:38:23.950,0.77523,0.77531,2.63,3.00
2012.09.28 07:38:24.046,0.77525,0.77531,1.50,1.50
2012.09.28 07:38:26.152,0.77526,0.77532,3.00,1.50
2012.09.28 07:38:26.261,0.7753,0.77535,1.50,1.88
2012.09.28 07:38:26.452,0.77531,0.77537,1.50,3.38
2012.09.28 07:38:26.732,0.7753,0.77534,1.50,2.63
2012.09.28 07:38:28.649,0.7753,0.77537,2.25,4.13
2012.09.28 07:38:28.749,0.77532,0.77537,1.50,3.38
2012.09.28 07:38:29.269,0.7753,0.77534,1.50,2.63
2012.09.28 07:38:30.051,0.77531,0.77537,1.50,1.88
2012.09.28 07:38:40.736,0.77527,0.77531,1.50,2.63
2012.09.28 07:38:40.835,0.77527,0.77535,2.25,2.25
2012.09.28 07:38:41.937,0.77528,0.77534,2.25,3.38
2012.09.28 07:38:43.536,0.77528,0.77536,2.25,3.00
2012.09.28 07:38:44.089,0.77529,0.77536,1.50,1.50
2012.09.28 07:38:49.575,0.77528,0.77536,1.50,1.50
2012.09.28 07:38:52.428,0.77528,0.77534,1.50,3.38
2012.09.28 07:39:04.803,0.77528,0.77534,1.50,3.38
2012.09.28 07:39:21.209,0.77527,0.77534,3.00,4.13
2012.09.28 07:39:36.336,0.77528,0.77537,2.63,3.00
2012.09.28 07:39:36.959,0.7753,0.77537,1.50,2.25
2012.09.28 07:39:39.430,0.77528,0.77535,4.13,4.13
2012.09.28 07:39:39.671,0.77524,0.77532,3.38,5.63
2012.09.28 07:39:39.997,0.77526,0.77532,2.63,3.38
2012.09.28 07:39:40.505,0.77528,0.77534,1.88,3.38
2012.09.28 07:39:41.357,0.77528,0.77533,1.88,1.50
2012.09.28 07:39:41.765,0.7753,0.77536,1.50,5.25
2012.09.28 07:39:41.943,0.7753,0.77536,2.25,2.25
2012.09.28 07:39:43.278,0.77531,0.77537,1.50,1.50
2012.09.28 07:39:43.391,0.77533,0.77539,1.50,1.50
2012.09.28 07:39:45.614,0.77533,0.7754,6.15,1.50
2012.09.28 07:39:45.706,0.77534,0.7754,1.50,1.50
2012.09.28 07:39:46.731,0.77536,0.77543,3.00,3.75
2012.09.28 07:39:47.774,0.77541,0.77547,1.50,1.50
2012.09.28 07:39:48.334,0.77539,0.77546,1.88,1.50
2012.09.28 07:39:49.244,0.77539,0.77546,1.50,1.50
2012.09.28 07:39:49.791,0.77539,0.77546,1.50,1.50
2012.09.28 07:39:51.710,0.77539,0.77546,1.50,1.50
2012.09.28 07:39:52.121,0.77538,0.77545,2.25,1.50
2012.09.28 07:39:54.593,0.77539,0.77551,1.50,4.13
2012.09.28 07:39:54.858,0.77546,0.77551,2.10,1.50
2012.09.28 07:39:54.954,0.77548,0.77553,1.88,1.88
2012.09.28 07:39:55.048,0.77549,0.77554,1.50,1.50
2012.09.28 07:39:55.775,0.77549,0.77556,1.50,3.00
2012.09.28 07:39:56.358,0.77549,0.77555,1.50,2.25
2012.09.28 07:39:56.454,0.77547,0.77554,1.50,1.50
2012.09.28 07:39:57.020,0.77547,0.77554,1.50,1.50
2012.09.28 07:40:00.361,0.77545,0.77551,3.00,1.50
2012.09.28 07:40:01.866,0.77547,0.77554,1.50,2.25
2012.09.28 07:40:02.430,0.77549,0.77555,1.50,1.50
2012.09.28 07:40:03.405,0.77547,0.77553,3.00,1.50
2012.09.28 07:40:03.672,0.77545,0.77552,3.38,2.25
2012.09.28 07:40:03.848,0.77545,0.77552,2.63,3.00
2012.09.28 07:40:04.266,0.77545,0.7755,1.50,2.25
2012.09.28 07:40:05.055,0.77543,0.77547,3.75,1.50
2012.09.28 07:40:05.158,0.77543,0.77547,3.75,1.50
2012.09.28 07:40:05.505,0.77546,0.7755,4.50,3.00
2012.09.28 07:40:05.607,0.77543,0.7755,2.25,2.25
2012.09.28 07:40:05.850,0.77546,0.77551,1.50,2.25
2012.09.28 07:40:06.855,0.77546,0.77554,1.88,3.38
2012.09.28 07:40:07.030,0.77549,0.77555,1.50,4.95
2012.09.28 07:40:07.954,0.77549,0.77553,1.50,1.50
2012.09.28 07:40:08.457,0.77546,0.77554,2.25,4.13
2012.09.28 07:40:09.520,0.77549,0.77554,1.50,1.50
2012.09.28 07:40:09.951,0.77544,0.77551,3.00,1.50
2012.09.28 07:40:10.775,0.77544,0.77549,1.50,1.50
2012.09.28 07:40:11.281,0.77543,0.77548,4.50,2.25
2012.09.28 07:40:11.857,0.77543,0.77548,4.50,1.50
2012.09.28 07:40:12.124,0.77543,0.7755,5.25,4.13
2012.09.28 07:40:12.996,0.77543,0.77549,4.50,2.25
2012.09.28 07:40:13.503,0.77543,0.77548,3.75,1.50
2012.09.28 07:40:14.285,0.77543,0.7755,9.60,3.38
2012.09.28 07:40:14.616,0.77546,0.77552,3.00,1.88
2012.09.28 07:40:15.138,0.77546,0.77554,3.00,2.25
2012.09.28 07:40:15.626,0.77549,0.77555,2.85,3.38
2012.09.28 07:40:15.782,0.77552,0.77558,2.25,2.25
2012.09.28 07:40:15.945,0.77552,0.77559,2.25,2.25
2012.09.28 07:40:16.489,0.77553,0.7756,1.50,3.00
2012.09.28 07:40:17.583,0.77554,0.77561,2.25,2.63
2012.09.28 07:40:17.762,0.77556,0.77564,4.50,5.48
2012.09.28 07:40:17.856,0.77557,0.77563,2.25,1.13
2012.09.28 07:40:18.416,0.77558,0.77564,1.50,1.50
2012.09.28 07:40:21.279,0.77559,0.77566,1.50,3.75
2012.09.28 07:40:22.377,0.7756,0.77567,2.25,1.88
2012.09.28 07:40:23.207,0.7756,0.77566,1.50,3.00
2012.09.28 07:40:23.609,0.77557,0.77563,1.50,2.25
2012.09.28 07:40:23.789,0.77556,0.77563,1.50,2.25
2012.09.28 07:40:24.293,0.77555,0.7756,2.25,1.50
2012.09.28 07:40:25.988,0.77556,0.77563,2.25,3.75
2012.09.28 07:40:26.824,0.77556,0.77563,1.50,3.75
2012.09.28 07:40:27.272,0.77554,0.7756,1.50,2.25
2012.09.28 07:40:27.612,0.77553,0.7756,2.25,2.25
2012.09.28 07:40:27.706,0.77554,0.7756,1.50,1.50
2012.09.28 07:40:28.549,0.77551,0.77558,3.00,1.50
2012.09.28 07:40:28.841,0.7755,0.77556,6.00,1.50
2012.09.28 07:40:29.774,0.77551,0.77558,2.25,2.25
2012.09.28 07:40:30.757,0.77551,0.77558,1.50,3.00
2012.09.28 07:40:33.207,0.7755,0.77557,1.50,2.25
2012.09.28 07:40:33.726,0.7755,0.77558,2.25,4.13
2012.09.28 07:40:34.381,0.7755,0.77557,1.50,2.25
2012.09.28 07:40:34.645,0.77549,0.77556,2.25,2.25
2012.09.28 07:40:36.841,0.7755,0.77557,1.50,2.25
2012.09.28 07:40:41.425,0.77549,0.77556,2.25,2.25
2012.09.28 07:40:44.837,0.77549,0.77556,3.75,1.50
2012.09.28 07:40:45.994,0.77548,0.77555,3.75,2.25
2012.09.28 07:40:46.085,0.77552,0.77558,1.50,3.60
2012.09.28 07:40:49.331,0.7755,0.77556,1.50,1.50
2012.09.28 07:40:57.811,0.77548,0.77555,3.75,1.50
2012.09.28 07:40:58.073,0.77548,0.77555,3.00,2.25
2012.09.28 07:41:02.177,0.77549,0.77555,1.50,1.50
2012.09.28 07:41:02.737,0.77546,0.77554,6.38,3.00
2012.09.28 07:41:04.670,0.77549,0.77555,1.13,1.50
2012.09.28 07:41:05.214,0.77546,0.77554,4.13,3.00
2012.09.28 07:41:05.935,0.77549,0.77556,1.13,2.25
2012.09.28 07:41:06.106,0.77548,0.77552,1.50,1.50
2012.09.28 07:41:06.675,0.77547,0.77553,1.50,1.50
2012.09.28 07:41:06.757,0.77549,0.77555,1.50,1.50
2012.09.28 07:41:07.272,0.7755,0.77556,1.50,1.50
2012.09.28 07:41:07.367,0.77551,0.77558,1.50,2.25
2012.09.28 07:41:07.543,0.77553,0.77559,1.50,2.25
2012.09.28 07:41:08.546,0.77553,0.77561,1.50,5.25
2012.09.28 07:41:09.153,0.77556,0.77561,2.25,3.00
2012.09.28 07:41:09.422,0.77553,0.7756,2.25,1.50
2012.09.28 07:41:09.599,0.77555,0.77562,2.25,2.25
2012.09.28 07:41:09.693,0.77554,0.77561,4.50,1.50
2012.09.28 07:41:11.895,0.77555,0.77561,1.50,1.50
2012.09.28 07:41:11.991,0.77555,0.77562,1.50,1.50
2012.09.28 07:41:12.182,0.77553,0.77559,3.00,1.50
2012.09.28 07:41:13.069,0.77553,0.77558,2.25,1.50
2012.09.28 07:41:13.411,0.7755,0.77558,3.00,3.75
2012.09.28 07:41:14.371,0.77551,0.77558,2.25,1.50
2012.09.28 07:41:26.900,0.77552,0.77558,1.50,1.50
2012.09.28 07:41:27.453,0.77554,0.77561,1.50,2.25
2012.09.28 07:41:41.618,0.77554,0.77561,3.00,1.50
2012.09.28 07:41:41.711,0.77555,0.77562,1.50,2.25
2012.09.28 07:41:42.033,0.77554,0.77562,3.38,2.25
2012.09.28 07:41:46.850,0.77554,0.77561,1.50,1.50
2012.09.28 07:41:48.470,0.77554,0.77562,3.00,2.25
2012.09.28 07:41:49.800,0.77554,0.77561,2.25,2.25
2012.09.28 07:41:54.420,0.77554,0.77559,1.50,1.50
2012.09.28 07:41:54.752,0.77554,0.77561,2.25,2.25
2012.09.28 07:41:55.364,0.77553,0.77559,1.50,1.50
2012.09.28 07:41:55.531,0.77552,0.77558,1.50,2.25
2012.09.28 07:41:55.627,0.7755,0.77558,3.00,3.00
2012.09.28 07:41:55.723,0.77552,0.77558,1.50,1.50
2012.09.28 07:41:56.351,0.77552,0.77559,2.25,2.25
2012.09.28 07:41:56.522,0.77553,0.7756,3.00,3.38
2012.09.28 07:41:56.870,0.77553,0.77559,1.50,1.50
2012.09.28 07:41:57.915,0.77553,0.7756,3.75,1.50
2012.09.28 07:41:58.435,0.77554,0.7756,1.50,1.50
2012.09.28 07:41:58.680,0.77555,0.77562,1.50,3.75
2012.09.28 07:41:59.028,0.77552,0.77559,3.00,1.50
2012.09.28 07:41:59.217,0.77553,0.77559,1.50,1.50
2012.09.28 07:41:59.317,0.77555,0.77561,1.50,2.25
2012.09.28 07:42:01.554,0.77555,0.77561,1.50,1.50
2012.09.28 07:42:01.639,0.77553,0.77561,2.63,3.75
2012.09.28 07:42:02.537,0.77553,0.7756,2.25,2.25
2012.09.28 07:42:03.115,0.77554,0.7756,2.25,1.50
2012.09.28 07:42:05.654,0.77553,0.7756,2.25,2.25
2012.09.28 07:42:12.542,0.77553,0.77558,1.50,1.50
2012.09.28 07:42:25.475,0.77551,0.77558,3.75,1.50
2012.09.28 07:42:27.599,0.77551,0.77558,2.25,1.50
2012.09.28 07:42:28.942,0.7755,0.77557,1.50,3.00
2012.09.28 07:42:29.098,0.77551,0.77557,2.25,1.50
2012.09.28 07:42:34.211,0.77553,0.77559,2.25,2.25
2012.09.28 07:42:35.058,0.77551,0.77558,2.25,1.50
2012.09.28 07:42:36.734,0.77551,0.77558,1.50,1.50
2012.09.28 07:42:36.982,0.7755,0.77556,1.50,1.50
2012.09.28 07:42:37.139,0.7755,0.77557,2.25,1.50
2012.09.28 07:42:37.234,0.7755,0.77556,1.50,1.50
2012.09.28 07:42:37.568,0.77551,0.77558,1.50,2.63
2012.09.28 07:42:38.055,0.7755,0.77557,2.25,1.50
2012.09.28 07:42:39.164,0.7755,0.77557,2.25,1.50
2012.09.28 07:42:42.662,0.7755,0.77555,3.00,1.50
2012.09.28 07:42:47.226,0.7755,0.77556,4.88,1.50
2012.09.28 07:42:47.763,0.7755,0.77558,3.75,3.75
2012.09.28 07:42:48.836,0.7755,0.77555,1.88,2.25
2012.09.28 07:42:52.243,0.77548,0.77555,1.50,2.25
2012.09.28 07:42:52.333,0.77548,0.77555,1.50,3.75
2012.09.28 07:42:52.665,0.7755,0.77555,1.50,2.25
2012.09.28 07:42:52.836,0.7755,0.77556,1.50,3.00
2012.09.28 07:42:53.359,0.7755,0.77556,1.88,1.50
2012.09.28 07:42:53.613,0.77552,0.7756,2.25,6.00
2012.09.28 07:42:54.929,0.77551,0.77557,2.25,2.25
2012.09.28 07:42:55.022,0.7755,0.77556,2.25,1.50
2012.09.28 07:42:55.569,0.77551,0.77556,1.50,1.50
2012.09.28 07:42:56.727,0.77548,0.77555,3.75,2.25
2012.09.28 07:42:57.237,0.7755,0.77556,1.50,1.50
2012.09.28 07:42:57.488,0.7755,0.77557,2.25,1.50
2012.09.28 07:43:01.630,0.77551,0.77557,3.00,1.50
2012.09.28 07:43:21.638,0.77551,0.77558,1.50,2.25
2012.09.28 07:43:41.586,0.77552,0.77558,1.50,1.50
2012.09.28 07:43:41.830,0.77554,0.77561,2.25,2.25
2012.09.28 07:43:41.994,0.77554,0.77561,1.50,2.25
2012.09.28 07:43:43.215,0.77553,0.77559,1.88,1.50
2012.09.28 07:43:45.438,0.77553,0.77561,3.75,3.00
2012.09.28 07:43:45.762,0.77553,0.77558,1.50,1.50
2012.09.28 07:43:49.322,0.77551,0.77558,4.13,1.50
2012.09.28 07:43:50.177,0.77551,0.77558,4.13,1.50
2012.09.28 07:43:50.420,0.77553,0.77561,3.00,2.25
2012.09.28 07:43:52.690,0.77553,0.77561,3.38,1.50
2012.09.28 07:43:53.165,0.77553,0.77559,1.88,1.50
2012.09.28 07:43:53.789,0.77552,0.77558,1.50,1.50
2012.09.28 07:43:54.898,0.77553,0.7756,2.25,2.25
2012.09.28 07:43:55.070,0.77553,0.7756,3.00,1.50
2012.09.28 07:43:56.021,0.77553,0.77558,1.88,1.50
2012.09.28 07:43:57.238,0.77553,0.77559,2.25,1.50
2012.09.28 07:43:57.969,0.77554,0.7756,1.50,1.50
2012.09.28 07:43:58.066,0.77553,0.7756,2.63,2.25
2012.09.28 07:44:01.512,0.77553,0.7756,1.50,2.25
2012.09.28 07:44:01.684,0.77553,0.7756,2.25,1.50
2012.09.28 07:44:05.629,0.77553,0.77559,1.50,1.50
2012.09.28 07:44:06.138,0.77552,0.77558,1.88,1.50
2012.09.28 07:44:19.801,0.77552,0.77559,3.75,1.50
2012.09.28 07:44:20.049,0.77552,0.77558,1.50,1.50
2012.09.28 07:44:21.719,0.77552,0.77558,1.50,1.50
2012.09.28 07:44:22.273,0.77552,0.77559,2.25,3.00
2012.09.28 07:44:24.183,0.77555,0.7756,1.50,1.88
2012.09.28 07:44:24.288,0.77556,0.77563,2.25,2.25
2012.09.28 07:44:24.393,0.7756,0.77564,2.25,1.50
2012.09.28 07:44:25.304,0.77559,0.77565,2.25,1.88
2012.09.28 07:44:25.761,0.77561,0.77566,1.50,1.13
2012.09.28 07:44:26.857,0.77567,0.77572,1.50,5.44
2012.09.28 07:44:26.965,0.77566,0.77571,1.88,2.25
2012.09.28 07:44:27.602,0.77566,0.77571,2.25,1.50
2012.09.28 07:44:27.834,0.77568,0.77575,3.00,3.75
2012.09.28 07:44:28.080,0.77572,0.77578,1.50,2.25
2012.09.28 07:44:30.754,0.77571,0.77578,1.50,3.00
2012.09.28 07:44:31.628,0.77573,0.7758,1.50,4.13
2012.09.28 07:44:31.870,0.77574,0.77581,2.25,3.00
2012.09.28 07:44:32.536,0.77575,0.77581,1.50,3.00
2012.09.28 07:44:34.049,0.77573,0.77581,2.25,2.25
2012.09.28 07:44:34.998,0.77572,0.77578,2.25,1.50
2012.09.28 07:44:36.183,0.77571,0.77578,3.00,1.50
2012.09.28 07:44:36.279,0.77573,0.7758,2.25,4.88
2012.09.28 07:44:36.458,0.77572,0.77578,1.50,1.50
2012.09.28 07:44:37.378,0.77571,0.77578,2.25,3.00
2012.09.28 07:44:41.773,0.77571,0.77577,2.25,3.38
2012.09.28 07:44:42.657,0.77571,0.77577,1.50,4.13
2012.09.28 07:44:42.990,0.77568,0.77572,3.38,2.63
2012.09.28 07:44:43.473,0.77569,0.77576,1.50,1.50
2012.09.28 07:44:43.985,0.77568,0.77575,1.50,6.00
2012.09.28 07:44:44.677,0.77568,0.77572,1.50,2.63
2012.09.28 07:44:44.783,0.77568,0.77574,2.25,1.50
2012.09.28 07:44:46.277,0.77568,0.77575,2.25,1.50
2012.09.28 07:44:46.897,0.77568,0.77574,2.25,1.50
2012.09.28 07:44:47.478,0.77568,0.77574,2.25,1.50
2012.09.28 07:44:48.489,0.77565,0.7757,1.35,1.50
2012.09.28 07:44:49.161,0.77564,0.77569,1.50,1.50
2012.09.28 07:44:49.274,0.77564,0.7757,2.25,1.50
2012.09.28 07:44:53.845,0.77563,0.77568,2.25,1.50
2012.09.28 07:44:54.754,0.77563,0.77568,3.75,1.50
2012.09.28 07:44:58.722,0.77563,0.77569,3.00,1.50
2012.09.28 07:44:58.815,0.77563,0.77569,2.25,2.25
2012.09.28 07:45:00.835,0.77563,0.7757,1.50,1.50
2012.09.28 07:45:03.666,0.77567,0.77572,2.25,1.88
2012.09.28 07:45:03.947,0.77568,0.77574,1.50,2.63
2012.09.28 07:45:04.503,0.77568,0.77574,1.50,6.38
2012.09.28 07:45:04.730,0.77564,0.77572,4.80,1.13
2012.09.28 07:45:04.882,0.77565,0.77572,1.50,1.13
2012.09.28 07:45:05.219,0.77563,0.77569,1.50,1.50
2012.09.28 07:45:05.771,0.77564,0.7757,1.50,1.50
2012.09.28 07:45:05.864,0.77564,0.77569,1.50,1.50
2012.09.28 07:45:08.023,0.77562,0.77568,1.50,1.50
2012.09.28 07:45:08.588,0.77562,0.77568,1.50,1.50
2012.09.28 07:45:08.687,0.77563,0.7757,3.00,2.25
2012.09.28 07:45:08.774,0.77562,0.7757,2.25,3.00
2012.09.28 07:45:09.297,0.77561,0.77569,2.25,2.25
2012.09.28 07:45:11.499,0.77562,0.77567,3.00,1.20
2012.09.28 07:45:12.063,0.77563,0.77569,1.50,1.28
2012.09.28 07:45:12.648,0.77563,0.77569,1.50,1.50
2012.09.28 07:45:13.579,0.77563,0.77569,1.50,1.43
2012.09.28 07:45:14.569,0.77564,0.7757,1.50,1.50
2012.09.28 07:45:15.076,0.77563,0.77569,1.50,1.50
2012.09.28 07:45:19.761,0.77562,0.77569,3.00,1.50
2012.09.28 07:45:20.946,0.77563,0.77569,2.25,1.50
2012.09.28 07:45:21.028,0.77563,0.7757,2.25,1.13
2012.09.28 07:45:21.753,0.77565,0.77571,1.50,1.13
2012.09.28 07:45:26.193,0.77563,0.77569,1.13,1.50
2012.09.28 07:45:27.964,0.77565,0.77572,1.50,2.25
2012.09.28 07:45:28.533,0.77564,0.7757,1.50,1.50
2012.09.28 07:45:37.813,0.77563,0.77569,1.50,1.50
2012.09.28 07:45:37.982,0.77562,0.77567,1.50,1.50
2012.09.28 07:45:38.314,0.77561,0.77566,1.50,1.50
2012.09.28 07:45:38.860,0.77559,0.77566,5.25,1.50
2012.09.28 07:45:42.030,0.77558,0.77566,2.25,3.75
2012.09.28 07:45:42.531,0.77558,0.77565,2.25,1.50
2012.09.28 07:45:44.649,0.77556,0.77562,3.75,1.50
2012.09.28 07:45:44.908,0.77557,0.77565,3.60,2.25
2012.09.28 07:45:46.777,0.77556,0.77564,3.00,1.50
2012.09.28 07:45:51.285,0.77556,0.77564,3.00,2.25
2012.09.28 07:45:53.240,0.77556,0.77564,3.00,2.25
2012.09.28 07:45:53.412,0.77557,0.77566,1.50,5.25
2012.09.28 07:45:54.089,0.77556,0.77564,3.00,1.50
2012.09.28 07:46:09.496,0.77558,0.77566,2.25,3.75
2012.09.28 07:46:10.006,0.77558,0.77566,2.25,5.25
2012.09.28 07:46:19.084,0.77558,0.77565,1.50,1.35
2012.09.28 07:46:21.884,0.77557,0.77564,5.25,3.60
2012.09.28 07:46:22.052,0.77557,0.77565,5.25,2.55
2012.09.28 07:46:22.591,0.77556,0.77562,3.00,1.43
2012.09.28 07:46:23.568,0.77556,0.77562,3.75,1.50
2012.09.28 07:46:46.495,0.77558,0.77564,2.25,2.25
2012.09.28 07:46:47.597,0.77558,0.77564,1.50,1.50
2012.09.28 07:46:49.222,0.77557,0.77564,1.50,1.50
2012.09.28 07:46:49.312,0.77556,0.77563,2.25,3.38
2012.09.28 07:46:50.823,0.77556,0.77563,2.25,1.50
2012.09.28 07:46:51.155,0.77558,0.77564,1.50,1.50
2012.09.28 07:46:52.351,0.77559,0.77564,2.25,1.50
2012.09.28 07:46:52.753,0.77555,0.77561,4.88,1.50
2012.09.28 07:46:53.102,0.77557,0.77563,1.50,4.50
2012.09.28 07:46:53.612,0.77558,0.77564,1.50,3.00
2012.09.28 07:46:53.706,0.77557,0.77563,1.50,2.25
2012.09.28 07:46:54.038,0.77558,0.77565,1.50,1.50
2012.09.28 07:46:54.561,0.77558,0.77564,2.25,1.13
2012.09.28 07:46:54.659,0.77556,0.77562,1.13,1.50
2012.09.28 07:46:56.203,0.77556,0.77561,1.13,1.50
2012.09.28 07:46:58.161,0.77554,0.7756,1.50,1.50
2012.09.28 07:47:00.116,0.77555,0.77561,3.38,2.25
2012.09.28 07:47:01.503,0.77558,0.77565,4.50,3.75
2012.09.28 07:47:02.061,0.77557,0.77563,1.50,1.50
2012.09.28 07:47:05.860,0.77558,0.77565,4.50,2.25
2012.09.28 07:47:10.660,0.77561,0.77567,1.50,2.25
2012.09.28 07:47:11.557,0.77561,0.77566,1.50,1.50
2012.09.28 07:47:11.689,0.77562,0.77569,2.25,3.00
2012.09.28 07:47:15.905,0.77562,0.77569,3.00,2.25
2012.09.28 07:47:16.472,0.77563,0.77569,1.50,2.25
2012.09.28 07:47:17.490,0.77563,0.77571,2.25,5.25
2012.09.28 07:47:19.707,0.77563,0.7757,1.50,1.50
2012.09.28 07:47:24.266,0.77562,0.77568,1.50,1.50
2012.09.28 07:47:24.809,0.77561,0.77567,3.00,1.50
2012.09.28 07:47:25.026,0.77562,0.77568,1.50,2.25
2012.09.28 07:47:26.237,0.77562,0.77569,1.50,2.25
2012.09.28 07:47:30.179,0.77562,0.7757,1.50,1.50
2012.09.28 07:47:30.736,0.77561,0.77569,5.25,1.50
2012.09.28 07:47:31.158,0.77561,0.77568,3.75,1.50
2012.09.28 07:47:32.662,0.77563,0.77569,2.25,2.25
2012.09.28 07:47:32.993,0.77568,0.77574,4.50,1.50
2012.09.28 07:47:33.538,0.77569,0.77575,2.25,1.50
2012.09.28 07:47:40.053,0.77566,0.77573,2.63,1.50
2012.09.28 07:47:40.309,0.77564,0.7757,8.63,3.00
2012.09.28 07:47:40.496,0.77564,0.7757,5.25,2.25
2012.09.28 07:47:40.592,0.77565,0.77571,7.50,2.25
2012.09.28 07:47:40.688,0.77565,0.77572,7.50,3.00
2012.09.28 07:47:43.965,0.77565,0.77571,7.50,3.75
2012.09.28 07:47:44.059,0.77563,0.7757,4.50,2.25
2012.09.28 07:47:49.767,0.77564,0.7757,1.50,1.50
2012.09.28 07:47:50.819,0.77563,0.7757,5.25,1.50
2012.09.28 07:47:52.927,0.77563,0.77568,4.50,1.50
2012.09.28 07:47:53.246,0.77565,0.77571,7.50,2.63
2012.09.28 07:47:53.906,0.77565,0.77572,7.50,3.38
2012.09.28 07:47:54.280,0.77564,0.7757,1.50,1.50
2012.09.28 07:47:58.027,0.77559,0.77566,3.75,2.25
2012.09.28 07:47:58.881,0.77562,0.77567,3.75,1.88
2012.09.28 07:48:00.992,0.77564,0.77571,1.50,2.25
2012.09.28 07:48:01.405,0.77563,0.7757,5.25,1.50
2012.09.28 07:48:01.579,0.77562,0.77568,4.50,1.50
2012.09.28 07:48:01.919,0.77557,0.77562,4.50,1.13
2012.09.28 07:48:02.023,0.77557,0.77562,3.75,1.88
2012.09.28 07:48:08.491,0.77561,0.77566,3.75,1.88
2012.09.28 07:48:08.588,0.77561,0.77566,3.75,1.50
2012.09.28 07:48:08.798,0.7756,0.77566,1.50,2.25
2012.09.28 07:48:08.903,0.7756,0.77568,2.25,5.63
2012.09.28 07:48:09.249,0.77561,0.77568,3.75,5.25
2012.09.28 07:48:09.824,0.77559,0.77565,4.50,1.50
2012.09.28 07:48:14.354,0.77557,0.77564,1.50,3.00
2012.09.28 07:48:14.912,0.77556,0.77563,3.75,1.50
2012.09.28 07:48:20.528,0.77556,0.77562,3.75,1.88
2012.09.28 07:48:23.539,0.77556,0.77562,4.50,1.13
2012.09.28 07:48:37.859,0.77557,0.77561,3.75,1.50
2012.09.28 07:48:49.354,0.77555,0.77561,1.50,2.25
2012.09.28 07:48:49.692,0.77553,0.7756,2.25,3.00
2012.09.28 07:48:50.054,0.77552,0.77559,1.50,2.25
2012.09.28 07:48:51.296,0.77552,0.77558,2.25,1.50
2012.09.28 07:49:44.802,0.77552,0.77558,3.00,1.50
2012.09.28 07:49:44.906,0.77554,0.77561,1.50,1.50
2012.09.28 07:49:46.634,0.77553,0.77559,4.24,1.50
2012.09.28 07:49:48.015,0.77552,0.77559,6.38,3.00
2012.09.28 07:49:48.265,0.7755,0.77557,7.55,1.50
2012.09.28 07:49:48.767,0.77552,0.77558,1.50,2.25
2012.09.28 07:49:51.125,0.77552,0.77558,2.25,3.00
2012.09.28 07:50:09.048,0.77553,0.77558,1.50,1.50
2012.09.28 07:50:09.135,0.77554,0.77559,2.25,1.50
2012.09.28 07:50:09.302,0.77555,0.77561,1.50,2.25
2012.09.28 07:50:12.318,0.77555,0.77561,1.50,2.25
2012.09.28 07:50:16.306,0.77555,0.77561,1.50,2.25
2012.09.28 07:50:46.141,0.77557,0.77562,3.75,3.38
2012.09.28 07:50:52.939,0.77559,0.77563,3.75,3.00
2012.09.28 07:50:53.196,0.77554,0.77561,8.25,1.50
2012.09.28 07:50:53.283,0.77555,0.77562,1.50,1.50
2012.09.28 07:50:57.462,0.77556,0.77562,1.50,2.25
2012.09.28 07:50:58.020,0.77556,0.77562,1.50,2.25
2012.09.28 07:51:01.844,0.77558,0.77565,3.75,3.00
2012.09.28 07:51:02.332,0.77557,0.77563,2.25,2.25
2012.09.28 07:51:02.503,0.77557,0.77564,5.25,2.25
2012.09.28 07:51:03.310,0.77556,0.77562,3.00,1.50
2012.09.28 07:51:04.908,0.77557,0.77564,4.50,3.75
2012.09.28 07:51:05.009,0.77559,0.77564,1.50,3.00
2012.09.28 07:51:05.768,0.77556,0.77563,3.00,2.25
2012.09.28 07:51:07.383,0.77558,0.77564,4.50,1.50
2012.09.28 07:51:07.638,0.77559,0.77564,1.50,2.25
2012.09.28 07:51:12.210,0.7756,0.77566,4.50,3.00
2012.09.28 07:51:12.396,0.77562,0.77567,1.50,2.25
2012.09.28 07:51:12.651,0.77563,0.7757,1.50,3.08
2012.09.28 07:51:13.172,0.77563,0.77571,2.25,3.00
2012.09.28 07:51:13.546,0.77561,0.77569,6.98,1.50
2012.09.28 07:51:13.725,0.77561,0.77568,3.38,1.50
2012.09.28 07:51:15.434,0.77562,0.77568,1.50,2.25
2012.09.28 07:51:15.797,0.77568,0.77573,2.25,3.00
2012.09.28 07:51:16.554,0.77568,0.77573,2.25,2.25
2012.09.28 07:51:17.037,0.77568,0.77575,2.25,3.68
2012.09.28 07:51:17.723,0.77567,0.77575,1.50,2.25
2012.09.28 07:51:17.901,0.77566,0.77574,3.00,2.25
2012.09.28 07:51:19.032,0.77566,0.77574,2.63,2.25
2012.09.28 07:51:19.596,0.77566,0.77571,1.50,1.50
2012.09.28 07:51:19.941,0.77563,0.7757,3.75,1.50
2012.09.28 07:51:20.192,0.77564,0.7757,1.50,1.50
2012.09.28 07:51:22.164,0.77567,0.77572,2.25,3.38
2012.09.28 07:51:22.274,0.77569,0.77576,1.50,3.00
2012.09.28 07:51:22.845,0.77567,0.77575,4.88,3.00
2012.09.28 07:51:22.933,0.77567,0.77574,4.88,1.50
2012.09.28 07:51:23.364,0.77567,0.77573,2.63,1.50
2012.09.28 07:51:23.462,0.77567,0.77574,2.25,3.75
2012.09.28 07:51:23.798,0.77565,0.77572,6.00,1.50
2012.09.28 07:51:24.982,0.77566,0.77573,1.50,2.25
2012.09.28 07:51:32.438,0.77565,0.77572,4.50,3.00
2012.09.28 07:51:33.654,0.77565,0.77573,6.75,2.25
2012.09.28 07:51:35.040,0.77564,0.77571,2.25,2.25
2012.09.28 07:51:35.608,0.77566,0.77573,1.50,2.25
2012.09.28 07:51:36.634,0.77568,0.77574,1.50,2.25
2012.09.28 07:51:36.799,0.77568,0.77575,3.00,1.50
2012.09.28 07:51:39.207,0.77568,0.77573,1.50,1.50
2012.09.28 07:51:40.222,0.77568,0.77576,2.25,4.50
2012.09.28 07:51:43.988,0.77567,0.77574,1.50,1.50
2012.09.28 07:51:47.644,0.77568,0.77576,2.25,3.75
2012.09.28 07:51:48.241,0.77568,0.77574,1.50,1.50
2012.09.28 07:51:48.487,0.77568,0.77575,1.50,1.50
2012.09.28 07:51:49.141,0.77567,0.77573,1.50,2.25
2012.09.28 07:51:49.679,0.77566,0.77573,2.25,2.25
2012.09.28 07:51:51.642,0.77568,0.77573,1.50,2.25
2012.09.28 07:51:52.488,0.77568,0.77575,5.25,1.50
2012.09.28 07:52:00.002,0.77566,0.77573,3.00,3.00
2012.09.28 07:52:00.716,0.77566,0.77571,2.25,2.25
2012.09.28 07:52:01.250,0.77564,0.77572,2.25,3.75
2012.09.28 07:52:01.767,0.77563,0.77571,3.00,2.25
2012.09.28 07:52:04.005,0.77563,0.7757,2.25,1.50
2012.09.28 07:52:07.567,0.77565,0.77571,1.50,2.25
2012.09.28 07:52:07.761,0.77568,0.77575,4.50,3.00
2012.09.28 07:52:09.036,0.77568,0.77575,1.50,2.25
2012.09.28 07:52:09.209,0.77566,0.77574,3.00,1.88
2012.09.28 07:52:09.904,0.77566,0.77573,1.50,1.50
2012.09.28 07:52:10.468,0.77566,0.77573,1.50,2.25
2012.09.28 07:52:11.031,0.77566,0.77573,1.50,3.00
2012.09.28 07:52:12.534,0.77566,0.77573,1.50,3.75
2012.09.28 07:52:12.624,0.77565,0.77572,1.50,2.25
2012.09.28 07:52:12.713,0.77566,0.77573,1.50,3.00
2012.09.28 07:52:17.784,0.77566,0.77573,2.25,1.50
2012.09.28 07:52:18.026,0.77568,0.77574,1.50,1.50
2012.09.28 07:52:18.600,0.77568,0.77575,1.50,1.50
2012.09.28 07:52:19.191,0.77569,0.77576,2.25,2.25
2012.09.28 07:52:19.617,0.77568,0.77574,1.50,1.50
2012.09.28 07:52:20.192,0.77567,0.77573,3.00,1.50
2012.09.28 07:52:22.519,0.77564,0.77571,8.39,2.25
2012.09.28 07:52:24.638,0.77567,0.77575,3.00,3.00
2012.09.28 07:52:28.482,0.77568,0.77575,1.50,1.50
2012.09.28 07:52:28.578,0.77568,0.77576,2.25,1.50
2012.09.28 07:52:28.915,0.77567,0.77575,5.25,2.25
2012.09.28 07:52:29.243,0.77569,0.77575,1.50,1.50
2012.09.28 07:52:29.574,0.77567,0.77574,3.00,3.00
2012.09.28 07:52:30.052,0.77567,0.77573,1.50,1.50
2012.09.28 07:52:31.119,0.77566,0.77572,1.50,3.00
2012.09.28 07:52:31.206,0.77564,0.77571,2.25,1.50
2012.09.28 07:52:39.543,0.77563,0.7757,2.25,2.25
2012.09.28 07:52:39.710,0.77563,0.77571,3.00,2.25
2012.09.28 07:52:44.515,0.77563,0.77571,1.50,4.50
2012.09.28 07:52:48.091,0.77566,0.77571,1.50,2.25
2012.09.28 07:52:48.363,0.77567,0.77572,2.25,1.50
2012.09.28 07:52:50.455,0.77568,0.77574,3.75,1.50
2012.09.28 07:52:51.093,0.77567,0.77573,2.25,1.50
2012.09.28 07:52:51.669,0.77566,0.77572,1.50,3.00
2012.09.28 07:52:52.437,0.77565,0.77571,1.50,3.00
2012.09.28 07:52:57.059,0.77563,0.77569,1.50,1.50
2012.09.28 07:52:57.154,0.77562,0.77568,3.00,1.50
2012.09.28 07:52:59.550,0.77562,0.77569,5.25,1.50
2012.09.28 07:52:59.872,0.77566,0.77572,5.10,2.63
2012.09.28 07:53:00.211,0.77569,0.77573,2.25,1.88
2012.09.28 07:53:00.307,0.77569,0.77573,2.25,1.88
2012.09.28 07:53:00.993,0.77567,0.77572,3.00,1.88
2012.09.28 07:53:01.084,0.77569,0.77576,2.25,1.88
2012.09.28 07:53:05.775,0.77567,0.77573,2.63,1.50
2012.09.28 07:53:06.449,0.77567,0.77573,2.63,1.50
2012.09.28 07:53:27.120,0.77565,0.77572,6.00,3.00
2012.09.28 07:53:37.190,0.77567,0.77573,1.50,3.75
2012.09.28 07:53:37.434,0.77564,0.77571,2.63,1.50
2012.09.28 07:53:49.056,0.77563,0.77571,3.00,2.25
2012.09.28 07:53:51.661,0.77563,0.77571,3.00,2.25
2012.09.28 07:53:59.288,0.77563,0.7757,1.50,1.50
2012.09.28 07:54:00.852,0.77563,0.77571,2.25,2.25
2012.09.28 07:54:01.321,0.7756,0.77564,4.99,2.85
2012.09.28 07:54:01.502,0.77559,0.77564,1.13,5.10
2012.09.28 07:54:01.604,0.77557,0.77562,1.50,2.63
2012.09.28 07:54:01.928,0.77554,0.77561,5.25,1.50
2012.09.28 07:54:02.177,0.77551,0.77558,2.25,1.50
2012.09.28 07:54:04.262,0.77554,0.77561,1.50,6.00
2012.09.28 07:54:04.581,0.77552,0.77558,1.50,1.50
2012.09.28 07:54:07.536,0.77552,0.77559,3.75,1.50
2012.09.28 07:54:07.710,0.77552,0.77559,2.25,2.25
2012.09.28 07:54:10.499,0.77552,0.77559,1.50,2.25
2012.09.28 07:54:11.519,0.77551,0.77558,2.25,1.50
2012.09.28 07:54:14.471,0.77552,0.77559,1.50,2.25
2012.09.28 07:54:18.298,0.77552,0.77559,1.50,3.00
2012.09.28 07:54:21.663,0.77552,0.77559,4.50,2.25
2012.09.28 07:54:22.146,0.77556,0.77562,1.50,1.50
2012.09.28 07:54:22.314,0.77558,0.77565,3.75,2.63
2012.09.28 07:54:22.857,0.77558,0.77565,3.75,3.00
2012.09.28 07:54:23.774,0.77557,0.77565,3.00,5.63
2012.09.28 07:54:25.722,0.77557,0.77565,3.60,5.63
2012.09.28 07:54:26.408,0.77555,0.77561,3.00,3.38
2012.09.28 07:54:28.945,0.77556,0.77563,1.50,2.25
2012.09.28 07:54:40.465,0.77557,0.77564,1.50,4.50
2012.09.28 07:54:40.795,0.7756,0.77565,2.25,1.50
2012.09.28 07:54:41.375,0.7756,0.77566,2.25,1.50
2012.09.28 07:54:42.382,0.77556,0.7756,1.35,2.63
2012.09.28 07:54:42.565,0.77555,0.7756,4.50,2.63
2012.09.28 07:54:42.827,0.77554,0.7756,1.88,3.38
2012.09.28 07:54:43.640,0.77553,0.7756,2.25,1.50
2012.09.28 07:54:44.050,0.77553,0.7756,1.50,1.50
2012.09.28 07:54:44.231,0.77553,0.77559,1.50,1.50
2012.09.28 07:54:44.993,0.77554,0.7756,3.00,2.25
2012.09.28 07:54:45.170,0.77556,0.77563,5.63,2.25
2012.09.28 07:54:45.570,0.77556,0.77561,1.88,2.63
2012.09.28 07:54:46.087,0.77556,0.77563,3.38,1.50
2012.09.28 07:54:51.686,0.77557,0.77564,5.25,1.50
2012.09.28 07:54:52.199,0.77558,0.77564,1.50,2.63
2012.09.28 07:55:09.382,0.77556,0.77562,2.63,3.38
2012.09.28 07:55:12.473,0.77557,0.77565,6.00,4.88
2012.09.28 07:55:12.836,0.77563,0.77568,1.50,2.25
2012.09.28 07:55:13.109,0.77563,0.77568,1.50,1.50
2012.09.28 07:55:13.631,0.77562,0.77569,3.75,6.00
2012.09.28 07:55:15.741,0.77563,0.77569,1.50,5.25
2012.09.28 07:55:19.267,0.77563,0.77569,1.50,6.00
2012.09.28 07:55:20.469,0.77562,0.77569,3.00,6.75
2012.09.28 07:55:21.611,0.77562,0.77569,3.00,6.00
2012.09.28 07:55:23.028,0.77561,0.77566,1.73,3.38
2012.09.28 07:55:23.359,0.77562,0.77568,3.00,1.50
2012.09.28 07:55:23.613,0.77562,0.77568,2.25,2.25
2012.09.28 07:55:23.707,0.77562,0.77569,3.00,6.00
2012.09.28 07:55:25.080,0.77562,0.77568,2.25,2.25
2012.09.28 07:55:25.654,0.7756,0.77566,4.50,3.38
2012.09.28 07:55:30.126,0.77561,0.77568,2.25,3.00
2012.09.28 07:55:30.224,0.77563,0.77568,1.50,2.25
2012.09.28 07:55:30.325,0.77563,0.77568,1.50,1.50
2012.09.28 07:55:30.416,0.77563,0.7757,1.50,6.00
2012.09.28 07:55:30.585,0.77562,0.77569,1.50,1.50
2012.09.28 07:55:30.672,0.77562,0.77569,3.00,1.50
2012.09.28 07:55:31.003,0.77561,0.77567,3.00,2.63
2012.09.28 07:55:33.482,0.77563,0.77569,2.25,1.50
2012.09.28 07:55:39.906,0.77563,0.77567,1.50,2.63
2012.09.28 07:55:50.073,0.77561,0.77565,1.50,2.63
2012.09.28 07:55:51.012,0.77558,0.77564,2.25,1.50
2012.09.28 07:55:51.574,0.77558,0.77565,2.25,3.00
2012.09.28 07:55:52.667,0.77559,0.77565,5.25,2.25
2012.09.28 07:55:52.874,0.77559,0.77565,2.25,3.00
2012.09.28 07:55:52.995,0.77559,0.77566,3.00,1.50
2012.09.28 07:55:53.572,0.77559,0.77566,2.25,2.25
2012.09.28 07:55:56.285,0.77558,0.77564,2.25,1.50
2012.09.28 07:55:56.539,0.77557,0.77564,1.88,2.25
2012.09.28 07:55:57.605,0.77558,0.77564,3.75,1.50
2012.09.28 07:55:57.791,0.77558,0.77565,4.50,1.50
2012.09.28 07:55:58.760,0.77558,0.77565,4.50,1.50
2012.09.28 07:56:01.034,0.77557,0.77564,1.50,2.85
2012.09.28 07:56:01.543,0.77556,0.77562,2.25,2.25
2012.09.28 07:56:01.872,0.77558,0.77565,3.75,2.25
2012.09.28 07:56:06.925,0.77561,0.77568,1.17,2.25
2012.09.28 07:56:07.271,0.77567,0.77572,3.60,3.19
2012.09.28 07:56:07.369,0.77567,0.77572,4.35,3.19
2012.09.28 07:56:07.851,0.77568,0.77573,2.25,1.50
2012.09.28 07:56:08.384,0.77568,0.77572,1.50,2.63
2012.09.28 07:56:08.556,0.77565,0.77572,2.25,3.38
2012.09.28 07:56:08.642,0.77564,0.77569,3.75,5.25
2012.09.28 07:56:08.873,0.77564,0.77569,2.25,5.25
2012.09.28 07:56:11.633,0.77563,0.77569,2.25,5.25
2012.09.28 07:56:14.863,0.77565,0.77569,1.50,4.50
2012.09.28 07:56:14.952,0.77565,0.77571,3.00,3.38
2012.09.28 07:56:15.192,0.77563,0.7757,1.50,6.00
2012.09.28 07:56:15.753,0.77565,0.77571,1.50,4.13
2012.09.28 07:56:16.304,0.77565,0.77571,3.00,2.63
2012.09.28 07:56:17.160,0.77565,0.77571,2.25,3.38
2012.09.28 07:56:17.403,0.77565,0.77571,3.00,3.38
2012.09.28 07:56:17.573,0.77565,0.77571,2.25,4.13
2012.09.28 07:56:17.741,0.77565,0.77571,3.00,2.63
2012.09.28 07:56:33.411,0.77563,0.7757,4.50,6.00
2012.09.28 07:56:33.977,0.77563,0.7757,3.75,6.00
2012.09.28 07:56:38.915,0.77563,0.7757,4.50,6.00
2012.09.28 07:56:39.011,0.77563,0.77569,1.50,1.50
2012.09.28 07:56:45.951,0.77562,0.77567,3.75,2.63
2012.09.28 07:56:52.110,0.7756,0.77565,3.00,3.38
2012.09.28 07:56:52.225,0.77559,0.77566,1.50,3.75
2012.09.28 07:56:54.288,0.7756,0.77566,3.75,1.50
2012.09.28 07:56:54.960,0.77558,0.77564,1.50,2.63
2012.09.28 07:56:55.045,0.77557,0.77564,3.75,3.38
2012.09.28 07:56:55.703,0.77558,0.77565,3.75,2.25
2012.09.28 07:56:55.881,0.77559,0.77566,1.50,3.00
2012.09.28 07:56:56.130,0.77558,0.77564,3.00,1.50
2012.09.28 07:56:56.815,0.77556,0.77564,2.63,3.75
2012.09.28 07:56:57.058,0.77555,0.77562,1.13,3.00
2012.09.28 07:56:57.470,0.77557,0.77564,1.50,2.25
2012.09.28 07:56:57.964,0.77557,0.77564,5.25,1.50
2012.09.28 07:56:58.175,0.77559,0.77565,1.50,2.25
2012.09.28 07:56:59.584,0.77561,0.77566,1.50,2.25
2012.09.28 07:56:59.759,0.77559,0.77566,4.13,4.13
2012.09.28 07:56:59.860,0.77561,0.77568,2.25,1.13
2012.09.28 07:56:59.959,0.7756,0.77566,2.25,2.63
2012.09.28 07:57:00.276,0.77559,0.77564,1.50,2.63
2012.09.28 07:57:00.367,0.77559,0.77567,2.25,3.75
2012.09.28 07:57:00.460,0.77559,0.77566,1.50,1.50
2012.09.28 07:57:01.191,0.77559,0.77566,1.88,1.50
2012.09.28 07:57:01.371,0.77563,0.77569,1.50,1.50
2012.09.28 07:57:01.805,0.7756,0.77567,5.85,2.63
2012.09.28 07:57:02.351,0.7756,0.77567,1.50,3.38
2012.09.28 07:57:03.475,0.77559,0.77567,3.75,3.38
2012.09.28 07:57:03.577,0.77559,0.77564,2.25,2.63
2012.09.28 07:57:04.116,0.77562,0.77568,3.75,2.25
2012.09.28 07:57:04.384,0.77561,0.77568,3.75,1.50
2012.09.28 07:57:04.998,0.77562,0.77569,1.50,6.00
2012.09.28 07:57:07.369,0.77562,0.77567,1.50,2.63
2012.09.28 07:57:07.752,0.7756,0.77567,1.50,4.13
2012.09.28 07:57:10.626,0.7756,0.77567,3.00,4.13
2012.09.28 07:57:11.552,0.77562,0.77569,2.25,6.75
2012.09.28 07:57:12.966,0.77562,0.77568,3.00,1.50
2012.09.28 07:57:15.146,0.77562,0.77569,3.00,5.25
2012.09.28 07:57:20.953,0.77562,0.77567,1.50,2.63
2012.09.28 07:57:21.354,0.77559,0.77564,6.00,2.63
2012.09.28 07:57:21.698,0.77559,0.77565,2.25,1.50
2012.09.28 07:57:22.286,0.77557,0.77564,2.63,2.25
2012.09.28 07:57:22.678,0.77557,0.77564,1.50,2.25
2012.09.28 07:57:34.662,0.77556,0.77563,3.00,1.50
2012.09.28 07:57:35.008,0.77554,0.77562,2.63,2.25
2012.09.28 07:57:35.095,0.77554,0.77562,1.88,4.50
2012.09.28 07:57:35.965,0.77555,0.77561,1.88,2.25
2012.09.28 07:57:36.134,0.77556,0.77563,3.75,1.50
2012.09.28 07:57:42.186,0.77558,0.77565,4.50,1.50
2012.09.28 07:57:42.788,0.77558,0.77564,2.25,3.38
2012.09.28 07:57:44.158,0.77558,0.77564,2.25,3.38
2012.09.28 07:57:53.508,0.77558,0.77564,3.75,2.63
2012.09.28 07:58:05.916,0.77558,0.77565,2.25,2.63
2012.09.28 07:58:10.000,0.77557,0.77562,3.75,2.63
2012.09.28 07:58:10.245,0.77559,0.77565,1.50,1.13
2012.09.28 07:58:10.813,0.77559,0.77565,1.50,2.63
2012.09.28 07:58:24.511,0.77559,0.77566,3.00,1.50
2012.09.28 07:58:24.704,0.7756,0.77567,4.50,2.63
2012.09.28 07:58:40.921,0.77559,0.77567,1.50,2.25
2012.09.28 07:58:41.255,0.77556,0.77564,4.88,2.25
2012.09.28 07:58:41.839,0.77557,0.77564,1.50,3.00
2012.09.28 07:58:44.154,0.77556,0.77563,2.25,1.50
2012.09.28 07:58:47.637,0.77556,0.77563,1.50,2.25
2012.09.28 07:58:47.818,0.77554,0.77562,3.38,2.25
2012.09.28 07:58:48.265,0.77555,0.77561,1.50,1.13
2012.09.28 07:58:49.382,0.77556,0.77563,2.25,2.25
2012.09.28 07:58:49.985,0.77557,0.77564,2.25,3.75
2012.09.28 07:58:50.493,0.77557,0.77563,1.50,1.50
2012.09.28 07:58:51.256,0.77558,0.77564,2.25,1.50
2012.09.28 07:58:51.778,0.77557,0.77563,2.25,1.50
2012.09.28 07:58:52.342,0.77557,0.77563,1.50,1.50
2012.09.28 07:59:02.323,0.77557,0.77563,2.25,1.50
2012.09.28 07:59:02.656,0.77558,0.77564,2.25,2.63
2012.09.28 07:59:07.295,0.7756,0.77566,2.25,2.44
2012.09.28 07:59:07.389,0.77561,0.77567,1.50,6.00
2012.09.28 07:59:07.662,0.77564,0.77571,1.50,9.38
2012.09.28 07:59:07.909,0.77561,0.77567,1.50,3.00
2012.09.28 07:59:17.761,0.77561,0.77567,1.50,4.13
2012.09.28 07:59:25.925,0.77562,0.77567,1.50,3.38
2012.09.28 07:59:29.302,0.77562,0.77567,1.50,4.13
2012.09.28 07:59:39.306,0.7756,0.77564,2.25,2.63
2012.09.28 07:59:42.200,0.7756,0.77564,1.50,2.63
2012.09.28 07:59:42.798,0.7756,0.77566,2.25,1.50
2012.09.28 07:59:45.435,0.77563,0.77568,1.50,1.50
2012.09.28 07:59:45.753,0.77564,0.7757,1.50,1.50
2012.09.28 07:59:47.188,0.77563,0.77568,1.50,2.25
2012.09.28 07:59:47.430,0.77561,0.77569,3.00,2.25
2012.09.28 07:59:47.511,0.77561,0.77569,3.00,3.00
2012.09.28 07:59:49.794,0.77563,0.77569,3.00,1.50
2012.09.28 07:59:51.261,0.77564,0.7757,1.50,3.22
2012.09.28 07:59:51.889,0.77563,0.77569,6.75,1.50
2012.09.28 07:59:52.423,0.77563,0.77569,5.25,2.25
2012.09.28 07:59:52.729,0.77564,0.77571,1.50,3.51
2012.09.28 07:59:53.044,0.77569,0.77575,2.25,1.58
2012.09.28 07:59:53.146,0.77569,0.77576,2.25,1.50
2012.09.28 07:59:53.538,0.77569,0.77577,3.00,3.81
2012.09.28 07:59:54.337,0.77571,0.77578,2.25,4.93
2012.09.28 07:59:54.902,0.77571,0.7758,3.00,4.83
2012.09.28 07:59:59.576,0.77571,0.77579,1.50,3.75
