2013.10.22 07:00:09.244,0.98298,0.983,1.58,1.00
2013.10.22 07:00:09.875,0.98298,0.983,1.20,1.13
2013.10.22 07:00:11.144,0.98299,0.983,1.00,1.13
2013.10.22 07:00:11.446,0.98301,0.98303,1.38,1.10
2013.10.22 07:00:11.687,0.98301,0.98304,1.38,1.20
2013.10.22 07:00:13.974,0.98302,0.98305,1.38,2.25
2013.10.22 07:00:14.154,0.98304,0.98306,1.13,1.10
2013.10.22 07:00:14.334,0.98304,0.98307,1.38,2.33
2013.10.22 07:00:14.394,0.98304,0.98307,1.13,2.40
2013.10.22 07:00:15.645,0.98304,0.98307,1.38,2.40
2013.10.22 07:00:16.184,0.98304,0.98308,1.88,4.50
2013.10.22 07:00:16.425,0.98303,0.98307,1.38,1.65
2013.10.22 07:00:17.084,0.98302,0.98305,1.48,1.00
2013.10.22 07:00:17.145,0.98302,0.98305,1.20,1.13
2013.10.22 07:00:19.264,0.98302,0.98306,1.95,1.10
2013.10.22 07:00:19.805,0.98303,0.98306,1.38,1.10
2013.10.22 07:00:21.094,0.98303,0.98307,1.50,1.18
2013.10.22 07:00:21.215,0.98306,0.98309,2.48,2.55
2013.10.22 07:00:21.722,0.98305,0.98309,1.65,1.50
2013.10.22 07:00:23.216,0.98304,0.98308,4.20,1.50
2013.10.22 07:00:23.636,0.98304,0.98308,1.58,1.58
2013.10.22 07:00:24.774,0.98304,0.98307,1.20,1.00
2013.10.22 07:00:25.194,0.98305,0.98308,1.18,1.00
2013.10.22 07:00:26.304,0.98304,0.98307,3.45,1.00
2013.10.22 07:00:26.604,0.98304,0.98307,1.20,1.00
2013.10.22 07:00:31.205,0.98304,0.98308,1.58,2.70
2013.10.22 07:00:31.744,0.98304,0.98308,2.70,2.70
2013.10.22 07:00:32.425,0.98304,0.98308,4.95,1.50
2013.10.22 07:00:39.994,0.98304,0.98307,3.83,1.00
2013.10.22 07:00:40.754,0.98304,0.98306,2.63,1.00
2013.10.22 07:00:40.814,0.98302,0.98306,6.08,1.38
2013.10.22 07:00:49.304,0.98303,0.98307,3.90,1.38
2013.10.22 07:00:51.564,0.98303,0.98307,1.13,1.55
2013.10.22 07:00:59.244,0.98303,0.98307,1.00,1.55
2013.10.22 07:01:00.204,0.98302,0.98306,3.83,1.20
2013.10.22 07:01:00.746,0.98303,0.98307,1.88,1.28
2013.10.22 07:01:03.324,0.98306,0.98308,1.00,3.38
2013.10.22 07:01:03.385,0.98306,0.98309,1.00,1.48
2013.10.22 07:01:03.939,0.98305,0.98308,1.10,1.88
2013.10.22 07:01:04.666,0.98305,0.98309,3.08,1.48
2013.10.22 07:01:05.438,0.98309,0.98311,4.51,2.18
2013.10.22 07:01:05.513,0.98311,0.98316,1.55,1.13
2013.10.22 07:01:15.204,0.98313,0.98315,1.00,1.13
2013.10.22 07:01:18.154,0.98314,0.98316,1.00,1.20
2013.10.22 07:01:18.834,0.98314,0.98316,1.00,1.48
2013.10.22 07:01:20.484,0.98314,0.98316,1.13,1.10
2013.10.22 07:01:21.565,0.98314,0.98317,1.88,1.18
2013.10.22 07:01:23.394,0.98315,0.98317,1.00,1.00
2013.10.22 07:01:24.784,0.98315,0.98318,1.00,1.95
2013.10.22 07:01:25.504,0.98315,0.98318,1.00,1.95
2013.10.22 07:01:26.057,0.98315,0.98316,1.00,1.00
2013.10.22 07:01:27.796,0.98315,0.98317,1.00,1.00
2013.10.22 07:01:28.155,0.98317,0.98319,1.13,1.65
2013.10.22 07:01:28.274,0.98317,0.9832,1.13,1.10
2013.10.22 07:01:28.515,0.98316,0.98318,1.20,1.00
2013.10.22 07:01:29.475,0.98316,0.98319,1.38,1.28
2013.10.22 07:01:31.435,0.98316,0.98319,1.00,3.15
2013.10.22 07:01:31.555,0.98315,0.98319,1.00,4.28
2013.10.22 07:01:32.094,0.98313,0.98316,1.28,1.13
2013.10.22 07:01:33.585,0.98314,0.98316,1.10,1.38
2013.10.22 07:01:39.220,0.98313,0.98316,1.10,1.88
2013.10.22 07:01:39.788,0.98313,0.98314,1.00,1.13
2013.10.22 07:01:46.095,0.98313,0.98315,1.00,1.13
2013.10.22 07:01:46.759,0.98314,0.98315,1.00,1.13
2013.10.22 07:01:49.244,0.98315,0.98316,1.00,1.10
2013.10.22 07:01:49.304,0.98315,0.98318,1.75,3.68
2013.10.22 07:01:49.485,0.98317,0.98321,6.31,1.00
2013.10.22 07:01:49.544,0.98319,0.98322,1.58,2.25
2013.10.22 07:01:49.724,0.98321,0.98323,1.50,7.20
2013.10.22 07:01:50.046,0.98322,0.98325,1.38,1.10
2013.10.22 07:01:50.595,0.98322,0.98325,1.28,1.13
2013.10.22 07:01:52.604,0.98322,0.98325,1.00,1.20
2013.10.22 07:01:55.317,0.98322,0.98324,1.00,1.00
2013.10.22 07:01:55.958,0.98322,0.98325,1.13,1.20
2013.10.22 07:01:58.704,0.98324,0.98326,1.00,2.03
2013.10.22 07:02:00.474,0.98322,0.98325,2.33,1.00
2013.10.22 07:02:01.234,0.98322,0.98326,2.70,1.95
2013.10.22 07:02:01.754,0.98322,0.98326,2.70,1.10
2013.10.22 07:02:02.714,0.98322,0.98325,1.95,1.00
2013.10.22 07:02:02.834,0.98322,0.98325,1.95,1.13
2013.10.22 07:02:04.764,0.98323,0.98325,1.00,1.13
2013.10.22 07:02:05.514,0.98322,0.98325,1.95,1.13
2013.10.22 07:02:10.034,0.98322,0.98325,1.13,1.20
2013.10.22 07:02:11.274,0.98322,0.98326,1.88,3.00
2013.10.22 07:02:11.394,0.98322,0.98326,1.95,1.20
2013.10.22 07:02:11.934,0.98322,0.98325,1.48,1.00
2013.10.22 07:02:13.764,0.98322,0.98325,1.38,1.18
2013.10.22 07:02:14.315,0.98322,0.98325,1.13,1.28
2013.10.22 07:02:18.625,0.98322,0.98325,1.88,1.18
2013.10.22 07:02:18.930,0.98322,0.98326,1.95,1.58
2013.10.22 07:02:21.194,0.98322,0.98325,1.20,1.13
2013.10.22 07:02:21.704,0.98322,0.98324,1.13,1.10
2013.10.22 07:02:23.975,0.98323,0.98324,1.00,1.10
2013.10.22 07:02:24.514,0.98323,0.98325,1.00,1.20
2013.10.22 07:02:24.875,0.98325,0.9833,2.13,2.63
2013.10.22 07:02:24.996,0.98325,0.98329,1.13,1.65
2013.10.22 07:02:25.535,0.98326,0.98328,1.00,1.20
2013.10.22 07:02:25.715,0.98324,0.98326,1.10,1.13
2013.10.22 07:02:26.194,0.98325,0.98326,1.00,1.10
2013.10.22 07:02:28.479,0.98324,0.98326,1.00,1.00
2013.10.22 07:02:28.784,0.98326,0.98328,1.00,2.18
2013.10.22 07:02:28.845,0.98327,0.9833,1.00,2.40
2013.10.22 07:02:32.374,0.98325,0.98329,1.58,1.58
2013.10.22 07:02:34.654,0.98327,0.98329,1.00,1.48
2013.10.22 07:02:35.214,0.98325,0.98329,2.25,3.45
2013.10.22 07:02:42.844,0.98327,0.98329,1.00,3.30
2013.10.22 07:02:44.286,0.98327,0.9833,1.00,2.93
2013.10.22 07:02:45.215,0.98326,0.98329,2.13,3.30
2013.10.22 07:02:45.747,0.98326,0.9833,2.13,2.93
2013.10.22 07:02:48.295,0.98327,0.98329,1.00,3.30
2013.10.22 07:02:48.834,0.98328,0.9833,1.00,1.20
2013.10.22 07:02:49.357,0.98328,0.98329,1.00,1.00
2013.10.22 07:02:50.375,0.98328,0.98329,1.00,1.13
2013.10.22 07:02:55.516,0.98327,0.9833,1.00,1.10
2013.10.22 07:03:01.355,0.98327,0.98329,1.00,1.13
2013.10.22 07:03:01.956,0.98327,0.98329,1.00,1.50
2013.10.22 07:03:02.528,0.98326,0.98327,1.10,1.00
2013.10.22 07:03:05.214,0.98325,0.98327,1.88,1.00
2013.10.22 07:03:06.134,0.98325,0.98328,1.88,1.10
2013.10.22 07:03:06.684,0.98325,0.98327,1.88,1.00
2013.10.22 07:03:08.274,0.98326,0.98327,1.00,1.00
2013.10.22 07:03:10.844,0.98323,0.98327,1.55,1.00
2013.10.22 07:03:13.464,0.98325,0.98326,1.00,1.00
2013.10.22 07:03:14.224,0.98325,0.98327,1.00,1.13
2013.10.22 07:03:16.894,0.98325,0.98326,1.00,1.00
2013.10.22 07:03:23.595,0.98322,0.98326,3.45,1.38
2013.10.22 07:03:24.885,0.98322,0.98325,2.33,1.13
2013.10.22 07:03:25.304,0.98321,0.98325,2.93,1.20
2013.10.22 07:03:30.204,0.98321,0.98324,1.80,3.75
2013.10.22 07:03:30.265,0.9832,0.98322,2.40,1.00
2013.10.22 07:03:30.625,0.98313,0.98317,3.53,1.00
2013.10.22 07:03:31.164,0.98312,0.98316,1.95,1.10
2013.10.22 07:03:33.115,0.98315,0.9832,6.61,1.00
2013.10.22 07:03:33.295,0.98318,0.98321,1.95,1.50
2013.10.22 07:03:33.475,0.98317,0.98318,1.00,2.63
2013.10.22 07:03:34.015,0.98316,0.98317,1.00,1.00
2013.10.22 07:03:35.614,0.98316,0.98318,1.00,1.20
2013.10.22 07:03:36.295,0.98316,0.98317,1.00,1.00
2013.10.22 07:03:36.834,0.98316,0.98318,1.00,1.20
2013.10.22 07:03:39.764,0.98317,0.9832,1.00,3.45
2013.10.22 07:03:50.396,0.98319,0.9832,1.13,3.30
2013.10.22 07:03:50.829,0.98315,0.98319,3.08,1.13
2013.10.22 07:03:51.334,0.98315,0.98319,3.45,1.50
2013.10.22 07:03:51.856,0.98316,0.9832,1.65,1.13
2013.10.22 07:03:51.914,0.98316,0.9832,1.50,1.55
2013.10.22 07:03:52.425,0.98316,0.9832,1.88,1.18
2013.10.22 07:03:53.655,0.98316,0.98318,1.38,1.00
2013.10.22 07:03:54.235,0.98316,0.98319,1.38,1.20
2013.10.22 07:03:54.695,0.98315,0.9832,1.10,4.28
2013.10.22 07:03:54.755,0.98315,0.9832,1.20,4.65
2013.10.22 07:03:54.874,0.98316,0.9832,1.00,2.78
2013.10.22 07:03:55.424,0.98315,0.98319,1.20,1.20
2013.10.22 07:03:56.244,0.98314,0.98318,4.28,1.00
2013.10.22 07:03:56.758,0.98315,0.98319,1.20,1.58
2013.10.22 07:03:59.284,0.98314,0.98318,3.53,1.00
2013.10.22 07:03:59.825,0.98315,0.98319,1.10,1.95
2013.10.22 07:04:01.154,0.98315,0.98319,1.20,1.95
2013.10.22 07:04:01.455,0.98314,0.98318,1.65,1.75
2013.10.22 07:04:01.814,0.98311,0.98315,4.95,1.38
2013.10.22 07:04:04.139,0.98312,0.98315,1.28,1.00
2013.10.22 07:04:05.274,0.98312,0.98315,1.28,1.00
2013.10.22 07:04:06.984,0.98311,0.98315,5.70,1.88
2013.10.22 07:04:07.534,0.98311,0.98314,4.20,1.00
2013.10.22 07:04:08.167,0.98312,0.98315,1.28,1.13
2013.10.22 07:04:09.875,0.98312,0.98316,2.03,1.58
2013.10.22 07:04:13.095,0.98312,0.98316,1.95,1.58
2013.10.22 07:04:16.765,0.98313,0.98316,1.00,1.10
2013.10.22 07:04:21.664,0.98312,0.98316,2.70,1.58
2013.10.22 07:04:22.168,0.98313,0.98316,1.00,1.10
2013.10.22 07:04:23.855,0.98314,0.98316,1.00,1.10
2013.10.22 07:04:25.796,0.98314,0.98318,1.00,4.95
2013.10.22 07:04:25.975,0.98315,0.98319,2.70,1.58
2013.10.22 07:04:26.278,0.98317,0.98321,1.10,5.33
2013.10.22 07:04:26.805,0.98317,0.98319,1.10,1.00
2013.10.22 07:04:27.344,0.98317,0.98321,1.20,3.08
2013.10.22 07:04:27.884,0.98318,0.98322,1.00,2.78
2013.10.22 07:04:32.345,0.98319,0.98322,1.00,2.03
2013.10.22 07:04:32.885,0.98318,0.98322,2.25,1.55
2013.10.22 07:04:33.395,0.98319,0.98321,1.00,1.95
2013.10.22 07:04:33.934,0.9832,0.98323,1.00,1.55
2013.10.22 07:04:35.305,0.98321,0.98324,1.00,3.08
2013.10.22 07:04:35.425,0.98322,0.98326,1.50,2.03
2013.10.22 07:04:35.964,0.98323,0.98326,1.00,1.55
2013.10.22 07:04:36.504,0.98322,0.98326,1.88,2.03
2013.10.22 07:04:37.045,0.98323,0.98326,1.00,1.55
2013.10.22 07:04:37.284,0.98321,0.98324,2.33,1.00
2013.10.22 07:04:37.824,0.98321,0.98325,1.58,1.95
2013.10.22 07:04:38.804,0.98321,0.98324,1.58,1.00
2013.10.22 07:04:40.184,0.98323,0.98325,1.00,1.58
2013.10.22 07:04:40.485,0.98322,0.98326,1.50,2.03
2013.10.22 07:04:41.025,0.98324,0.98328,2.13,1.55
2013.10.22 07:04:42.305,0.98325,0.98328,1.00,1.65
2013.10.22 07:04:42.864,0.98325,0.98328,1.00,1.28
2013.10.22 07:04:43.644,0.98324,0.98328,1.00,1.55
2013.10.22 07:04:46.895,0.98324,0.98327,1.00,1.20
2013.10.22 07:04:47.675,0.98324,0.98328,1.00,1.55
2013.10.22 07:04:48.214,0.98325,0.98327,1.00,1.58
2013.10.22 07:04:55.905,0.98324,0.98328,1.50,1.55
2013.10.22 07:04:57.584,0.98324,0.98328,1.50,1.55
2013.10.22 07:04:58.065,0.98324,0.98328,1.50,1.55
2013.10.22 07:05:00.145,0.98324,0.98328,1.50,2.03
2013.10.22 07:05:01.225,0.98324,0.98327,1.00,1.58
2013.10.22 07:05:01.776,0.98324,0.98327,1.10,1.50
2013.10.22 07:05:03.264,0.98323,0.98327,2.03,1.50
2013.10.22 07:05:03.805,0.98323,0.98327,1.65,1.38
2013.10.22 07:05:07.965,0.98323,0.98326,1.18,1.50
2013.10.22 07:05:08.145,0.98319,0.98322,4.88,1.10
2013.10.22 07:05:08.447,0.98321,0.98324,1.00,1.58
2013.10.22 07:05:08.965,0.98321,0.98324,2.25,1.20
2013.10.22 07:05:11.406,0.98321,0.98324,1.50,1.58
2013.10.22 07:05:11.525,0.9832,0.98322,1.95,1.13
2013.10.22 07:05:12.036,0.9832,0.98321,1.95,1.00
2013.10.22 07:05:13.235,0.98318,0.98321,4.50,1.38
2013.10.22 07:05:13.355,0.98318,0.98322,3.00,1.55
2013.10.22 07:05:20.157,0.98319,0.98321,1.00,1.48
2013.10.22 07:05:20.699,0.98319,0.98321,1.20,1.00
2013.10.22 07:05:21.310,0.98318,0.98322,2.03,1.88
2013.10.22 07:05:22.025,0.98318,0.98322,1.65,1.88
2013.10.22 07:05:26.215,0.98319,0.98322,1.10,1.13
2013.10.22 07:05:26.334,0.98319,0.98323,3.08,1.38
2013.10.22 07:05:26.874,0.9832,0.98324,1.28,2.63
2013.10.22 07:05:27.295,0.9832,0.98324,1.10,2.63
2013.10.22 07:05:27.414,0.9832,0.98324,1.28,2.63
2013.10.22 07:05:27.835,0.98319,0.98323,3.68,1.88
2013.10.22 07:05:27.894,0.98319,0.98323,1.58,1.48
2013.10.22 07:05:33.264,0.98319,0.98323,1.58,1.48
2013.10.22 07:05:35.104,0.98319,0.98322,1.10,1.38
2013.10.22 07:05:35.644,0.98319,0.98322,1.58,1.13
2013.10.22 07:05:38.044,0.98319,0.98322,1.58,1.38
2013.10.22 07:05:45.585,0.98317,0.98321,3.00,1.75
2013.10.22 07:05:45.705,0.98316,0.98319,1.28,1.13
2013.10.22 07:05:46.245,0.98316,0.98319,2.03,1.13
2013.10.22 07:05:46.425,0.98319,0.98322,1.00,1.28
2013.10.22 07:05:46.954,0.98319,0.98322,1.00,1.55
2013.10.22 07:05:47.276,0.98317,0.9832,1.20,3.98
2013.10.22 07:05:47.515,0.98311,0.98315,4.13,1.50
2013.10.22 07:06:02.046,0.98312,0.98315,1.18,1.38
2013.10.22 07:06:12.595,0.98311,0.98315,4.13,1.38
2013.10.22 07:06:29.478,0.98312,0.98315,1.28,1.00
2013.10.22 07:06:29.715,0.98315,0.98317,1.00,1.20
2013.10.22 07:06:29.895,0.98315,0.98319,2.03,1.50
2013.10.22 07:06:30.434,0.98315,0.98319,5.78,1.13
2013.10.22 07:06:33.383,0.98315,0.98319,5.78,1.13
2013.10.22 07:06:34.385,0.98315,0.98319,1.28,1.50
2013.10.22 07:06:34.940,0.98315,0.98319,1.28,1.13
2013.10.22 07:06:35.724,0.98315,0.98319,1.55,1.13
2013.10.22 07:06:36.225,0.98315,0.98319,1.28,1.13
2013.10.22 07:06:39.105,0.98315,0.98319,2.03,1.13
2013.10.22 07:06:44.295,0.98315,0.98319,2.03,1.13
2013.10.22 07:06:44.945,0.98315,0.98319,2.03,1.13
2013.10.22 07:06:45.605,0.98315,0.98319,1.28,1.13
2013.10.22 07:06:47.514,0.98315,0.98319,1.55,1.13
2013.10.22 07:06:48.055,0.98316,0.9832,5.33,1.58
2013.10.22 07:06:48.783,0.98316,0.9832,1.48,1.95
2013.10.22 07:06:49.324,0.98316,0.9832,1.10,2.33
2013.10.22 07:06:53.244,0.98316,0.9832,1.48,1.95
2013.10.22 07:06:55.315,0.98316,0.9832,1.10,3.08
2013.10.22 07:06:55.927,0.98315,0.98319,5.78,1.13
2013.10.22 07:06:57.955,0.98315,0.98319,2.03,1.88
2013.10.22 07:07:01.705,0.98315,0.98319,2.03,1.13
2013.10.22 07:07:02.266,0.98315,0.98319,2.03,1.13
2013.10.22 07:07:03.226,0.98316,0.98319,7.95,1.13
2013.10.22 07:07:03.765,0.98316,0.98319,7.58,1.13
2013.10.22 07:07:06.635,0.98316,0.98319,7.95,1.13
2013.10.22 07:07:07.244,0.98315,0.98319,5.03,1.13
2013.10.22 07:07:10.936,0.98315,0.98319,3.45,1.50
2013.10.22 07:07:16.195,0.98315,0.98318,2.70,1.00
2013.10.22 07:07:16.435,0.98314,0.98318,2.78,1.00
2013.10.22 07:07:28.515,0.98315,0.98319,4.95,2.33
2013.10.22 07:07:31.716,0.98316,0.98319,7.50,1.20
2013.10.22 07:07:35.875,0.98316,0.98319,5.25,1.10
2013.10.22 07:07:36.425,0.98316,0.9832,9.38,1.55
2013.10.22 07:07:38.425,0.98316,0.9832,1.58,1.95
2013.10.22 07:07:39.135,0.98315,0.98319,4.65,1.00
2013.10.22 07:07:40.385,0.98315,0.98319,4.28,1.13
2013.10.22 07:07:46.776,0.98316,0.98319,4.95,1.00
2013.10.22 07:07:52.455,0.98315,0.98319,1.55,1.50
2013.10.22 07:07:52.516,0.98315,0.98317,1.18,1.00
2013.10.22 07:07:52.695,0.98311,0.98315,1.65,1.38
2013.10.22 07:07:53.235,0.98311,0.98315,1.65,1.13
2013.10.22 07:07:58.434,0.98311,0.98315,1.28,1.38
2013.10.22 07:07:58.805,0.98309,0.98314,1.50,3.83
2013.10.22 07:07:59.344,0.98309,0.98314,1.50,5.33
2013.10.22 07:07:59.465,0.98308,0.98314,1.58,4.95
2013.10.22 07:08:00.865,0.98309,0.98314,1.50,4.95
2013.10.22 07:08:01.225,0.98308,0.98314,2.33,4.95
2013.10.22 07:08:06.135,0.98309,0.98314,1.50,4.95
2013.10.22 07:08:06.495,0.98308,0.98314,1.58,4.95
2013.10.22 07:08:06.615,0.98309,0.98314,2.25,4.20
2013.10.22 07:08:06.735,0.98309,0.98314,1.13,4.20
2013.10.22 07:08:06.795,0.98309,0.98314,1.50,4.20
2013.10.22 07:08:07.475,0.9831,0.98314,1.38,3.45
2013.10.22 07:08:07.895,0.98311,0.98314,1.00,1.20
2013.10.22 07:08:08.575,0.9831,0.98314,1.95,1.48
2013.10.22 07:08:09.114,0.9831,0.98314,2.33,1.48
2013.10.22 07:08:09.234,0.9831,0.98314,1.95,1.48
2013.10.22 07:08:09.574,0.9831,0.98314,2.33,1.48
2013.10.22 07:08:09.642,0.9831,0.98314,1.95,1.48
2013.10.22 07:08:13.975,0.9831,0.98314,1.95,1.48
2013.10.22 07:08:14.636,0.9831,0.98314,2.33,1.48
2013.10.22 07:08:15.281,0.9831,0.98314,1.95,1.48
2013.10.22 07:08:15.825,0.9831,0.98314,2.33,1.48
2013.10.22 07:08:16.367,0.9831,0.98314,1.58,1.48
2013.10.22 07:08:16.928,0.9831,0.98314,1.95,1.48
2013.10.22 07:08:18.475,0.9831,0.98314,1.10,1.48
2013.10.22 07:08:18.993,0.9831,0.98314,1.20,1.48
2013.10.22 07:08:20.018,0.9831,0.98314,1.10,1.48
2013.10.22 07:08:20.555,0.9831,0.98314,1.95,1.48
2013.10.22 07:08:21.216,0.9831,0.98314,1.58,1.48
2013.10.22 07:08:24.215,0.9831,0.98314,1.95,1.48
2013.10.22 07:08:24.775,0.9831,0.98314,1.58,1.48
2013.10.22 07:08:25.445,0.9831,0.98314,1.20,1.48
2013.10.22 07:08:25.949,0.9831,0.98314,1.10,1.48
2013.10.22 07:08:26.685,0.98311,0.98314,1.50,1.48
2013.10.22 07:08:27.225,0.98311,0.98314,1.00,1.48
2013.10.22 07:08:27.765,0.9831,0.98314,1.10,1.48
2013.10.22 07:08:29.256,0.9831,0.98314,1.13,1.55
2013.10.22 07:08:29.617,0.9831,0.98314,1.00,1.55
2013.10.22 07:08:29.736,0.9831,0.98314,1.13,1.55
2013.10.22 07:08:30.458,0.9831,0.98314,1.00,1.55
2013.10.22 07:08:33.005,0.9831,0.98314,1.13,1.55
2013.10.22 07:08:33.125,0.9831,0.98314,1.00,1.55
2013.10.22 07:08:33.245,0.9831,0.98314,1.13,1.55
2013.10.22 07:08:43.475,0.9831,0.98314,1.50,1.55
2013.10.22 07:08:46.545,0.9831,0.98314,2.25,1.55
2013.10.22 07:08:53.125,0.9831,0.98314,1.00,1.55
2013.10.22 07:08:53.871,0.9831,0.98314,1.00,1.55
2013.10.22 07:08:55.225,0.9831,0.98314,1.00,1.55
2013.10.22 07:09:04.674,0.9831,0.98314,1.00,1.55
2013.10.22 07:09:05.197,0.9831,0.98314,1.00,1.55
2013.10.22 07:09:11.275,0.9831,0.98314,1.50,1.55
2013.10.22 07:09:11.825,0.9831,0.98314,1.50,1.55
2013.10.22 07:09:13.275,0.9831,0.98314,1.50,1.55
2013.10.22 07:09:15.285,0.9831,0.98314,1.50,1.55
2013.10.22 07:09:16.226,0.9831,0.98314,1.50,1.55
2013.10.22 07:09:19.225,0.9831,0.98314,1.50,1.55
2013.10.22 07:09:19.867,0.9831,0.98314,1.50,1.55
2013.10.22 07:09:20.805,0.9831,0.98314,1.50,1.55
2013.10.22 07:09:26.357,0.9831,0.98314,1.13,1.55
2013.10.22 07:09:26.895,0.98309,0.98313,1.20,2.33
2013.10.22 07:09:27.445,0.98309,0.98311,1.95,1.00
2013.10.22 07:09:27.984,0.98309,0.98313,1.95,2.33
2013.10.22 07:09:28.525,0.98309,0.98313,1.95,2.33
2013.10.22 07:09:34.275,0.98309,0.98312,1.88,1.00
2013.10.22 07:09:44.975,0.98308,0.98312,1.13,1.88
2013.10.22 07:09:45.515,0.98307,0.98311,1.88,1.88
2013.10.22 07:09:52.665,0.98307,0.9831,1.20,1.38
2013.10.22 07:09:58.178,0.98305,0.98309,1.95,1.20
2013.10.22 07:09:59.436,0.98305,0.98309,1.58,1.48
2013.10.22 07:10:05.245,0.98305,0.98308,1.20,2.25
2013.10.22 07:10:05.306,0.98304,0.98306,3.83,2.50
2013.10.22 07:10:05.665,0.983,0.98304,2.25,7.43
2013.10.22 07:10:06.205,0.98297,0.98301,3.15,1.00
2013.10.22 07:10:08.775,0.98298,0.98302,3.45,2.70
2013.10.22 07:10:08.956,0.983,0.98305,1.48,4.58
2013.10.22 07:10:09.495,0.98301,0.98305,1.38,2.40
2013.10.22 07:10:09.863,0.983,0.98304,1.20,1.48
2013.10.22 07:10:18.475,0.983,0.98304,1.58,1.10
2013.10.22 07:10:26.157,0.98299,0.98303,3.15,1.00
2013.10.22 07:10:26.695,0.98299,0.98303,3.15,1.13
2013.10.22 07:10:27.235,0.983,0.98304,1.48,1.95
2013.10.22 07:10:29.485,0.983,0.98304,1.48,2.33
2013.10.22 07:10:29.786,0.98297,0.98301,2.40,2.63
2013.10.22 07:10:30.085,0.98296,0.983,1.48,1.95
2013.10.22 07:10:30.506,0.98294,0.98298,1.58,1.20
2013.10.22 07:10:34.156,0.98296,0.98298,1.00,1.20
2013.10.22 07:10:36.829,0.98295,0.98298,1.13,1.20
2013.10.22 07:10:37.755,0.98296,0.98298,1.00,1.20
2013.10.22 07:10:42.509,0.98295,0.98298,1.00,1.20
2013.10.22 07:10:54.286,0.98296,0.98298,3.00,1.20
2013.10.22 07:10:54.587,0.98298,0.98301,3.08,1.38
2013.10.22 07:10:55.185,0.98296,0.983,4.20,1.13
2013.10.22 07:10:57.355,0.98296,0.983,3.38,3.38
2013.10.22 07:10:57.655,0.98294,0.98298,3.45,1.50
2013.10.22 07:11:03.205,0.98294,0.98298,3.45,1.50
2013.10.22 07:11:03.745,0.98294,0.98297,2.25,1.38
2013.10.22 07:11:04.280,0.98294,0.98297,2.70,1.13
2013.10.22 07:11:09.876,0.98293,0.98297,4.20,1.13
2013.10.22 07:11:10.429,0.98293,0.98297,2.03,1.13
2013.10.22 07:11:17.495,0.98295,0.98297,1.00,1.13
2013.10.22 07:11:25.985,0.98295,0.98297,1.00,1.38
2013.10.22 07:11:29.626,0.98295,0.98298,1.13,1.58
2013.10.22 07:11:29.926,0.98297,0.98298,1.00,1.13
2013.10.22 07:11:32.487,0.98297,0.98299,1.13,1.00
2013.10.22 07:11:35.198,0.98296,0.983,1.20,1.48
2013.10.22 07:11:35.765,0.98296,0.983,1.48,1.20
2013.10.22 07:11:36.305,0.98296,0.983,1.20,1.48
2013.10.22 07:11:44.116,0.98295,0.98299,2.78,1.00
2013.10.22 07:11:44.476,0.98298,0.98302,1.88,4.20
2013.10.22 07:11:44.715,0.98299,0.98303,1.48,1.95
2013.10.22 07:11:44.777,0.98299,0.98301,1.10,1.00
2013.10.22 07:11:45.255,0.98296,0.983,1.55,2.25
2013.10.22 07:11:53.526,0.98295,0.98299,5.33,1.00
2013.10.22 07:12:30.256,0.98298,0.98299,1.00,1.00
2013.10.22 07:12:30.441,0.98298,0.98301,1.88,1.10
2013.10.22 07:12:38.508,0.983,0.98303,1.00,4.20
2013.10.22 07:12:39.046,0.983,0.98303,1.50,1.55
2013.10.22 07:12:44.255,0.983,0.98301,1.10,1.00
2013.10.22 07:12:44.495,0.98298,0.983,1.10,1.00
2013.10.22 07:12:47.028,0.98297,0.983,1.28,1.50
2013.10.22 07:12:49.785,0.98296,0.983,2.03,1.95
2013.10.22 07:12:50.325,0.98296,0.983,1.95,1.58
2013.10.22 07:12:51.225,0.98296,0.983,1.58,1.58
2013.10.22 07:12:52.176,0.98296,0.983,1.58,2.33
2013.10.22 07:12:53.756,0.98293,0.98297,1.18,4.13
2013.10.22 07:12:54.143,0.98291,0.98294,1.55,1.00
2013.10.22 07:12:54.685,0.98291,0.98294,1.13,1.20
2013.10.22 07:12:55.605,0.98291,0.98294,1.38,1.10
2013.10.22 07:12:57.286,0.98293,0.98296,1.38,2.33
2013.10.22 07:12:57.825,0.98293,0.98297,1.88,1.18
2013.10.22 07:13:03.057,0.98293,0.98297,1.88,2.03
2013.10.22 07:13:11.985,0.98293,0.98297,1.88,1.18
2013.10.22 07:13:12.765,0.98293,0.98297,1.88,1.28
2013.10.22 07:13:14.865,0.98293,0.98297,1.88,1.18
2013.10.22 07:13:16.542,0.98293,0.98297,1.95,1.20
2013.10.22 07:13:28.625,0.98293,0.98297,1.48,1.20
2013.10.22 07:13:35.517,0.98293,0.98297,1.95,1.95
2013.10.22 07:13:35.830,0.98291,0.98293,2.25,1.88
2013.10.22 07:13:35.948,0.9829,0.98293,1.58,1.13
2013.10.22 07:13:36.246,0.98291,0.98294,2.33,1.00
2013.10.22 07:13:37.576,0.98291,0.98296,3.83,2.63
2013.10.22 07:13:37.755,0.98294,0.98297,2.63,1.13
2013.10.22 07:13:51.115,0.98294,0.98297,2.63,1.00
2013.10.22 07:13:51.656,0.98294,0.98297,2.70,1.00
2013.10.22 07:13:58.635,0.98293,0.98297,6.38,1.00
2013.10.22 07:14:04.346,0.98294,0.98298,1.55,1.88
2013.10.22 07:14:06.415,0.98293,0.98297,8.70,1.00
2013.10.22 07:14:06.656,0.98296,0.98299,1.50,1.20
2013.10.22 07:14:06.776,0.98298,0.98299,4.50,1.00
2013.10.22 07:14:06.896,0.98298,0.98302,2.63,1.28
2013.10.22 07:14:07.016,0.98299,0.98303,1.48,1.95
2013.10.22 07:14:07.555,0.983,0.98303,1.28,1.13
2013.10.22 07:14:14.095,0.98299,0.98303,3.38,3.00
2013.10.22 07:14:14.216,0.98299,0.98301,1.00,1.13
2013.10.22 07:14:14.276,0.98297,0.983,8.59,1.00
2013.10.22 07:14:14.815,0.98296,0.98299,2.25,1.88
2013.10.22 07:14:20.575,0.98296,0.98299,2.70,1.50
2013.10.22 07:14:20.695,0.98297,0.98301,1.28,1.13
2013.10.22 07:14:34.716,0.98298,0.98301,1.65,1.13
2013.10.22 07:14:35.006,0.98298,0.98301,1.10,2.25
2013.10.22 07:14:35.185,0.98298,0.98301,1.08,1.13
2013.10.22 07:14:35.545,0.98298,0.983,1.00,1.50
2013.10.22 07:14:36.565,0.98297,0.98299,1.10,1.13
2013.10.22 07:14:37.105,0.98295,0.98298,3.45,1.13
2013.10.22 07:14:42.256,0.98295,0.98297,3.38,1.00
2013.10.22 07:14:42.376,0.98295,0.98297,1.20,1.00
2013.10.22 07:14:42.885,0.98295,0.98298,1.20,1.13
2013.10.22 07:14:46.268,0.98294,0.98297,1.55,1.00
2013.10.22 07:14:50.446,0.98294,0.98298,1.55,2.25
2013.10.22 07:14:52.637,0.98294,0.98297,1.55,1.00
2013.10.22 07:15:11.715,0.98293,0.98297,1.13,3.83
2013.10.22 07:15:20.406,0.9829,0.98294,3.08,1.10
2013.10.22 07:15:21.156,0.9829,0.98294,1.58,1.20
2013.10.22 07:15:24.965,0.98291,0.98294,1.38,1.20
2013.10.22 07:15:25.025,0.98291,0.98295,2.63,1.58
2013.10.22 07:15:25.326,0.98292,0.98296,2.40,1.00
2013.10.22 07:15:25.866,0.98293,0.98297,3.45,1.00
2013.10.22 07:15:26.526,0.98293,0.98296,2.70,1.00
2013.10.22 07:15:27.087,0.98293,0.98296,2.25,1.38
2013.10.22 07:15:27.966,0.98293,0.98296,2.70,1.00
2013.10.22 07:15:33.187,0.98293,0.98297,4.20,1.13
2013.10.22 07:15:44.085,0.98294,0.98298,1.55,1.13
2013.10.22 07:15:46.036,0.98295,0.98298,1.50,1.10
2013.10.22 07:15:46.337,0.983,0.98302,1.13,1.58
2013.10.22 07:15:46.396,0.98301,0.98303,1.38,3.00
2013.10.22 07:15:46.456,0.98301,0.98305,1.38,4.07
2013.10.22 07:15:46.995,0.98301,0.98305,1.55,1.00
2013.10.22 07:15:50.046,0.98303,0.98307,1.00,2.78
2013.10.22 07:15:50.106,0.98303,0.98307,1.50,2.40
2013.10.22 07:15:50.346,0.98304,0.98308,1.65,1.13
2013.10.22 07:15:54.306,0.98305,0.98309,1.20,1.20
2013.10.22 07:15:56.525,0.98305,0.98308,1.95,1.00
2013.10.22 07:15:57.666,0.98305,0.98308,3.38,1.00
2013.10.22 07:15:58.206,0.98305,0.98308,1.28,1.00
2013.10.22 07:15:58.746,0.98305,0.98309,1.20,3.08
2013.10.22 07:16:00.084,0.98305,0.98308,1.20,1.00
2013.10.22 07:16:00.626,0.98304,0.98308,1.28,1.88
2013.10.22 07:16:03.404,0.98307,0.9831,2.33,1.50
2013.10.22 07:16:03.586,0.9831,0.98312,1.13,1.10
2013.10.22 07:16:04.125,0.9831,0.98314,1.38,1.55
2013.10.22 07:16:04.666,0.9831,0.98314,1.50,1.55
2013.10.22 07:16:05.776,0.9831,0.98314,5.40,1.38
2013.10.22 07:16:07.837,0.98311,0.98315,4.95,1.20
2013.10.22 07:16:09.436,0.98312,0.98316,4.13,2.70
2013.10.22 07:16:09.676,0.98315,0.98319,1.00,4.58
2013.10.22 07:16:09.796,0.98315,0.98319,3.08,2.33
2013.10.22 07:16:10.156,0.98316,0.9832,2.03,1.00
2013.10.22 07:16:11.980,0.98318,0.98321,1.38,1.10
2013.10.22 07:16:12.216,0.98319,0.98323,1.48,2.33
2013.10.22 07:16:14.236,0.98319,0.98323,3.45,1.50
2013.10.22 07:16:14.957,0.98319,0.98322,3.08,1.00
2013.10.22 07:16:15.135,0.98317,0.98322,7.79,2.33
2013.10.22 07:16:15.376,0.98318,0.98322,3.08,1.50
2013.10.22 07:16:16.516,0.98319,0.98323,1.13,1.55
2013.10.22 07:16:17.055,0.98319,0.98323,1.50,1.28
2013.10.22 07:16:17.596,0.98319,0.98323,1.13,1.55
2013.10.22 07:16:18.686,0.98318,0.98322,1.58,1.48
2013.10.22 07:16:19.166,0.98316,0.9832,4.95,1.38
2013.10.22 07:16:19.286,0.98316,0.98319,1.58,1.50
2013.10.22 07:16:19.845,0.98316,0.9832,1.95,1.95
2013.10.22 07:16:21.556,0.98316,0.9832,1.20,1.85
2013.10.22 07:16:22.696,0.98316,0.98319,1.95,1.13
2013.10.22 07:16:22.818,0.98317,0.9832,1.38,1.20
2013.10.22 07:16:22.877,0.98316,0.98319,1.58,1.00
2013.10.22 07:16:23.356,0.98318,0.98321,1.38,1.18
2013.10.22 07:16:24.006,0.98318,0.98322,1.88,4.20
2013.10.22 07:16:27.096,0.98316,0.98322,1.58,8.23
2013.10.22 07:16:27.433,0.98315,0.9832,1.18,2.58
2013.10.22 07:16:27.563,0.98314,0.98319,1.95,3.06
2013.10.22 07:16:27.626,0.98314,0.98319,2.33,3.06
2013.10.22 07:16:28.496,0.98314,0.98318,2.33,1.20
2013.10.22 07:16:29.197,0.98317,0.9832,2.88,2.18
2013.10.22 07:16:29.256,0.98318,0.98323,3.45,2.63
2013.10.22 07:16:29.795,0.98318,0.98323,1.58,2.78
2013.10.22 07:16:32.266,0.98317,0.98319,1.10,1.38
2013.10.22 07:16:32.507,0.98315,0.98319,1.50,1.55
2013.10.22 07:16:32.806,0.98314,0.98318,3.75,2.70
2013.10.22 07:16:33.166,0.98316,0.98318,1.00,1.13
2013.10.22 07:16:38.296,0.98315,0.98319,1.20,1.48
2013.10.22 07:16:38.537,0.98314,0.98318,1.13,1.95
2013.10.22 07:16:41.196,0.98314,0.98318,1.50,4.20
2013.10.22 07:16:41.773,0.98314,0.98318,1.95,1.48
2013.10.22 07:16:45.416,0.98315,0.98318,1.50,1.95
2013.10.22 07:16:45.956,0.98315,0.98319,2.25,1.55
2013.10.22 07:16:46.376,0.98314,0.98318,1.20,1.20
2013.10.22 07:16:46.436,0.98314,0.98318,1.20,1.48
2013.10.22 07:16:47.856,0.98314,0.98318,3.75,3.38
2013.10.22 07:16:48.336,0.98314,0.98318,1.95,1.48
2013.10.22 07:16:53.377,0.98314,0.98318,1.13,3.45
2013.10.22 07:16:53.970,0.98314,0.98318,1.50,3.45
2013.10.22 07:16:54.726,0.98314,0.98318,1.50,3.45
2013.10.22 07:16:57.046,0.98314,0.98318,1.50,3.45
2013.10.22 07:16:57.586,0.98314,0.98317,1.50,1.55
2013.10.22 07:17:00.726,0.98314,0.98317,1.65,1.38
2013.10.22 07:17:02.665,0.98314,0.98318,1.20,1.45
2013.10.22 07:17:03.265,0.98314,0.98318,1.13,2.03
2013.10.22 07:17:14.516,0.98314,0.98318,1.13,2.03
2013.10.22 07:17:22.336,0.98314,0.98318,1.13,2.03
2013.10.22 07:17:35.206,0.98314,0.98318,1.20,1.95
2013.10.22 07:17:37.034,0.98314,0.98318,3.08,1.58
2013.10.22 07:17:37.156,0.98316,0.98319,1.00,1.65
2013.10.22 07:17:37.697,0.98315,0.98319,2.78,1.00
2013.10.22 07:17:39.306,0.98316,0.9832,1.58,1.10
2013.10.22 07:17:40.686,0.98316,0.9832,1.58,1.10
2013.10.22 07:17:45.236,0.98316,0.9832,1.58,1.10
2013.10.22 07:17:45.476,0.98316,0.98318,1.58,1.00
2013.10.22 07:17:50.750,0.98314,0.98317,3.45,1.00
2013.10.22 07:17:51.646,0.98314,0.98318,3.83,1.50
2013.10.22 07:17:52.006,0.98318,0.98321,3.75,1.00
2013.10.22 07:17:52.426,0.98321,0.98324,1.00,1.20
2013.10.22 07:17:52.976,0.98321,0.98323,1.00,1.00
2013.10.22 07:17:53.586,0.98321,0.98324,1.00,1.20
2013.10.22 07:17:55.546,0.9832,0.98323,1.95,1.00
2013.10.22 07:17:57.835,0.9832,0.98324,1.95,1.95
2013.10.22 07:17:58.375,0.9832,0.98323,1.48,1.00
2013.10.22 07:18:00.022,0.9832,0.98324,1.95,1.95
2013.10.22 07:18:00.566,0.9832,0.98323,1.48,1.00
2013.10.22 07:18:03.844,0.98319,0.98323,2.03,3.00
2013.10.22 07:18:04.268,0.9832,0.98323,1.58,1.00
2013.10.22 07:18:11.187,0.98319,0.98322,1.28,1.00
2013.10.22 07:18:11.846,0.98319,0.98322,1.55,1.00
2013.10.22 07:18:12.387,0.98318,0.98321,3.08,1.00
2013.10.22 07:18:20.336,0.98317,0.9832,1.13,1.00
2013.10.22 07:18:20.397,0.98316,0.98319,1.10,6.01
2013.10.22 07:18:20.516,0.98314,0.98317,6.68,5.26
2013.10.22 07:18:20.638,0.98313,0.98315,1.00,3.38
2013.10.22 07:18:21.176,0.98312,0.98313,4.88,1.00
2013.10.22 07:18:21.697,0.9831,0.98313,1.48,1.00
2013.10.22 07:18:22.426,0.9831,0.98314,1.95,1.58
2013.10.22 07:18:24.647,0.98311,0.98315,1.65,1.13
2013.10.22 07:18:31.937,0.98314,0.98316,1.00,1.95
2013.10.22 07:18:32.296,0.98317,0.9832,2.70,2.63
2013.10.22 07:18:32.836,0.98318,0.9832,1.13,2.13
2013.10.22 07:18:34.406,0.98318,0.9832,1.13,1.13
2013.10.22 07:18:34.946,0.98318,0.98322,2.25,1.55
2013.10.22 07:18:35.727,0.98316,0.98322,3.15,2.03
2013.10.22 07:18:36.037,0.98315,0.98319,1.10,2.33
2013.10.22 07:18:36.657,0.98313,0.98317,2.33,1.20
2013.10.22 07:18:36.958,0.98312,0.98315,1.20,1.13
2013.10.22 07:18:37.497,0.98311,0.98315,1.95,1.20
2013.10.22 07:18:49.087,0.98312,0.98315,1.38,1.13
2013.10.22 07:18:54.617,0.98311,0.98315,1.95,1.20
2013.10.22 07:19:07.276,0.98311,0.98315,1.95,1.10
2013.10.22 07:19:17.606,0.98312,0.98316,1.50,1.65
2013.10.22 07:19:17.966,0.98311,0.98315,1.10,1.48
2013.10.22 07:19:27.400,0.98311,0.98315,1.20,1.48
2013.10.22 07:19:28.406,0.98311,0.98315,1.48,1.20
2013.10.22 07:19:39.646,0.9831,0.98314,2.03,1.38
2013.10.22 07:19:40.187,0.9831,0.98313,1.10,1.13
2013.10.22 07:19:40.726,0.98309,0.98312,1.38,1.10
2013.10.22 07:19:42.146,0.9831,0.98312,1.13,1.18
2013.10.22 07:19:42.677,0.98309,0.98312,1.00,3.08
2013.10.22 07:19:43.766,0.98309,0.98312,1.38,2.33
2013.10.22 07:19:43.887,0.98307,0.98311,1.95,1.08
2013.10.22 07:19:44.066,0.98306,0.9831,1.13,2.03
2013.10.22 07:19:45.386,0.98305,0.98308,1.48,1.13
2013.10.22 07:19:45.686,0.98303,0.98307,1.13,1.28
2013.10.22 07:19:46.649,0.98301,0.98305,2.40,1.00
2013.10.22 07:19:47.247,0.98301,0.98305,2.40,1.13
2013.10.22 07:19:48.847,0.98303,0.98307,1.50,2.78
2013.10.22 07:19:48.907,0.98303,0.98306,2.25,1.10
2013.10.22 07:19:49.147,0.98301,0.98305,1.65,3.38
2013.10.22 07:19:49.327,0.983,0.98303,3.08,1.13
2013.10.22 07:19:49.507,0.98298,0.98301,1.10,2.25
2013.10.22 07:19:49.626,0.98296,0.983,1.10,1.20
2013.10.22 07:19:49.687,0.98296,0.98298,1.00,1.20
2013.10.22 07:19:50.047,0.98292,0.98296,4.95,1.00
2013.10.22 07:19:50.596,0.98292,0.98295,3.08,1.00
2013.10.22 07:19:51.606,0.98292,0.98296,3.83,1.00
2013.10.22 07:19:52.486,0.98293,0.98297,1.28,1.88
2013.10.22 07:19:54.457,0.98292,0.98296,3.45,1.13
2013.10.22 07:19:55.007,0.98292,0.98295,2.70,1.13
2013.10.22 07:20:00.606,0.98292,0.98296,3.45,2.63
2013.10.22 07:20:01.177,0.98292,0.98295,2.70,1.13
2013.10.22 07:20:03.126,0.98292,0.98296,3.83,1.00
2013.10.22 07:20:03.427,0.98298,0.98302,2.30,1.88
2013.10.22 07:20:03.726,0.983,0.98303,1.13,1.20
2013.10.22 07:20:03.787,0.983,0.98304,1.38,2.40
2013.10.22 07:20:04.147,0.98302,0.98305,1.13,1.10
2013.10.22 07:20:06.456,0.98303,0.98307,1.00,4.20
2013.10.22 07:20:06.756,0.98305,0.98309,1.00,6.45
2013.10.22 07:20:07.296,0.98305,0.98309,1.10,2.33
2013.10.22 07:20:08.317,0.98304,0.98308,1.28,1.88
2013.10.22 07:20:12.606,0.98305,0.98308,1.10,1.38
2013.10.22 07:20:13.028,0.98302,0.98306,1.10,1.58
2013.10.22 07:20:21.386,0.98302,0.98306,1.10,1.95
2013.10.22 07:20:21.627,0.98303,0.98307,1.18,1.00
2013.10.22 07:20:22.497,0.98306,0.98308,1.50,1.58
2013.10.22 07:20:22.677,0.98308,0.98312,3.00,4.20
2013.10.22 07:20:22.917,0.98311,0.98314,1.13,2.70
2013.10.22 07:20:23.036,0.98311,0.98315,1.13,2.03
2013.10.22 07:20:26.066,0.98312,0.98314,1.00,1.10
2013.10.22 07:20:26.429,0.9831,0.98312,1.48,1.00
2013.10.22 07:20:26.607,0.98307,0.98311,2.40,1.00
2013.10.22 07:20:26.847,0.98305,0.98309,2.40,1.00
2013.10.22 07:20:27.206,0.98303,0.98307,1.88,1.10
2013.10.22 07:20:27.997,0.98302,0.98306,2.70,1.48
2013.10.22 07:20:32.731,0.98303,0.98306,1.00,1.48
2013.10.22 07:20:38.651,0.98303,0.98306,1.38,1.10
2013.10.22 07:20:38.886,0.98305,0.98308,1.50,1.20
2013.10.22 07:20:39.321,0.98303,0.98307,2.03,1.50
2013.10.22 07:20:39.518,0.98302,0.98306,1.48,2.33
2013.10.22 07:20:40.056,0.98301,0.98305,1.55,1.13
2013.10.22 07:20:40.616,0.983,0.98304,4.20,1.00
2013.10.22 07:20:43.236,0.98301,0.98305,1.55,1.50
2013.10.22 07:20:57.577,0.98301,0.98305,1.28,1.38
2013.10.22 07:21:01.096,0.98303,0.98305,1.00,1.50
2013.10.22 07:21:01.276,0.98303,0.98306,1.13,1.20
2013.10.22 07:21:01.827,0.98303,0.98307,1.58,1.45
2013.10.22 07:21:02.370,0.98303,0.98307,1.65,1.38
2013.10.22 07:21:05.217,0.98303,0.98307,2.03,1.13
2013.10.22 07:21:09.137,0.98303,0.98307,2.03,1.38
2013.10.22 07:21:09.676,0.98303,0.98307,1.65,1.38
2013.10.22 07:21:17.496,0.98303,0.98307,1.50,1.55
2013.10.22 07:21:22.346,0.98303,0.98307,1.88,1.28
2013.10.22 07:21:22.897,0.98303,0.98307,1.50,1.55
2013.10.22 07:21:25.426,0.98301,0.98305,2.40,1.50
2013.10.22 07:21:25.966,0.983,0.98304,4.58,1.00
2013.10.22 07:21:26.574,0.98301,0.98305,1.65,2.25
2013.10.22 07:21:59.237,0.983,0.98304,2.78,1.00
2013.10.22 07:22:25.566,0.983,0.98304,2.03,1.38
2013.10.22 07:22:25.807,0.98299,0.98302,2.18,1.38
2013.10.22 07:22:25.867,0.98299,0.98303,1.10,2.33
2013.10.22 07:22:26.526,0.98298,0.98302,2.63,1.55
2013.10.22 07:22:27.086,0.98297,0.98301,3.08,1.48
2013.10.22 07:22:27.628,0.98298,0.98302,2.78,1.13
2013.10.22 07:22:28.474,0.98298,0.98302,1.55,1.00
2013.10.22 07:22:29.016,0.98299,0.98303,1.48,1.58
2013.10.22 07:22:35.806,0.983,0.98304,3.00,1.28
2013.10.22 07:22:36.346,0.983,0.98304,5.33,1.13
2013.10.22 07:22:56.647,0.983,0.98304,3.15,1.13
2013.10.22 07:23:13.028,0.98302,0.98305,1.50,1.58
2013.10.22 07:23:13.567,0.98301,0.98305,4.20,1.88
2013.10.22 07:23:19.838,0.98304,0.98305,1.00,1.00
2013.10.22 07:23:20.019,0.98304,0.98306,1.00,1.13
2013.10.22 07:23:20.567,0.98304,0.98307,1.00,1.48
2013.10.22 07:23:33.427,0.98303,0.98307,1.58,1.48
2013.10.22 07:23:41.157,0.98303,0.98307,1.95,1.95
2013.10.22 07:23:41.707,0.98303,0.98307,1.13,4.20
2013.10.22 07:23:46.509,0.98302,0.98306,2.25,2.03
2013.10.22 07:23:47.846,0.98305,0.98307,1.00,2.25
2013.10.22 07:23:47.967,0.98304,0.98308,6.00,2.03
2013.10.22 07:23:48.027,0.98307,0.98309,1.13,2.63
2013.10.22 07:23:48.148,0.98308,0.9831,1.00,1.65
2013.10.22 07:23:48.387,0.98306,0.98308,1.18,1.00
2013.10.22 07:23:48.507,0.98308,0.98309,1.00,1.10
2013.10.22 07:23:48.926,0.98309,0.98313,1.10,2.33
2013.10.22 07:23:50.247,0.98308,0.98312,1.65,1.88
2013.10.22 07:23:50.796,0.98309,0.98313,1.48,2.33
2013.10.22 07:23:57.514,0.98308,0.98312,3.15,1.00
2013.10.22 07:23:58.178,0.98309,0.98313,1.20,2.33
2013.10.22 07:24:02.987,0.9831,0.98312,1.00,1.13
2013.10.22 07:24:03.526,0.9831,0.98313,1.55,1.00
2013.10.22 07:24:06.417,0.98311,0.98314,1.20,1.13
2013.10.22 07:24:06.958,0.98311,0.98315,1.95,2.70
2013.10.22 07:24:07.867,0.98311,0.98315,4.95,1.58
2013.10.22 07:24:07.929,0.98313,0.98317,1.13,4.95
2013.10.22 07:24:07.988,0.98314,0.98319,1.50,6.83
2013.10.22 07:24:08.347,0.98315,0.98319,2.78,1.38
2013.10.22 07:24:09.247,0.98314,0.98317,4.95,1.00
2013.10.22 07:24:09.427,0.98312,0.98315,2.03,1.50
2013.10.22 07:24:13.186,0.98312,0.98317,1.65,2.70
2013.10.22 07:24:13.726,0.98315,0.98318,1.20,1.13
2013.10.22 07:24:27.027,0.98315,0.98319,2.33,1.20
2013.10.22 07:24:27.575,0.98315,0.98319,2.33,1.48
2013.10.22 07:24:30.446,0.98315,0.98319,2.33,1.20
2013.10.22 07:24:30.687,0.98317,0.98321,3.00,2.70
2013.10.22 07:24:30.807,0.98318,0.98322,1.00,3.45
2013.10.22 07:24:30.867,0.98319,0.98323,1.10,2.40
2013.10.22 07:24:31.826,0.98319,0.98323,2.03,1.58
2013.10.22 07:24:32.366,0.98319,0.98323,4.20,1.88
2013.10.22 07:24:33.687,0.98319,0.98323,4.95,1.88
2013.10.22 07:24:40.819,0.9832,0.98324,3.15,1.13
2013.10.22 07:24:43.076,0.9832,0.98324,3.00,1.28
2013.10.22 07:24:44.312,0.9832,0.98323,1.50,1.20
2013.10.22 07:24:44.501,0.98318,0.98321,2.40,1.38
2013.10.22 07:24:44.738,0.98315,0.98318,3.75,1.58
2013.10.22 07:24:44.810,0.98315,0.98318,2.25,2.33
2013.10.22 07:24:45.107,0.98313,0.98316,1.13,1.20
2013.10.22 07:24:57.897,0.98313,0.98316,1.38,1.10
2013.10.22 07:25:01.527,0.98313,0.98316,1.00,1.48
2013.10.22 07:25:02.068,0.98312,0.98316,1.58,1.95
2013.10.22 07:25:14.138,0.98313,0.98317,1.00,1.55
2013.10.22 07:25:16.146,0.98313,0.98317,1.13,1.55
2013.10.22 07:25:16.267,0.98314,0.98318,1.00,4.58
2013.10.22 07:25:16.387,0.98315,0.98318,5.70,1.08
2013.10.22 07:25:16.507,0.98315,0.98319,2.33,1.20
2013.10.22 07:25:17.047,0.98316,0.9832,1.00,2.03
2013.10.22 07:25:18.308,0.98316,0.9832,2.25,1.55
2013.10.22 07:25:18.848,0.98317,0.98321,1.13,3.45
2013.10.22 07:25:19.627,0.98319,0.98321,1.00,2.93
2013.10.22 07:25:20.167,0.98319,0.98322,1.00,1.18
2013.10.22 07:25:21.317,0.9832,0.98322,1.00,1.10
2013.10.22 07:25:22.837,0.9832,0.98323,1.13,3.45
2013.10.22 07:25:23.522,0.98319,0.98323,1.50,4.20
2013.10.22 07:25:23.589,0.98317,0.98321,1.95,1.58
2013.10.22 07:25:28.387,0.98319,0.98322,1.00,2.03
2013.10.22 07:25:29.112,0.98319,0.98323,2.70,1.28
2013.10.22 07:25:29.658,0.98319,0.98323,1.95,1.20
2013.10.22 07:25:34.802,0.98319,0.98323,1.48,1.20
2013.10.22 07:25:35.466,0.98319,0.98323,1.20,1.20
2013.10.22 07:25:40.129,0.98318,0.9832,1.18,1.13
2013.10.22 07:25:40.248,0.98317,0.98321,1.95,1.48
2013.10.22 07:25:40.307,0.98317,0.98319,1.58,1.00
2013.10.22 07:25:40.668,0.98314,0.98318,1.18,2.63
2013.10.22 07:25:40.727,0.98313,0.98317,3.00,1.38
2013.10.22 07:25:40.907,0.98313,0.98317,1.10,1.48
2013.10.22 07:26:01.619,0.98313,0.98317,1.08,1.88
2013.10.22 07:26:03.466,0.98315,0.98317,1.00,1.00
2013.10.22 07:26:04.007,0.98315,0.98318,1.18,1.00
2013.10.22 07:26:04.546,0.98314,0.98317,1.58,1.38
2013.10.22 07:26:06.766,0.98314,0.98317,1.58,1.38
2013.10.22 07:26:14.698,0.98313,0.98317,1.10,1.45
2013.10.22 07:26:20.937,0.98313,0.98317,1.18,1.38
2013.10.22 07:26:21.838,0.98312,0.98315,1.18,1.13
2013.10.22 07:26:22.377,0.98311,0.98315,2.40,1.13
2013.10.22 07:26:22.828,0.98313,0.98316,2.63,1.13
2013.10.22 07:26:23.007,0.98313,0.98316,3.83,1.38
2013.10.22 07:26:28.887,0.98311,0.98315,9.08,1.20
2013.10.22 07:26:45.177,0.98311,0.98314,4.95,1.00
2013.10.22 07:26:45.716,0.9831,0.98313,2.03,1.13
2013.10.22 07:26:53.346,0.9831,0.98313,1.10,1.88
2013.10.22 07:26:53.730,0.98308,0.98309,2.93,1.00
2013.10.22 07:26:53.793,0.98305,0.98309,2.70,1.48
2013.10.22 07:26:54.337,0.98304,0.98308,1.18,2.25
2013.10.22 07:26:54.637,0.98304,0.98308,2.40,1.13
2013.10.22 07:26:55.297,0.98306,0.9831,1.00,1.28
2013.10.22 07:26:57.547,0.98307,0.98311,1.00,4.58
2013.10.22 07:26:58.087,0.98308,0.98312,1.95,1.48
2013.10.22 07:26:58.267,0.98309,0.98313,3.00,1.55
2013.10.22 07:26:58.807,0.98311,0.98314,1.10,1.38
2013.10.22 07:27:00.227,0.98309,0.98313,1.18,1.48
2013.10.22 07:27:00.767,0.98309,0.98313,1.10,1.48
2013.10.22 07:27:01.550,0.98309,0.9831,1.00,1.00
2013.10.22 07:27:01.668,0.98306,0.98309,1.18,1.50
2013.10.22 07:27:01.847,0.98304,0.98308,2.40,1.13
2013.10.22 07:27:06.818,0.98306,0.98308,1.00,1.13
2013.10.22 07:27:10.627,0.98306,0.9831,2.25,1.55
2013.10.22 07:27:10.808,0.98307,0.98311,2.33,1.55
2013.10.22 07:27:10.987,0.98309,0.98313,2.33,1.28
2013.10.22 07:27:11.526,0.98309,0.98313,2.33,1.20
2013.10.22 07:27:14.917,0.9831,0.98314,1.13,2.03
2013.10.22 07:27:17.307,0.98309,0.98312,1.10,1.75
2013.10.22 07:27:17.547,0.98305,0.98308,3.83,1.13
2013.10.22 07:27:17.607,0.98305,0.98308,1.18,1.00
2013.10.22 07:27:18.087,0.98304,0.98306,1.00,1.38
2013.10.22 07:27:19.357,0.98303,0.98307,2.33,1.48
2013.10.22 07:27:19.887,0.98303,0.98307,5.70,1.48
2013.10.22 07:27:20.737,0.98303,0.98307,1.95,1.48
2013.10.22 07:27:20.930,0.98302,0.98306,1.58,1.50
2013.10.22 07:27:22.197,0.98302,0.98305,1.00,1.48
2013.10.22 07:27:22.947,0.98301,0.98305,1.20,1.48
2013.10.22 07:27:23.368,0.98302,0.98305,1.00,1.20
2013.10.22 07:27:23.668,0.98302,0.98305,1.00,1.48
2013.10.22 07:27:24.247,0.98301,0.98305,1.20,1.95
2013.10.22 07:27:26.328,0.983,0.98304,1.58,1.45
2013.10.22 07:27:26.867,0.983,0.98304,1.50,1.55
2013.10.22 07:27:29.750,0.98301,0.98305,1.88,4.13
2013.10.22 07:27:29.808,0.98303,0.98305,1.38,3.30
2013.10.22 07:27:32.857,0.98302,0.98306,1.95,1.48
2013.10.22 07:27:33.701,0.98304,0.98306,1.00,1.48
2013.10.22 07:27:34.368,0.98301,0.98305,3.15,1.13
2013.10.22 07:27:34.907,0.98302,0.98305,1.10,1.13
2013.10.22 07:27:37.127,0.98301,0.98305,3.90,1.13
2013.10.22 07:27:40.228,0.98302,0.98305,1.10,1.13
2013.10.22 07:27:40.991,0.98301,0.98305,3.90,1.13
2013.10.22 07:27:42.300,0.98303,0.98305,1.50,1.13
2013.10.22 07:27:42.477,0.98305,0.98309,1.13,1.55
2013.10.22 07:27:42.598,0.98306,0.9831,1.38,4.95
2013.10.22 07:27:48.989,0.98307,0.98311,1.13,1.55
2013.10.22 07:27:58.937,0.98307,0.98311,1.50,1.55
2013.10.22 07:27:59.178,0.98309,0.98313,2.33,1.95
2013.10.22 07:28:07.523,0.98309,0.98313,1.58,1.20
2013.10.22 07:28:08.737,0.98309,0.98313,1.58,1.20
2013.10.22 07:28:13.298,0.98309,0.98313,1.58,1.20
2013.10.22 07:28:19.407,0.98309,0.98313,1.50,1.28
2013.10.22 07:28:20.220,0.98309,0.98313,1.50,1.28
2013.10.22 07:28:20.878,0.98309,0.98313,1.50,1.28
2013.10.22 07:28:21.528,0.98309,0.98313,1.50,1.28
2013.10.22 07:28:23.797,0.98309,0.98313,2.25,1.28
2013.10.22 07:28:24.577,0.98309,0.98313,2.25,1.28
2013.10.22 07:28:36.707,0.98309,0.98313,1.88,1.28
2013.10.22 07:28:37.547,0.9831,0.98314,1.00,4.20
2013.10.22 07:28:39.708,0.9831,0.98314,1.88,1.55
2013.10.22 07:28:54.627,0.98309,0.98313,2.70,1.20
2013.10.22 07:28:58.008,0.98309,0.98313,3.45,1.20
2013.10.22 07:28:58.547,0.98309,0.98313,3.45,1.20
2013.10.22 07:28:59.386,0.98309,0.98313,3.45,1.20
2013.10.22 07:28:59.926,0.98309,0.98313,1.58,1.20
2013.10.22 07:29:03.068,0.98309,0.98313,1.58,1.20
2013.10.22 07:29:03.579,0.98309,0.98313,1.58,1.20
2013.10.22 07:29:10.906,0.9831,0.98314,1.00,1.55
2013.10.22 07:29:15.461,0.98309,0.98313,2.33,1.20
2013.10.22 07:29:17.420,0.98308,0.98311,1.65,1.38
2013.10.22 07:29:17.597,0.98307,0.98311,1.58,1.48
2013.10.22 07:29:18.276,0.98307,0.9831,1.10,1.88
2013.10.22 07:29:18.577,0.98304,0.98307,1.00,1.55
2013.10.22 07:29:18.881,0.98304,0.98307,1.00,2.03
2013.10.22 07:29:19.417,0.98303,0.98307,1.00,2.03
2013.10.22 07:29:19.956,0.98303,0.98307,1.38,2.03
2013.10.22 07:29:23.296,0.98303,0.98306,1.18,1.38
2013.10.22 07:29:28.026,0.98304,0.98306,1.20,1.13
2013.10.22 07:29:28.206,0.98305,0.98309,1.28,1.00
2013.10.22 07:29:28.266,0.98306,0.9831,1.48,1.58
2013.10.22 07:29:28.598,0.98309,0.98311,1.50,1.18
2013.10.22 07:29:28.717,0.98309,0.98313,2.63,1.28
2013.10.22 07:29:29.257,0.98309,0.98313,2.78,1.00
2013.10.22 07:29:33.939,0.98309,0.98313,2.78,1.13
2013.10.22 07:29:43.097,0.98311,0.98313,1.00,1.00
2013.10.22 07:29:43.397,0.98313,0.98316,1.00,1.95
2013.10.22 07:29:44.727,0.98312,0.98316,1.10,2.33
2013.10.22 07:29:45.266,0.9831,0.98314,1.48,1.20
2013.10.22 07:29:46.482,0.9831,0.98314,1.10,1.48
2013.10.22 07:29:47.877,0.9831,0.98314,1.95,1.48
2013.10.22 07:29:48.419,0.98311,0.98315,1.88,1.28
2013.10.22 07:29:51.766,0.98311,0.98315,1.38,1.55
2013.10.22 07:29:51.950,0.9831,0.98314,1.10,1.48
2013.10.22 07:29:53.357,0.98309,0.98313,1.13,1.28
2013.10.22 07:29:55.997,0.98309,0.98313,1.88,1.18
2013.10.22 07:29:56.177,0.98311,0.98315,1.88,1.28
2013.10.22 07:30:01.296,0.98311,0.98315,1.13,1.28
2013.10.22 07:30:15.227,0.98312,0.98315,1.00,1.28
2013.10.22 07:30:20.246,0.98311,0.98316,1.00,3.83
2013.10.22 07:30:20.486,0.98305,0.98308,2.03,1.38
2013.10.22 07:30:20.607,0.98304,0.98307,1.58,2.25
2013.10.22 07:30:20.967,0.98301,0.98305,2.70,1.20
2013.10.22 07:30:21.507,0.98302,0.98305,1.00,1.20
2013.10.22 07:30:23.766,0.98302,0.98305,1.28,1.13
2013.10.22 07:30:24.917,0.98301,0.98305,5.70,1.00
2013.10.22 07:30:25.886,0.98302,0.98305,1.28,1.13
2013.10.22 07:31:04.407,0.98302,0.98306,1.55,1.00
2013.10.22 07:31:06.377,0.98305,0.98309,2.63,4.05
2013.10.22 07:31:06.437,0.98307,0.98309,1.00,2.18
2013.10.22 07:31:06.618,0.98309,0.98313,2.88,1.20
2013.10.22 07:31:06.678,0.98311,0.98314,1.00,7.95
2013.10.22 07:31:06.919,0.98311,0.98314,1.13,1.58
2013.10.22 07:31:19.892,0.98311,0.98315,1.88,1.28
2013.10.22 07:31:20.136,0.98309,0.98313,2.03,1.13
2013.10.22 07:31:20.676,0.98308,0.98312,5.70,1.00
2013.10.22 07:31:21.226,0.98309,0.98313,1.55,1.00
2013.10.22 07:31:21.777,0.98311,0.98315,1.38,1.28
2013.10.22 07:31:22.319,0.98311,0.98315,1.28,1.13
2013.10.22 07:31:40.037,0.98311,0.98315,2.40,1.00
2013.10.22 07:31:40.588,0.98311,0.98315,2.40,1.13
2013.10.22 07:31:47.180,0.98314,0.98315,1.50,1.13
2013.10.22 07:31:47.361,0.98315,0.98319,5.33,1.13
2013.10.22 07:31:47.419,0.98317,0.9832,4.20,1.00
2013.10.22 07:31:47.658,0.9832,0.98323,1.00,1.48
2013.10.22 07:31:48.196,0.98318,0.98321,3.45,1.00
2013.10.22 07:31:48.617,0.98319,0.98323,2.33,1.20
2013.10.22 07:31:49.156,0.9832,0.98324,1.13,2.40
2013.10.22 07:31:53.297,0.9832,0.98322,1.13,1.00
2013.10.22 07:31:53.836,0.98317,0.98321,5.33,1.00
2013.10.22 07:31:54.037,0.98319,0.98323,1.58,1.20
2013.10.22 07:31:55.567,0.9832,0.98324,1.38,2.03
2013.10.22 07:31:58.666,0.9832,0.98324,1.00,2.03
2013.10.22 07:32:16.997,0.9832,0.98324,1.08,2.33
2013.10.22 07:32:35.286,0.98321,0.98325,1.20,3.45
2013.10.22 07:32:35.734,0.98321,0.98324,2.63,1.00
2013.10.22 07:32:36.276,0.98322,0.98326,3.08,1.88
2013.10.22 07:32:37.566,0.98322,0.98326,3.45,1.88
2013.10.22 07:32:38.587,0.98322,0.98325,3.45,1.00
2013.10.22 07:32:38.889,0.98324,0.98327,2.33,1.13
2013.10.22 07:32:39.247,0.98327,0.9833,1.88,3.08
2013.10.22 07:32:40.986,0.98327,0.98331,1.50,1.18
2013.10.22 07:32:41.527,0.98328,0.98332,1.88,3.00
2013.10.22 07:32:42.037,0.98329,0.98332,1.13,3.08
2013.10.22 07:32:42.217,0.98331,0.98334,1.88,2.25
2013.10.22 07:32:42.761,0.98331,0.98334,1.50,2.33
2013.10.22 07:32:43.540,0.98328,0.98332,3.45,1.10
2013.10.22 07:32:46.647,0.98328,0.98332,1.95,1.48
2013.10.22 07:32:46.827,0.98328,0.9833,1.10,1.13
2013.10.22 07:32:47.187,0.98325,0.98329,2.70,1.00
2013.10.22 07:32:47.488,0.98327,0.9833,1.00,1.10
2013.10.22 07:32:47.737,0.98326,0.9833,3.08,1.10
2013.10.22 07:32:48.047,0.98326,0.9833,2.63,1.13
2013.10.22 07:32:48.409,0.98324,0.98329,1.50,1.13
2013.10.22 07:32:49.387,0.98324,0.98329,1.50,1.20
2013.10.22 07:32:50.659,0.98324,0.98329,1.00,1.65
2013.10.22 07:32:50.838,0.98322,0.98325,1.65,1.00
2013.10.22 07:32:51.149,0.98322,0.98325,1.00,3.08
2013.10.22 07:32:52.298,0.9832,0.98325,3.00,3.45
2013.10.22 07:32:52.417,0.9832,0.98325,3.00,3.45
2013.10.22 07:32:52.868,0.9832,0.98325,4.80,1.00
2013.10.22 07:32:53.407,0.98322,0.98325,1.00,1.28
2013.10.22 07:33:00.637,0.98321,0.98325,1.50,1.28
2013.10.22 07:33:01.177,0.98321,0.98325,1.38,1.55
2013.10.22 07:33:01.358,0.9832,0.98322,1.58,1.13
2013.10.22 07:33:01.898,0.98318,0.98321,1.20,2.25
2013.10.22 07:33:02.030,0.98315,0.9832,2.40,1.20
2013.10.22 07:33:02.208,0.98315,0.98319,1.58,1.48
2013.10.22 07:33:02.268,0.98314,0.98317,3.08,1.00
2013.10.22 07:33:02.806,0.98314,0.98317,1.50,1.18
2013.10.22 07:33:04.077,0.98314,0.98317,1.10,1.00
2013.10.22 07:33:05.257,0.98314,0.98318,1.10,1.20
2013.10.22 07:33:07.397,0.98314,0.98318,1.00,3.38
2013.10.22 07:33:11.437,0.98313,0.98317,1.55,1.00
2013.10.22 07:33:15.517,0.98315,0.9832,7.13,2.18
2013.10.22 07:33:15.757,0.98318,0.98321,1.28,1.88
2013.10.22 07:33:15.877,0.98315,0.98319,3.08,1.10
2013.10.22 07:33:16.417,0.98315,0.98319,2.70,1.38
2013.10.22 07:33:16.923,0.98315,0.98319,2.70,1.00
2013.10.22 07:33:17.927,0.98315,0.98318,2.70,1.13
2013.10.22 07:33:18.467,0.98315,0.98317,2.63,1.00
2013.10.22 07:33:23.647,0.98315,0.98317,2.55,1.00
2013.10.22 07:33:24.187,0.98315,0.98317,3.38,1.50
2013.10.22 07:33:31.747,0.98315,0.98318,3.45,1.13
2013.10.22 07:33:34.748,0.98315,0.98317,2.63,1.00
2013.10.22 07:33:35.287,0.98315,0.98318,2.70,1.88
2013.10.22 07:33:36.547,0.98315,0.98317,2.63,1.00
2013.10.22 07:33:39.047,0.98315,0.98318,2.70,1.00
2013.10.22 07:33:39.347,0.98318,0.98322,1.55,1.88
2013.10.22 07:33:39.528,0.9832,0.98324,1.55,1.13
2013.10.22 07:33:39.887,0.98321,0.98324,2.70,1.00
2013.10.22 07:33:41.537,0.98321,0.98325,3.45,1.50
2013.10.22 07:33:44.269,0.98323,0.98327,1.48,1.95
2013.10.22 07:33:46.697,0.98323,0.98327,1.48,2.33
2013.10.22 07:33:47.306,0.98323,0.98327,3.45,2.25
2013.10.22 07:33:48.188,0.98323,0.98326,3.45,1.00
2013.10.22 07:33:48.727,0.98323,0.98327,3.45,1.88
2013.10.22 07:33:49.028,0.98327,0.9833,3.01,1.20
2013.10.22 07:33:49.567,0.98328,0.98331,2.33,2.18
2013.10.22 07:33:49.629,0.98328,0.98332,4.58,1.13
2013.10.22 07:33:52.467,0.98328,0.98331,4.20,1.00
2013.10.22 07:33:52.827,0.98328,0.98331,1.10,1.38
2013.10.22 07:33:53.247,0.98328,0.98332,1.48,1.20
2013.10.22 07:33:55.969,0.98328,0.98331,1.48,1.00
2013.10.22 07:33:56.687,0.98328,0.98332,1.48,1.95
2013.10.22 07:33:59.007,0.98328,0.98331,1.95,1.50
2013.10.22 07:34:00.288,0.98328,0.98332,2.70,1.95
2013.10.22 07:34:00.827,0.9833,0.98334,2.63,3.45
2013.10.22 07:34:02.208,0.9833,0.98334,2.63,3.83
2013.10.22 07:34:02.764,0.9833,0.98334,2.25,3.83
2013.10.22 07:34:04.217,0.9833,0.98334,2.63,3.00
2013.10.22 07:34:04.337,0.9833,0.98334,2.78,1.00
2013.10.22 07:34:05.447,0.9833,0.98334,2.78,1.38
2013.10.22 07:34:06.107,0.9833,0.98334,2.25,3.83
2013.10.22 07:34:07.318,0.98328,0.98332,1.58,1.95
2013.10.22 07:34:07.377,0.98328,0.98332,2.33,1.95
2013.10.22 07:34:07.918,0.98329,0.98332,1.13,3.45
2013.10.22 07:34:07.977,0.98329,0.98333,1.88,4.05
2013.10.22 07:34:08.158,0.98333,0.98335,1.10,1.00
2013.10.22 07:34:08.698,0.98333,0.98335,1.10,1.13
2013.10.22 07:34:08.818,0.98335,0.98338,1.00,1.65
2013.10.22 07:34:09.357,0.98335,0.98337,2.25,1.13
2013.10.22 07:34:09.907,0.98335,0.98336,2.18,1.13
2013.10.22 07:34:12.157,0.98334,0.98337,3.00,1.38
2013.10.22 07:34:12.688,0.98334,0.98337,1.18,1.88
2013.10.22 07:34:13.228,0.98334,0.98336,1.10,1.38
2013.10.22 07:34:13.769,0.98333,0.98335,2.18,1.88
2013.10.22 07:34:14.767,0.98332,0.98335,2.18,2.50
2013.10.22 07:34:14.949,0.9833,0.98334,4.20,1.13
2013.10.22 07:34:22.587,0.9833,0.98334,3.45,1.38
2013.10.22 07:34:28.767,0.9833,0.98333,3.30,3.00
2013.10.22 07:34:29.068,0.98328,0.98331,1.48,1.00
2013.10.22 07:34:29.127,0.98328,0.98332,1.95,1.20
2013.10.22 07:34:29.700,0.9833,0.98334,1.20,1.95
2013.10.22 07:34:31.009,0.98329,0.98333,5.33,1.13
2013.10.22 07:34:31.680,0.9833,0.98333,2.70,1.13
2013.10.22 07:34:31.867,0.9833,0.98333,2.55,3.38
2013.10.22 07:34:32.048,0.98329,0.98331,1.20,1.00
2013.10.22 07:34:32.167,0.98329,0.98333,1.95,2.33
2013.10.22 07:34:32.707,0.98329,0.98333,4.20,1.88
2013.10.22 07:34:33.627,0.98329,0.98334,5.33,1.50
2013.10.22 07:34:36.462,0.9833,0.98334,1.55,4.13
2013.10.22 07:34:36.719,0.98327,0.9833,3.45,1.00
2013.10.22 07:34:37.277,0.98327,0.98331,3.45,1.50
2013.10.22 07:34:39.565,0.98327,0.9833,2.70,1.00
2013.10.22 07:34:41.867,0.98327,0.98331,5.70,1.88
2013.10.22 07:34:42.047,0.98329,0.98334,1.95,1.18
2013.10.22 07:34:42.597,0.98331,0.98335,1.00,3.83
2013.10.22 07:34:44.348,0.98331,0.98332,1.00,1.00
2013.10.22 07:34:44.707,0.9833,0.98334,1.28,1.00
2013.10.22 07:34:45.273,0.98331,0.98335,1.10,1.58
2013.10.22 07:34:45.997,0.98332,0.98335,1.00,1.10
2013.10.22 07:34:48.477,0.98331,0.98335,1.10,1.10
2013.10.22 07:34:56.257,0.98331,0.98335,3.08,1.00
2013.10.22 07:34:56.801,0.98332,0.98336,1.18,1.88
2013.10.22 07:34:57.337,0.98331,0.98335,3.08,1.00
2013.10.22 07:34:57.897,0.98331,0.98333,2.25,1.50
2013.10.22 07:34:58.437,0.98331,0.98335,2.70,1.48
2013.10.22 07:34:58.977,0.98331,0.98335,2.70,1.20
2013.10.22 07:34:59.278,0.98329,0.98333,4.13,1.88
2013.10.22 07:34:59.517,0.98331,0.98335,1.48,1.10
2013.10.22 07:35:00.237,0.98332,0.98336,3.00,1.18
2013.10.22 07:35:00.777,0.98332,0.98336,5.33,1.00
2013.10.22 07:35:01.497,0.98332,0.98335,2.70,1.00
2013.10.22 07:35:04.137,0.98332,0.98336,3.45,2.25
2013.10.22 07:35:04.882,0.98332,0.98335,2.70,1.00
2013.10.22 07:35:06.377,0.98331,0.98335,1.55,1.00
2013.10.22 07:35:06.978,0.98332,0.98335,2.70,1.00
2013.10.22 07:35:07.097,0.98331,0.98335,1.55,1.00
2013.10.22 07:35:11.247,0.98331,0.98335,1.28,1.88
2013.10.22 07:35:19.027,0.98331,0.98335,1.55,2.25
2013.10.22 07:35:19.538,0.98333,0.98335,1.00,1.50
2013.10.22 07:35:20.477,0.98333,0.98334,1.00,1.00
2013.10.22 07:35:21.155,0.98332,0.98334,1.20,1.00
2013.10.22 07:35:26.850,0.98332,0.98334,1.20,1.00
2013.10.22 07:35:27.388,0.98331,0.98334,1.10,1.00
2013.10.22 07:35:29.310,0.98332,0.98335,1.13,1.58
2013.10.22 07:35:30.917,0.98332,0.98335,1.00,1.95
2013.10.22 07:35:31.469,0.98331,0.98335,1.88,4.20
2013.10.22 07:35:32.068,0.98331,0.98335,1.95,1.45
2013.10.22 07:35:39.957,0.9833,0.98334,4.20,1.38
2013.10.22 07:35:40.137,0.9833,0.98334,1.95,1.95
2013.10.22 07:35:44.938,0.98331,0.98334,1.00,1.48
2013.10.22 07:35:46.657,0.98331,0.98334,1.18,1.38
2013.10.22 07:35:54.297,0.98331,0.98333,1.00,1.88
2013.10.22 07:35:55.487,0.98329,0.98334,3.53,1.95
2013.10.22 07:35:57.147,0.98332,0.98334,1.00,1.10
2013.10.22 07:36:01.969,0.98332,0.98336,1.50,3.75
2013.10.22 07:36:02.087,0.98332,0.98336,1.58,1.58
2013.10.22 07:36:04.127,0.98332,0.98336,1.20,1.95
2013.10.22 07:36:12.117,0.98332,0.98336,3.75,1.88
2013.10.22 07:36:18.238,0.98332,0.98336,3.83,1.88
2013.10.22 07:36:19.678,0.98332,0.98334,3.75,1.00
2013.10.22 07:36:20.217,0.98332,0.98334,1.58,1.00
2013.10.22 07:36:26.367,0.98332,0.98336,1.58,1.10
2013.10.22 07:36:48.947,0.98332,0.98336,1.58,1.58
2013.10.22 07:36:49.067,0.98332,0.98335,1.10,1.13
2013.10.22 07:36:49.607,0.98332,0.98334,1.00,1.10
2013.10.22 07:36:51.035,0.98329,0.98334,2.33,1.85
2013.10.22 07:36:51.348,0.98323,0.98326,2.40,1.38
2013.10.22 07:36:52.007,0.98323,0.98326,1.18,1.13
2013.10.22 07:36:52.547,0.98322,0.98325,2.70,1.13
2013.10.22 07:37:00.157,0.98322,0.98325,1.00,1.20
2013.10.22 07:37:02.258,0.98322,0.98325,1.18,1.13
2013.10.22 07:37:03.048,0.9832,0.98323,1.10,2.50
2013.10.22 07:37:03.108,0.98319,0.98322,2.70,2.25
2013.10.22 07:37:03.168,0.98317,0.9832,4.50,1.00
2013.10.22 07:37:03.347,0.98315,0.98318,1.28,1.13
2013.10.22 07:37:03.738,0.98314,0.98317,1.95,1.00
2013.10.22 07:37:04.277,0.98314,0.98317,1.58,1.00
2013.10.22 07:37:05.097,0.98314,0.98317,3.83,1.00
2013.10.22 07:37:07.148,0.98314,0.98317,2.25,1.38
2013.10.22 07:37:07.870,0.98314,0.98317,2.70,1.13
2013.10.22 07:37:08.348,0.98314,0.98317,2.33,1.00
2013.10.22 07:37:08.769,0.98314,0.98317,3.08,1.13
2013.10.22 07:37:10.647,0.98314,0.98317,2.33,1.00
2013.10.22 07:37:12.967,0.98314,0.98317,2.25,1.88
2013.10.22 07:37:13.997,0.98313,0.98317,2.40,1.88
2013.10.22 07:37:18.989,0.98313,0.98317,2.03,1.88
2013.10.22 07:37:21.327,0.98314,0.98317,1.20,1.88
2013.10.22 07:37:30.228,0.98313,0.98317,1.65,1.88
2013.10.22 07:37:30.767,0.98313,0.98317,1.28,1.88
2013.10.22 07:37:33.377,0.98313,0.98317,1.65,1.88
2013.10.22 07:37:43.347,0.98313,0.98317,1.65,1.13
2013.10.22 07:37:54.997,0.98313,0.98317,1.65,1.00
2013.10.22 07:37:55.551,0.98313,0.98317,1.65,1.13
2013.10.22 07:38:00.508,0.98313,0.98317,1.28,1.38
2013.10.22 07:38:01.867,0.98313,0.98317,1.65,1.00
2013.10.22 07:38:11.217,0.98312,0.98316,5.70,1.00
2013.10.22 07:38:13.110,0.98315,0.98317,1.38,1.00
2013.10.22 07:38:13.228,0.98316,0.98321,8.89,2.93
2013.10.22 07:38:13.290,0.98319,0.98321,1.38,1.10
2013.10.22 07:38:13.410,0.98319,0.98323,1.58,1.10
2013.10.22 07:38:14.601,0.98318,0.98322,3.53,1.00
2013.10.22 07:38:15.139,0.98318,0.98322,3.15,1.38
2013.10.22 07:38:15.648,0.98319,0.98323,1.20,1.58
2013.10.22 07:38:16.187,0.98319,0.98323,4.95,1.20
2013.10.22 07:38:17.110,0.98319,0.98323,7.20,1.13
2013.10.22 07:38:29.347,0.98319,0.98323,1.55,1.95
2013.10.22 07:38:33.097,0.98319,0.98323,3.45,1.88
2013.10.22 07:38:35.787,0.9832,0.98324,1.28,2.63
2013.10.22 07:38:37.697,0.98319,0.98323,3.45,1.13
2013.10.22 07:38:40.288,0.98322,0.98325,1.00,1.48
2013.10.22 07:38:40.818,0.98322,0.98326,1.18,2.63
2013.10.22 07:38:49.308,0.98321,0.98325,1.10,1.48
2013.10.22 07:38:49.757,0.98321,0.98323,1.10,1.00
2013.10.22 07:38:49.877,0.98321,0.98325,1.10,1.48
2013.10.22 07:39:19.447,0.98321,0.98323,2.63,1.00
2013.10.22 07:39:19.808,0.98321,0.98322,2.18,1.13
2013.10.22 07:39:19.867,0.98319,0.98322,2.70,1.13
2013.10.22 07:39:21.078,0.9832,0.98323,1.18,1.88
2013.10.22 07:39:21.318,0.98319,0.98321,2.55,1.00
2013.10.22 07:39:21.379,0.98317,0.98321,6.08,1.48
2013.10.22 07:39:21.558,0.98319,0.98323,1.00,5.25
2013.10.22 07:39:21.618,0.98319,0.98323,1.58,2.70
2013.10.22 07:39:22.157,0.9832,0.98323,1.00,1.95
2013.10.22 07:39:23.877,0.98319,0.98323,1.20,1.95
2013.10.22 07:39:30.278,0.98318,0.98322,1.28,1.13
2013.10.22 07:39:38.928,0.98318,0.98323,2.03,2.70
2013.10.22 07:39:39.467,0.98319,0.98323,1.48,1.95
2013.10.22 07:39:42.898,0.98319,0.98323,1.20,1.95
2013.10.22 07:39:47.308,0.98319,0.98323,1.58,1.95
2013.10.22 07:39:54.447,0.9832,0.98323,1.00,4.13
2013.10.22 07:40:01.318,0.98319,0.98323,1.00,4.20
2013.10.22 07:40:01.678,0.98317,0.98318,1.50,1.00
2013.10.22 07:40:01.859,0.98312,0.98316,2.70,1.20
2013.10.22 07:40:01.918,0.98312,0.98316,1.50,4.58
2013.10.22 07:40:02.458,0.98311,0.98314,1.88,1.20
2013.10.22 07:40:03.417,0.9831,0.98314,3.08,1.20
2013.10.22 07:40:08.498,0.98311,0.98314,1.00,1.20
2013.10.22 07:40:09.028,0.98312,0.98314,1.00,1.20
2013.10.22 07:40:09.567,0.98311,0.98314,1.00,1.20
2013.10.22 07:40:10.497,0.9831,0.98314,3.83,1.20
2013.10.22 07:40:12.518,0.98311,0.98315,1.00,1.55
2013.10.22 07:40:16.998,0.9831,0.98313,3.45,1.00
2013.10.22 07:40:17.179,0.98308,0.98311,2.93,1.88
2013.10.22 07:40:17.239,0.98308,0.98309,2.93,1.88
2013.10.22 07:40:17.418,0.98304,0.98307,1.48,1.00
2013.10.22 07:40:23.498,0.98304,0.98308,1.95,1.20
2013.10.22 07:40:27.847,0.98305,0.98307,1.13,1.00
2013.10.22 07:40:27.968,0.98304,0.98307,1.58,1.38
2013.10.22 07:40:28.527,0.98303,0.98306,1.50,1.55
2013.10.22 07:40:29.438,0.98305,0.98307,1.00,1.58
2013.10.22 07:40:29.559,0.98307,0.98308,1.00,1.13
2013.10.22 07:40:30.078,0.98308,0.98309,1.00,1.13
2013.10.22 07:40:30.618,0.98305,0.98308,2.33,2.25
2013.10.22 07:40:30.798,0.98304,0.98307,1.10,1.38
2013.10.22 07:40:31.427,0.98302,0.98307,3.83,1.13
2013.10.22 07:40:31.668,0.98305,0.98309,1.13,1.65
2013.10.22 07:40:31.788,0.98305,0.98309,1.00,1.65
2013.10.22 07:40:31.848,0.98304,0.98307,1.10,1.38
2013.10.22 07:40:32.387,0.98303,0.98307,1.28,1.38
2013.10.22 07:40:33.798,0.98304,0.98307,1.48,1.00
2013.10.22 07:40:33.858,0.98304,0.98308,1.48,1.20
2013.10.22 07:40:33.918,0.98307,0.98309,1.50,1.10
2013.10.22 07:40:34.098,0.98309,0.98311,1.13,1.18
2013.10.22 07:40:34.158,0.98309,0.98313,4.20,1.13
2013.10.22 07:40:34.697,0.98309,0.98313,3.45,1.38
2013.10.22 07:40:35.057,0.98308,0.98312,2.40,1.88
2013.10.22 07:40:35.357,0.9831,0.98313,2.70,1.13
2013.10.22 07:40:36.699,0.9831,0.98313,2.33,1.13
2013.10.22 07:40:36.818,0.9831,0.98311,2.18,1.00
2013.10.22 07:40:38.887,0.9831,0.98312,2.18,1.13
2013.10.22 07:40:39.068,0.98306,0.98309,2.70,2.25
2013.10.22 07:40:39.187,0.98303,0.98307,3.90,1.00
2013.10.22 07:40:39.367,0.98303,0.98307,3.38,2.03
2013.10.22 07:40:44.309,0.98303,0.98307,1.50,2.03
2013.10.22 07:40:44.669,0.98304,0.98308,3.45,2.63
2013.10.22 07:40:46.049,0.98305,0.98308,1.28,1.13
2013.10.22 07:40:48.299,0.98306,0.9831,2.33,1.10
2013.10.22 07:40:48.478,0.98309,0.98313,1.45,3.75
2013.10.22 07:40:48.538,0.98309,0.98313,1.55,1.50
2013.10.22 07:40:48.597,0.9831,0.98313,2.63,1.50
2013.10.22 07:40:49.318,0.9831,0.98312,2.55,1.38
2013.10.22 07:40:49.498,0.98305,0.98308,2.78,1.13
2013.10.22 07:40:49.678,0.98303,0.98307,3.38,1.38
2013.10.22 07:40:50.158,0.98304,0.98308,1.20,1.95
2013.10.22 07:40:50.338,0.98303,0.98307,1.28,1.88
2013.10.22 07:40:52.258,0.98305,0.98307,1.13,1.00
2013.10.22 07:40:52.318,0.98305,0.98307,2.63,1.00
2013.10.22 07:40:52.379,0.98308,0.98312,3.00,3.38
2013.10.22 07:40:52.438,0.9831,0.98312,1.00,3.00
2013.10.22 07:40:52.695,0.98311,0.98313,1.08,3.30
2013.10.22 07:40:52.761,0.98311,0.98315,1.28,3.00
2013.10.22 07:40:55.078,0.98311,0.98314,1.18,1.00
2013.10.22 07:40:55.317,0.98307,0.9831,2.33,1.00
2013.10.22 07:40:55.377,0.98306,0.9831,2.25,1.55
2013.10.22 07:41:04.779,0.98305,0.98308,2.33,1.00
2013.10.22 07:41:05.018,0.98303,0.98306,1.10,1.38
2013.10.22 07:41:05.678,0.98303,0.98306,1.58,1.00
2013.10.22 07:41:05.858,0.98306,0.9831,1.00,7.28
2013.10.22 07:41:09.188,0.98303,0.98308,3.00,4.00
2013.10.22 07:41:09.427,0.98301,0.98305,3.45,1.88
2013.10.22 07:41:09.607,0.98301,0.98305,1.10,1.95
2013.10.22 07:41:15.038,0.98302,0.98305,1.00,1.48
2013.10.22 07:41:19.848,0.98303,0.98306,1.00,1.18
2013.10.22 07:41:19.908,0.98303,0.98306,1.20,1.00
2013.10.22 07:41:20.148,0.98305,0.98307,1.10,1.13
2013.10.22 07:41:20.697,0.98304,0.98308,1.18,2.25
2013.10.22 07:41:23.418,0.98304,0.98307,1.28,1.13
2013.10.22 07:41:23.958,0.98304,0.98307,1.18,1.38
2013.10.22 07:41:29.048,0.98304,0.98308,1.28,2.25
2013.10.22 07:41:29.808,0.98305,0.98306,1.10,1.00
2013.10.22 07:41:33.428,0.98305,0.98307,1.10,1.13
2013.10.22 07:41:34.587,0.98305,0.98307,1.58,1.00
2013.10.22 07:41:34.888,0.98309,0.98313,2.63,1.58
2013.10.22 07:41:35.068,0.98311,0.98315,2.25,2.40
2013.10.22 07:41:35.248,0.9831,0.98313,1.20,1.50
2013.10.22 07:41:35.789,0.98311,0.98313,1.00,1.50
2013.10.22 07:41:36.028,0.98313,0.98315,1.00,1.65
2013.10.22 07:41:36.577,0.98312,0.98315,1.28,1.50
2013.10.22 07:41:37.088,0.98312,0.98315,1.13,1.58
2013.10.22 07:41:37.697,0.98312,0.98313,1.13,1.00
2013.10.22 07:41:39.389,0.98311,0.98313,1.10,1.00
2013.10.22 07:41:39.759,0.98309,0.98312,1.20,1.00
2013.10.22 07:41:40.298,0.98309,0.98311,1.58,1.00
2013.10.22 07:41:40.837,0.98309,0.9831,1.20,1.13
2013.10.22 07:41:47.208,0.98309,0.98313,3.83,4.88
2013.10.22 07:41:50.088,0.98309,0.98313,3.83,1.13
2013.10.22 07:41:51.298,0.98309,0.98313,3.45,1.50
2013.10.22 07:41:51.358,0.98309,0.98313,3.45,1.50
2013.10.22 07:41:51.418,0.98307,0.9831,2.70,1.13
2013.10.22 07:41:51.898,0.98308,0.9831,2.03,1.13
2013.10.22 07:41:53.208,0.98309,0.98313,1.58,1.20
2013.10.22 07:41:56.118,0.98309,0.98313,1.58,1.20
2013.10.22 07:41:56.630,0.98309,0.98313,1.58,1.20
2013.10.22 07:41:57.905,0.98309,0.98312,1.20,1.38
2013.10.22 07:41:58.208,0.98309,0.98313,1.20,5.70
2013.10.22 07:41:58.727,0.98309,0.98313,1.20,5.70
2013.10.22 07:42:00.278,0.98308,0.9831,1.10,1.00
2013.10.22 07:42:02.718,0.98308,0.9831,1.65,1.00
2013.10.22 07:42:04.389,0.98307,0.98309,2.63,1.00
2013.10.22 07:42:04.568,0.98305,0.98308,1.65,1.13
2013.10.22 07:42:07.982,0.98305,0.98309,1.28,1.38
2013.10.22 07:42:08.289,0.98304,0.98306,2.33,1.00
2013.10.22 07:42:10.957,0.98304,0.98305,1.58,1.00
2013.10.22 07:42:12.808,0.98304,0.98306,1.58,1.00
2013.10.22 07:42:14.258,0.98305,0.98306,1.00,1.00
2013.10.22 07:42:21.439,0.98304,0.98306,1.58,1.00
2013.10.22 07:42:22.848,0.98305,0.98308,1.00,1.48
2013.10.22 07:42:25.138,0.98305,0.98306,1.00,1.00
2013.10.22 07:42:35.838,0.98305,0.98308,1.00,1.48
2013.10.22 07:42:35.898,0.98305,0.98308,1.00,1.48
2013.10.22 07:42:36.198,0.98307,0.98308,1.00,1.00
2013.10.22 07:42:36.499,0.98309,0.98313,1.00,1.18
2013.10.22 07:42:37.038,0.9831,0.98311,1.13,1.00
2013.10.22 07:42:38.358,0.98309,0.98313,3.83,1.13
2013.10.22 07:42:39.529,0.98309,0.98313,6.45,1.88
2013.10.22 07:42:40.248,0.98311,0.98313,1.58,1.00
2013.10.22 07:42:42.453,0.98311,0.98313,1.10,1.00
2013.10.22 07:42:44.767,0.98311,0.98314,1.10,1.88
2013.10.22 07:42:45.307,0.9831,0.98314,1.93,1.50
2013.10.22 07:42:54.598,0.98311,0.98314,1.10,1.88
2013.10.22 07:42:55.210,0.98311,0.98313,1.58,1.00
2013.10.22 07:42:55.918,0.98311,0.98313,1.58,1.00
2013.10.22 07:42:56.443,0.9831,0.98313,1.10,1.00
2013.10.22 07:42:57.207,0.98311,0.98313,1.58,1.00
2013.10.22 07:42:57.628,0.98311,0.98315,1.58,1.48
2013.10.22 07:42:58.168,0.9831,0.98312,1.18,1.13
2013.10.22 07:42:58.708,0.9831,0.98313,1.20,1.38
2013.10.22 07:42:59.938,0.98309,0.98311,1.58,1.00
2013.10.22 07:43:00.658,0.98311,0.98313,1.50,1.00
2013.10.22 07:43:00.718,0.98311,0.98313,1.50,1.50
2013.10.22 07:43:00.958,0.98311,0.98315,1.38,2.78
2013.10.22 07:43:01.201,0.98311,0.98313,1.50,1.00
2013.10.22 07:43:03.308,0.98311,0.98315,1.50,1.28
2013.10.22 07:43:04.588,0.98311,0.98313,1.50,1.00
2013.10.22 07:43:05.248,0.98311,0.98313,1.13,1.13
2013.10.22 07:43:05.428,0.98309,0.98311,1.20,1.00
2013.10.22 07:43:05.788,0.98306,0.98309,1.58,1.00
2013.10.22 07:43:07.668,0.98307,0.9831,1.10,1.38
2013.10.22 07:43:08.028,0.98305,0.98308,2.93,1.38
2013.10.22 07:43:08.087,0.98305,0.98308,1.00,1.48
2013.10.22 07:43:08.208,0.98305,0.98306,1.00,1.00
2013.10.22 07:43:12.668,0.98306,0.9831,2.63,3.08
2013.10.22 07:43:13.088,0.98308,0.98312,4.76,9.30
2013.10.22 07:43:13.638,0.9831,0.98312,1.00,1.38
2013.10.22 07:43:14.178,0.98308,0.98311,1.10,1.00
2013.10.22 07:43:15.460,0.98309,0.9831,1.20,1.13
2013.10.22 07:43:20.669,0.98307,0.98309,1.58,1.00
2013.10.22 07:43:21.598,0.98307,0.98309,1.95,1.00
2013.10.22 07:43:37.288,0.98307,0.98309,1.50,1.08
2013.10.22 07:43:37.828,0.98308,0.9831,2.48,2.55
2013.10.22 07:43:38.009,0.98309,0.9831,1.00,1.13
2013.10.22 07:43:38.129,0.98308,0.98312,2.70,1.10
2013.10.22 07:43:38.188,0.98307,0.98309,1.58,1.00
2013.10.22 07:43:38.479,0.98307,0.98309,1.00,1.38
2013.10.22 07:43:38.538,0.98307,0.98309,1.00,1.55
2013.10.22 07:43:38.718,0.98304,0.98306,1.88,1.00
2013.10.22 07:43:41.400,0.98303,0.98305,1.50,1.00
2013.10.22 07:43:45.818,0.98303,0.98305,1.50,1.00
2013.10.22 07:43:47.858,0.98304,0.98308,1.58,2.33
2013.10.22 07:43:52.468,0.98304,0.98306,1.10,1.00
2013.10.22 07:43:55.328,0.98303,0.98306,1.65,1.13
2013.10.22 07:43:56.227,0.98303,0.98306,1.93,1.00
2013.10.22 07:43:57.318,0.98304,0.98306,1.58,1.00
2013.10.22 07:44:00.168,0.98304,0.98306,1.58,1.00
2013.10.22 07:44:00.618,0.98305,0.98308,1.00,1.58
2013.10.22 07:44:00.678,0.98306,0.9831,6.01,2.18
2013.10.22 07:44:00.978,0.9831,0.98313,2.20,1.13
2013.10.22 07:44:01.458,0.98311,0.98313,1.10,1.00
2013.10.22 07:44:01.578,0.98309,0.98311,3.08,1.00
2013.10.22 07:44:03.300,0.98308,0.9831,1.13,1.13
2013.10.22 07:44:05.791,0.98308,0.9831,1.38,1.13
2013.10.22 07:44:06.959,0.98308,0.98309,1.00,1.00
2013.10.22 07:44:08.389,0.98308,0.98312,1.50,5.78
2013.10.22 07:44:08.508,0.98309,0.9831,1.00,1.13
2013.10.22 07:44:08.689,0.98308,0.9831,1.38,1.13
2013.10.22 07:44:09.227,0.98308,0.98309,1.00,1.00
2013.10.22 07:44:09.900,0.98307,0.9831,1.58,1.13
2013.10.22 07:44:16.479,0.9831,0.98313,1.88,3.08
2013.10.22 07:44:17.019,0.9831,0.98311,1.88,1.00
2013.10.22 07:44:17.539,0.98309,0.98311,1.58,1.00
2013.10.22 07:44:22.187,0.9831,0.98313,1.13,1.10
2013.10.22 07:44:29.714,0.9831,0.98313,1.13,1.10
2013.10.22 07:44:37.448,0.98309,0.98312,1.10,1.00
2013.10.22 07:44:45.138,0.9831,0.98311,1.00,1.00
2013.10.22 07:44:45.688,0.9831,0.98313,1.13,1.18
2013.10.22 07:44:46.228,0.98309,0.98313,1.13,1.65
2013.10.22 07:44:46.710,0.98309,0.98313,1.00,2.03
2013.10.22 07:44:47.069,0.98308,0.9831,1.13,1.28
2013.10.22 07:44:48.749,0.98308,0.9831,1.88,2.03
2013.10.22 07:44:49.978,0.98308,0.9831,1.00,1.20
2013.10.22 07:44:50.538,0.98308,0.9831,1.13,2.03
2013.10.22 07:44:55.278,0.98308,0.98311,1.00,3.38
2013.10.22 07:44:55.818,0.98308,0.98309,1.50,1.00
2013.10.22 07:45:08.580,0.98307,0.98309,1.00,1.10
2013.10.22 07:45:08.759,0.98306,0.98308,1.00,1.00
2013.10.22 07:45:17.138,0.98306,0.98309,1.00,1.48
2013.10.22 07:45:22.258,0.98307,0.98309,1.38,1.10
2013.10.22 07:45:22.799,0.98307,0.98311,1.75,3.75
2013.10.22 07:45:23.580,0.98307,0.98309,1.38,1.10
2013.10.22 07:45:33.128,0.98306,0.9831,2.03,1.88
2013.10.22 07:45:35.968,0.98306,0.98309,1.65,1.00
2013.10.22 07:45:38.558,0.98306,0.98308,1.55,1.00
2013.10.22 07:45:38.918,0.98305,0.98308,1.58,1.00
2013.10.22 07:45:40.973,0.98304,0.98308,5.33,1.88
2013.10.22 07:45:43.949,0.98305,0.98307,1.20,1.00
2013.10.22 07:45:44.189,0.98305,0.98308,1.65,1.13
2013.10.22 07:45:45.300,0.98305,0.98307,1.65,1.00
2013.10.22 07:45:46.181,0.98305,0.98307,1.58,1.00
2013.10.22 07:45:47.369,0.98305,0.98307,1.28,1.00
2013.10.22 07:45:48.329,0.98305,0.98307,1.20,1.00
2013.10.22 07:45:48.388,0.98305,0.98309,1.28,1.38
2013.10.22 07:45:48.889,0.98305,0.98309,1.28,1.38
2013.10.22 07:45:49.918,0.98305,0.98307,1.20,1.00
2013.10.22 07:45:50.479,0.98306,0.98309,1.00,1.38
2013.10.22 07:45:51.939,0.98307,0.9831,1.00,1.58
2013.10.22 07:45:52.808,0.98306,0.9831,1.10,1.58
2013.10.22 07:45:54.181,0.98307,0.98311,1.00,3.53
2013.10.22 07:45:54.303,0.98307,0.98311,1.58,2.33
2013.10.22 07:45:54.608,0.98309,0.98312,1.48,1.95
2013.10.22 07:45:55.142,0.9831,0.98314,1.20,1.95
2013.10.22 07:45:59.028,0.98309,0.98312,1.10,2.63
2013.10.22 07:45:59.268,0.98308,0.9831,1.20,1.00
2013.10.22 07:45:59.328,0.98308,0.98312,1.58,1.20
2013.10.22 07:46:03.648,0.98309,0.98311,1.10,1.38
2013.10.22 07:46:03.828,0.98308,0.9831,1.20,1.00
2013.10.22 07:46:04.128,0.98309,0.98312,1.28,1.50
2013.10.22 07:46:05.218,0.98309,0.9831,1.20,1.00
2013.10.22 07:46:12.803,0.9831,0.98311,1.10,1.00
2013.10.22 07:46:13.228,0.9831,0.98312,1.10,1.13
2013.10.22 07:46:14.572,0.98309,0.98311,1.20,1.00
2013.10.22 07:46:15.109,0.9831,0.98312,1.10,1.00
2013.10.22 07:46:16.788,0.98309,0.98312,1.28,1.00
2013.10.22 07:46:17.330,0.98308,0.98311,1.58,1.00
2013.10.22 07:46:17.450,0.98308,0.9831,1.58,1.13
2013.10.22 07:46:17.968,0.98308,0.98309,1.13,1.00
2013.10.22 07:46:19.088,0.98309,0.98312,1.13,1.20
2013.10.22 07:46:19.628,0.98312,0.98314,1.10,1.38
2013.10.22 07:46:20.151,0.98313,0.98316,1.50,1.95
2013.10.22 07:46:20.211,0.98314,0.98316,1.00,1.20
2013.10.22 07:46:22.437,0.98314,0.98316,1.10,1.38
2013.10.22 07:46:23.409,0.98314,0.98316,1.00,1.38
2013.10.22 07:46:23.769,0.98307,0.98309,6.83,1.38
2013.10.22 07:46:23.890,0.98306,0.98308,2.33,1.00
2013.10.22 07:46:24.190,0.98305,0.98307,3.00,1.00
2013.10.22 07:46:24.430,0.98304,0.98307,3.53,1.00
2013.10.22 07:46:24.792,0.98304,0.98307,1.55,1.13
2013.10.22 07:46:25.399,0.98307,0.98309,1.00,1.58
2013.10.22 07:46:25.759,0.98309,0.98312,1.13,2.03
2013.10.22 07:46:25.938,0.98311,0.98314,1.13,4.95
2013.10.22 07:46:27.728,0.98309,0.98313,3.90,1.00
2013.10.22 07:46:28.269,0.9831,0.98314,1.95,1.95
2013.10.22 07:46:28.809,0.9831,0.98314,4.20,1.88
2013.10.22 07:46:29.181,0.98313,0.98316,1.00,1.20
2013.10.22 07:46:29.302,0.98313,0.98316,3.08,1.13
2013.10.22 07:46:30.989,0.98313,0.98317,3.83,2.25
2013.10.22 07:46:32.838,0.98313,0.98316,3.83,1.00
2013.10.22 07:46:33.348,0.98313,0.98317,3.83,2.25
2013.10.22 07:46:33.887,0.98313,0.98317,3.38,2.25
2013.10.22 07:46:35.578,0.98313,0.98317,3.83,1.88
2013.10.22 07:46:36.118,0.98314,0.98317,1.18,1.50
2013.10.22 07:46:36.648,0.98314,0.98317,1.28,1.50
2013.10.22 07:46:37.318,0.98313,0.98317,3.83,2.25
2013.10.22 07:46:39.808,0.98313,0.98317,1.58,2.33
2013.10.22 07:46:40.348,0.98313,0.98317,1.20,2.33
2013.10.22 07:46:42.859,0.98313,0.98315,1.10,1.50
2013.10.22 07:46:45.588,0.98313,0.98316,2.33,1.88
2013.10.22 07:46:45.770,0.98311,0.98315,3.45,2.63
2013.10.22 07:46:47.798,0.98311,0.98313,2.63,1.00
2013.10.22 07:46:48.038,0.98309,0.98313,4.58,1.00
2013.10.22 07:46:48.479,0.98311,0.98314,2.63,1.88
2013.10.22 07:46:48.909,0.9831,0.98314,2.03,1.88
2013.10.22 07:47:01.339,0.98311,0.98315,1.58,2.33
2013.10.22 07:47:01.912,0.98311,0.98315,1.20,1.58
2013.10.22 07:47:05.868,0.9831,0.98314,1.88,1.28
2013.10.22 07:47:17.708,0.9831,0.98314,2.33,1.20
2013.10.22 07:47:17.828,0.98311,0.98315,2.33,1.20
2013.10.22 07:47:18.068,0.98311,0.98315,1.20,1.58
2013.10.22 07:47:18.688,0.9831,0.98313,1.18,2.25
2013.10.22 07:47:18.928,0.98306,0.9831,8.33,1.20
2013.10.22 07:47:25.728,0.98306,0.9831,1.20,2.33
2013.10.22 07:47:25.848,0.98305,0.98309,1.65,1.50
2013.10.22 07:47:26.958,0.98305,0.98309,1.65,2.63
2013.10.22 07:47:28.418,0.98305,0.98309,1.28,1.88
2013.10.22 07:47:28.979,0.98305,0.98309,1.65,1.88
2013.10.22 07:47:29.788,0.98305,0.98307,1.55,1.13
2013.10.22 07:47:30.028,0.98304,0.98307,1.00,2.33
2013.10.22 07:47:30.569,0.98304,0.98306,1.00,1.00
2013.10.22 07:47:31.371,0.98304,0.98307,1.00,2.33
2013.10.22 07:47:32.049,0.98303,0.98307,1.58,3.08
2013.10.22 07:47:33.572,0.98304,0.98306,1.38,1.10
2013.10.22 07:47:33.819,0.98302,0.98306,1.88,1.55
2013.10.22 07:47:40.638,0.98302,0.98305,4.88,3.38
2013.10.22 07:47:43.808,0.98298,0.98304,1.50,1.28
2013.10.22 07:47:44.168,0.98299,0.98303,1.50,3.08
2013.10.22 07:47:48.968,0.983,0.98303,1.13,2.93
2013.10.22 07:47:49.508,0.98301,0.98303,1.00,2.93
2013.10.22 07:47:53.759,0.983,0.98303,1.13,1.10
2013.10.22 07:47:54.322,0.98301,0.98303,1.00,1.10
2013.10.22 07:47:54.649,0.98298,0.98301,2.03,1.00
2013.10.22 07:47:54.716,0.98297,0.98301,4.95,1.00
2013.10.22 07:47:55.259,0.98298,0.98302,1.50,2.40
2013.10.22 07:47:55.808,0.98298,0.98302,1.50,2.40
2013.10.22 07:47:56.898,0.98298,0.98302,1.88,1.28
2013.10.22 07:47:59.858,0.98299,0.98302,1.00,1.65
2013.10.22 07:48:02.459,0.98298,0.98302,1.88,1.28
2013.10.22 07:48:14.038,0.98298,0.98302,1.88,2.40
2013.10.22 07:48:15.718,0.98298,0.98302,1.95,2.40
2013.10.22 07:48:23.938,0.98298,0.98302,1.95,1.95
2013.10.22 07:48:24.848,0.98301,0.98302,1.00,1.13
2013.10.22 07:48:25.388,0.983,0.98302,1.20,1.13
2013.10.22 07:48:25.928,0.98298,0.98302,4.20,1.50
2013.10.22 07:48:26.898,0.983,0.98302,1.00,1.20
2013.10.22 07:48:34.378,0.98298,0.98302,1.95,1.58
2013.10.22 07:48:36.978,0.98298,0.98302,4.20,1.50
2013.10.22 07:49:01.848,0.98298,0.98302,2.03,1.88
2013.10.22 07:49:01.908,0.98298,0.983,1.10,1.00
2013.10.22 07:49:02.148,0.98294,0.98298,3.90,1.00
2013.10.22 07:49:02.774,0.98294,0.98298,2.78,1.13
2013.10.22 07:49:07.540,0.98294,0.98296,1.20,2.50
2013.10.22 07:49:08.079,0.9829,0.98296,2.70,1.00
2013.10.22 07:49:14.500,0.98294,0.98297,1.38,1.10
2013.10.22 07:49:18.580,0.98294,0.98297,1.13,1.58
2013.10.22 07:49:19.118,0.98292,0.98296,2.78,1.38
2013.10.22 07:49:19.951,0.98291,0.98294,3.08,1.00
2013.10.22 07:49:25.268,0.98291,0.98294,1.00,1.20
2013.10.22 07:49:27.179,0.98291,0.98294,1.75,1.10
2013.10.22 07:49:31.368,0.98291,0.98295,1.38,1.28
2013.10.22 07:49:31.920,0.9829,0.98293,1.48,1.00
2013.10.22 07:49:32.319,0.98292,0.98294,1.50,1.10
2013.10.22 07:49:32.559,0.98294,0.98297,1.00,1.65
2013.10.22 07:49:35.078,0.98293,0.98297,4.58,1.10
2013.10.22 07:49:36.768,0.98293,0.98297,3.53,1.38
2013.10.22 07:49:37.284,0.98293,0.98294,1.88,1.13
2013.10.22 07:49:37.408,0.98291,0.98294,1.55,1.13
2013.10.22 07:49:37.968,0.9829,0.98294,4.20,1.50
2013.10.22 07:49:59.468,0.9829,0.98294,1.58,1.95
2013.10.22 07:49:59.978,0.9829,0.98293,1.58,1.00
2013.10.22 07:50:05.739,0.98289,0.98292,1.93,1.00
2013.10.22 07:50:05.918,0.98288,0.98292,2.33,1.58
2013.10.22 07:50:06.159,0.98288,0.9829,1.50,1.10
2013.10.22 07:50:06.679,0.98288,0.9829,1.50,1.10
2013.10.22 07:50:07.998,0.98288,0.98291,1.00,1.28
2013.10.22 07:50:10.409,0.98288,0.98292,1.58,2.40
2013.10.22 07:50:10.768,0.98289,0.98292,1.55,1.13
2013.10.22 07:50:11.688,0.98289,0.98292,1.10,3.00
2013.10.22 07:50:11.988,0.98286,0.98289,2.70,1.50
2013.10.22 07:50:12.709,0.98287,0.9829,4.28,1.88
2013.10.22 07:50:13.248,0.98287,0.98291,2.03,1.00
2013.10.22 07:50:14.739,0.98288,0.98291,1.10,1.13
2013.10.22 07:50:32.599,0.98287,0.98291,1.65,1.38
2013.10.22 07:50:38.491,0.98288,0.98292,1.50,4.58
2013.10.22 07:50:43.758,0.98288,0.98292,1.65,1.50
2013.10.22 07:50:44.688,0.98288,0.98292,3.15,1.13
2013.10.22 07:50:45.421,0.98289,0.98293,3.45,2.25
2013.10.22 07:50:57.538,0.98289,0.98292,2.25,2.25
2013.10.22 07:50:58.078,0.98289,0.98292,2.70,2.25
2013.10.22 07:51:00.278,0.98289,0.98292,2.33,1.88
2013.10.22 07:51:00.458,0.98289,0.9829,2.18,1.88
2013.10.22 07:51:00.904,0.98287,0.98289,2.18,1.38
2013.10.22 07:51:01.148,0.98285,0.98289,1.28,1.38
2013.10.22 07:51:12.728,0.98285,0.98289,5.40,1.00
2013.10.22 07:51:13.269,0.98287,0.9829,1.50,1.20
2013.10.22 07:51:16.281,0.98285,0.98289,1.28,1.38
2013.10.22 07:51:17.469,0.98284,0.98287,2.93,2.25
2013.10.22 07:51:17.649,0.98284,0.98287,2.33,1.50
2013.10.22 07:51:17.709,0.98283,0.98287,1.65,1.50
2013.10.22 07:51:17.829,0.98283,0.98286,1.28,1.50
2013.10.22 07:51:20.449,0.98283,0.98286,1.18,1.13
2013.10.22 07:51:23.659,0.98285,0.98288,1.13,1.95
2013.10.22 07:51:23.838,0.98285,0.98288,1.13,1.20
2013.10.22 07:51:24.389,0.98285,0.98289,1.28,1.88
2013.10.22 07:51:27.278,0.98287,0.98291,4.50,4.20
2013.10.22 07:51:27.405,0.98287,0.98289,1.13,1.00
2013.10.22 07:51:27.469,0.98288,0.9829,1.38,1.20
2013.10.22 07:51:27.709,0.98286,0.9829,2.03,1.13
2013.10.22 07:51:28.009,0.98286,0.98289,1.18,1.38
2013.10.22 07:51:34.038,0.98285,0.98289,1.28,1.48
2013.10.22 07:51:34.613,0.98285,0.98289,1.20,1.48
2013.10.22 07:51:38.538,0.98285,0.98289,1.13,3.45
2013.10.22 07:51:46.358,0.98285,0.98287,1.00,1.58
2013.10.22 07:51:46.899,0.98285,0.98287,1.10,1.50
2013.10.22 07:51:47.258,0.98284,0.98287,1.10,1.50
2013.10.22 07:51:47.798,0.98285,0.98287,1.10,1.50
2013.10.22 07:51:48.338,0.98284,0.98287,1.10,1.50
2013.10.22 07:51:51.198,0.98285,0.98287,1.10,1.50
2013.10.22 07:51:53.288,0.98284,0.98287,1.10,1.50
2013.10.22 07:51:57.909,0.98283,0.98286,3.45,1.00
2013.10.22 07:51:58.089,0.9828,0.98285,4.20,1.50
2013.10.22 07:51:58.628,0.98281,0.98286,3.15,1.48
2013.10.22 07:51:59.159,0.98282,0.98286,1.48,1.48
2013.10.22 07:51:59.731,0.98281,0.98286,1.28,1.20
2013.10.22 07:52:00.089,0.98282,0.98287,2.33,4.50
2013.10.22 07:52:01.798,0.98281,0.98286,5.63,1.13
2013.10.22 07:52:04.349,0.98282,0.98286,1.18,1.88
2013.10.22 07:52:04.469,0.98282,0.98285,1.65,2.25
2013.10.22 07:52:07.736,0.9828,0.98286,1.55,2.78
2013.10.22 07:52:11.141,0.9828,0.98284,4.13,1.13
2013.10.22 07:52:19.158,0.98281,0.98284,1.20,1.38
2013.10.22 07:52:25.089,0.9828,0.98283,1.10,1.75
2013.10.22 07:52:27.356,0.9828,0.98282,1.00,1.58
2013.10.22 07:52:31.110,0.98279,0.98283,1.20,1.75
2013.10.22 07:52:31.768,0.9828,0.98283,1.10,1.75
2013.10.22 07:52:32.310,0.98279,0.98283,1.10,1.75
2013.10.22 07:52:32.788,0.98278,0.98281,1.95,1.38
2013.10.22 07:52:33.088,0.98276,0.9828,5.63,1.50
2013.10.22 07:52:34.329,0.98277,0.98281,3.15,1.38
2013.10.22 07:52:34.809,0.9828,0.98281,1.00,1.00
2013.10.22 07:52:35.348,0.98279,0.98281,1.00,1.38
2013.10.22 07:52:35.888,0.98278,0.98281,1.20,1.38
2013.10.22 07:52:41.171,0.98276,0.9828,5.18,4.13
2013.10.22 07:52:41.469,0.98276,0.98279,1.58,1.88
2013.10.22 07:52:45.848,0.98277,0.98279,1.00,1.50
2013.10.22 07:52:46.389,0.98277,0.9828,1.18,1.13
2013.10.22 07:52:46.628,0.98277,0.9828,1.28,1.13
2013.10.22 07:52:46.750,0.9828,0.98282,1.00,2.33
2013.10.22 07:52:47.169,0.98278,0.98282,3.38,1.50
2013.10.22 07:52:48.738,0.98279,0.98282,1.00,1.58
2013.10.22 07:52:49.288,0.98279,0.98282,1.00,1.58
2013.10.22 07:52:49.649,0.98281,0.98284,1.10,1.38
2013.10.22 07:53:00.439,0.98281,0.98285,4.95,1.58
2013.10.22 07:53:00.501,0.98281,0.98285,4.95,1.20
2013.10.22 07:53:00.739,0.98283,0.98286,2.70,1.00
2013.10.22 07:53:01.268,0.98283,0.98286,3.08,1.00
2013.10.22 07:53:01.698,0.98283,0.98286,1.10,1.13
2013.10.22 07:53:02.238,0.98282,0.98286,1.65,1.38
2013.10.22 07:53:02.359,0.98283,0.98286,3.08,1.13
2013.10.22 07:53:02.718,0.98283,0.98286,1.10,1.13
2013.10.22 07:53:06.499,0.98282,0.98286,2.40,1.00
2013.10.22 07:53:07.018,0.98283,0.98286,3.08,1.00
2013.10.22 07:53:07.079,0.98286,0.9829,8.63,1.58
2013.10.22 07:53:07.380,0.98291,0.98294,1.20,1.13
2013.10.22 07:53:08.880,0.98291,0.98294,1.10,1.38
2013.10.22 07:53:13.969,0.98289,0.98293,4.05,5.14
2013.10.22 07:53:14.089,0.98289,0.98293,3.83,1.13
2013.10.22 07:53:14.210,0.9829,0.98291,1.65,1.00
2013.10.22 07:53:14.449,0.98291,0.98293,1.10,1.00
2013.10.22 07:53:14.988,0.98291,0.98295,1.50,1.65
2013.10.22 07:53:23.159,0.98292,0.98296,1.00,5.33
2013.10.22 07:53:33.092,0.98291,0.98295,1.58,3.75
2013.10.22 07:53:33.209,0.9829,0.98293,1.13,3.00
2013.10.22 07:53:33.449,0.98291,0.98294,1.00,1.28
2013.10.22 07:53:41.844,0.98293,0.98295,1.00,5.25
2013.10.22 07:53:42.089,0.98296,0.98299,2.25,1.10
2013.10.22 07:53:42.149,0.98297,0.983,1.50,1.55
2013.10.22 07:53:42.390,0.98297,0.98303,5.33,2.33
2013.10.22 07:53:42.512,0.98299,0.98303,1.58,2.33
2013.10.22 07:53:42.929,0.98302,0.98304,1.00,1.55
2013.10.22 07:53:43.481,0.98302,0.98305,1.00,1.58
2013.10.22 07:53:44.448,0.98301,0.98305,1.95,1.58
2013.10.22 07:53:49.028,0.98302,0.98306,1.00,3.15
2013.10.22 07:53:53.240,0.98301,0.98305,1.58,1.58
2013.10.22 07:53:53.599,0.983,0.98303,1.13,2.33
2013.10.22 07:53:59.800,0.98301,0.98305,1.13,4.58
2013.10.22 07:54:16.341,0.98303,0.98306,1.13,1.55
2013.10.22 07:54:17.908,0.98303,0.98305,1.10,2.13
2013.10.22 07:54:45.163,0.98303,0.98305,1.38,1.00
2013.10.22 07:54:51.689,0.98301,0.98304,3.75,1.10
2013.10.22 07:54:53.969,0.98301,0.98304,2.70,2.25
2013.10.22 07:54:54.210,0.98298,0.98302,5.25,3.00
2013.10.22 07:54:54.570,0.98297,0.98299,2.18,1.38
2013.10.22 07:54:55.230,0.98295,0.98299,3.83,1.38
2013.10.22 07:54:56.839,0.98295,0.98299,4.58,1.00
2013.10.22 07:54:58.489,0.98296,0.98299,1.55,1.00
2013.10.22 07:54:58.669,0.98299,0.98303,1.88,4.20
2013.10.22 07:54:58.849,0.983,0.98304,1.50,1.18
2013.10.22 07:54:58.969,0.983,0.98304,2.63,1.18
2013.10.22 07:55:01.799,0.983,0.98303,1.38,1.10
2013.10.22 07:55:02.159,0.983,0.98301,1.13,1.00
2013.10.22 07:55:02.219,0.983,0.98303,1.13,1.10
2013.10.22 07:55:02.279,0.983,0.98303,1.88,1.10
2013.10.22 07:55:05.107,0.98298,0.98301,1.95,3.38
2013.10.22 07:55:05.354,0.98295,0.98298,3.08,1.50
2013.10.22 07:55:05.659,0.98294,0.98298,1.65,1.38
2013.10.22 07:55:09.739,0.98294,0.98297,2.70,1.13
2013.10.22 07:55:10.379,0.98295,0.98298,2.33,1.00
2013.10.22 07:55:10.889,0.98293,0.98297,4.20,1.00
2013.10.22 07:55:13.129,0.98294,0.98298,1.28,1.00
2013.10.22 07:55:19.739,0.98294,0.98296,1.18,1.00
2013.10.22 07:55:19.919,0.98294,0.98298,2.33,1.10
2013.10.22 07:55:20.478,0.98294,0.98297,1.58,1.00
2013.10.22 07:55:21.019,0.98293,0.98297,2.03,1.13
2013.10.22 07:55:33.089,0.98293,0.98296,1.55,1.00
2013.10.22 07:55:42.019,0.98293,0.98297,2.03,1.13
2013.10.22 07:55:46.510,0.98295,0.98297,1.00,1.00
2013.10.22 07:55:46.689,0.98295,0.98299,2.03,1.13
2013.10.22 07:55:48.022,0.98294,0.98299,4.95,1.13
2013.10.22 07:55:48.541,0.98294,0.98298,3.83,1.38
2013.10.22 07:56:02.399,0.98296,0.983,1.48,4.58
2013.10.22 07:56:02.759,0.983,0.98304,2.25,1.18
2013.10.22 07:56:07.599,0.983,0.98304,2.25,1.55
2013.10.22 07:56:12.059,0.983,0.98304,2.40,1.38
2013.10.22 07:56:26.719,0.98299,0.98303,3.45,1.88
2013.10.22 07:56:26.959,0.98297,0.98301,1.10,2.25
2013.10.22 07:56:27.139,0.98295,0.98299,1.28,1.38
2013.10.22 07:56:28.759,0.98297,0.98301,1.00,2.78
2013.10.22 07:56:28.819,0.98297,0.98301,2.63,1.55
2013.10.22 07:56:28.940,0.98298,0.98302,4.28,1.13
2013.10.22 07:56:29.479,0.98299,0.98303,1.58,1.20
2013.10.22 07:56:35.209,0.983,0.98304,3.45,1.00
2013.10.22 07:56:37.201,0.983,0.98304,3.45,1.38
2013.10.22 07:56:37.862,0.983,0.98304,3.45,1.13
2013.10.22 07:56:43.019,0.983,0.98303,2.25,1.50
2013.10.22 07:56:43.259,0.98298,0.983,1.18,1.00
2013.10.22 07:56:43.979,0.98297,0.98301,3.30,2.25
2013.10.22 07:56:46.600,0.98297,0.98301,4.30,1.50
2013.10.22 07:56:48.980,0.98298,0.98301,1.08,1.50
2013.10.22 07:56:51.939,0.98298,0.98301,1.00,1.58
2013.10.22 07:56:54.330,0.98297,0.98299,1.20,1.00
2013.10.22 07:56:54.872,0.98295,0.98298,2.63,2.63
2013.10.22 07:56:55.830,0.98295,0.98297,2.25,1.13
2013.10.22 07:56:57.791,0.98295,0.98297,2.18,2.25
2013.10.22 07:57:08.469,0.98293,0.98297,5.33,2.25
2013.10.22 07:57:13.479,0.98293,0.983,3.08,1.58
2013.10.22 07:57:13.840,0.98301,0.98305,5.63,2.18
2013.10.22 07:57:14.080,0.98303,0.98307,1.28,1.50
2013.10.22 07:57:19.600,0.98302,0.98306,3.08,1.48
2013.10.22 07:57:20.139,0.98302,0.98306,3.08,1.48
2013.10.22 07:57:20.789,0.98303,0.98307,1.00,1.65
2013.10.22 07:57:21.799,0.98302,0.98306,1.58,1.48
2013.10.22 07:57:25.908,0.98302,0.98306,1.58,1.10
2013.10.22 07:57:26.348,0.98302,0.98306,1.58,1.48
2013.10.22 07:57:26.899,0.98302,0.98306,1.58,1.48
2013.10.22 07:57:33.559,0.98302,0.98306,2.33,1.10
2013.10.22 07:57:42.469,0.98302,0.98306,2.40,1.38
2013.10.22 07:58:00.939,0.98302,0.98306,1.58,1.48
2013.10.22 07:58:10.279,0.98302,0.98306,1.58,1.48
2013.10.22 07:58:42.869,0.98302,0.98306,1.10,1.48
2013.10.22 07:58:45.512,0.98301,0.98306,2.03,1.20
2013.10.22 07:58:45.691,0.983,0.98303,2.70,1.13
2013.10.22 07:58:45.812,0.983,0.98303,3.00,1.88
2013.10.22 07:58:45.871,0.983,0.98303,1.10,1.88
2013.10.22 07:58:45.989,0.983,0.98301,1.20,1.00
2013.10.22 07:58:46.409,0.983,0.98304,1.58,3.08
2013.10.22 07:58:46.650,0.98301,0.98305,5.33,1.38
2013.10.22 07:58:47.199,0.98302,0.98306,2.40,1.88
2013.10.22 07:59:06.629,0.98303,0.98306,1.18,1.38
2013.10.22 07:59:26.689,0.98302,0.98306,2.40,1.38
2013.10.22 07:59:41.149,0.98303,0.98307,1.58,1.58
2013.10.22 07:59:46.169,0.98305,0.9831,1.38,6.68
2013.10.22 07:59:46.410,0.9831,0.98312,1.10,1.00
2013.10.22 07:59:46.765,0.9831,0.98314,3.45,1.50
2013.10.22 07:59:48.209,0.9831,0.98313,2.63,1.50
2013.10.22 07:59:48.389,0.98308,0.98312,3.83,1.50
2013.10.22 07:59:49.399,0.98308,0.98312,3.38,1.50
2013.10.22 07:59:49.939,0.98309,0.98313,1.18,2.25
2013.10.22 07:59:50.492,0.98308,0.98312,3.38,1.50
2013.10.22 07:59:50.621,0.9831,0.98314,1.20,2.33
2013.10.22 07:59:55.639,0.98311,0.98314,1.00,1.58
2013.10.22 07:59:55.759,0.98311,0.98315,2.63,1.28
2013.10.22 07:59:56.300,0.98312,0.98316,2.33,1.58
2013.10.22 07:59:56.841,0.98313,0.98316,1.65,1.50
