2014.01.10 13:00:01.297,1.04999,1.05001,1.13,1.50
2014.01.10 13:00:01.449,1.05,1.05004,3.23,1.65
2014.01.10 13:00:01.601,1.05001,1.05005,4.05,3.08
2014.01.10 13:00:02.146,1.05003,1.05005,1.00,1.58
2014.01.10 13:00:03.438,1.05003,1.05006,1.10,1.58
2014.01.10 13:00:04.486,1.05003,1.05007,1.48,1.10
2014.01.10 13:00:05.037,1.05005,1.05009,1.48,4.20
2014.01.10 13:00:05.559,1.05005,1.05009,3.45,2.63
2014.01.10 13:00:05.761,1.05006,1.0501,3.38,1.00
2014.01.10 13:00:05.863,1.05009,1.05014,5.55,3.45
2014.01.10 13:00:05.964,1.05009,1.05014,9.98,1.10
2014.01.10 13:00:06.116,1.0501,1.05016,5.60,2.33
2014.01.10 13:00:06.428,1.05011,1.05016,3.06,1.10
2014.01.10 13:00:07.877,1.05014,1.05021,2.63,5.18
2014.01.10 13:00:07.978,1.05019,1.05024,2.63,1.00
2014.01.10 13:00:08.130,1.05023,1.05024,1.00,1.00
2014.01.10 13:00:08.437,1.05023,1.05027,1.38,1.10
2014.01.10 13:00:08.948,1.05023,1.05028,2.70,1.10
2014.01.10 13:00:09.251,1.05023,1.05026,1.88,1.18
2014.01.10 13:00:10.500,1.05022,1.05026,1.00,2.03
2014.01.10 13:00:10.602,1.0502,1.05023,1.38,1.18
2014.01.10 13:00:11.269,1.0502,1.05024,5.48,3.00
2014.01.10 13:00:11.792,1.0502,1.05024,1.88,3.45
2014.01.10 13:00:12.677,1.05017,1.05022,1.58,2.88
2014.01.10 13:00:12.778,1.05013,1.05016,1.13,2.20
2014.01.10 13:00:13.030,1.05007,1.05013,2.48,2.63
2014.01.10 13:00:13.541,1.05009,1.05011,3.23,1.00
2014.01.10 13:00:13.843,1.05011,1.05018,1.00,10.01
2014.01.10 13:00:13.894,1.05014,1.05027,2.25,1.00
2014.01.10 13:00:13.995,1.05014,1.05018,1.00,1.58
2014.01.10 13:00:14.298,1.05011,1.05015,4.13,1.10
2014.01.10 13:00:14.828,1.0501,1.05013,1.28,1.88
2014.01.10 13:00:15.030,1.05008,1.05011,1.20,1.20
2014.01.10 13:00:15.333,1.05007,1.05009,4.05,1.00
2014.01.10 13:00:15.862,1.05007,1.05009,3.98,1.10
2014.01.10 13:00:16.378,1.05013,1.05016,1.38,4.13
2014.01.10 13:00:16.883,1.05013,1.05016,2.10,1.10
2014.01.10 13:00:17.410,1.05015,1.05018,2.10,3.08
2014.01.10 13:00:17.612,1.05015,1.05018,2.10,1.10
2014.01.10 13:00:18.472,1.05016,1.05019,1.00,1.18
2014.01.10 13:00:18.523,1.05018,1.0502,1.00,2.25
2014.01.10 13:00:18.674,1.05018,1.0502,1.28,1.50
2014.01.10 13:00:19.128,1.05019,1.05022,1.10,1.00
2014.01.10 13:00:19.229,1.05018,1.05022,1.55,1.00
2014.01.10 13:00:19.448,1.05019,1.05023,2.33,3.08
2014.01.10 13:00:19.553,1.05019,1.05023,1.95,3.45
2014.01.10 13:00:19.755,1.05019,1.05023,2.33,3.08
2014.01.10 13:00:20.994,1.05019,1.05023,2.33,1.48
2014.01.10 13:00:21.441,1.05018,1.05022,2.03,1.38
2014.01.10 13:00:22.420,1.05017,1.05021,2.33,1.48
2014.01.10 13:00:22.777,1.05017,1.05021,1.95,1.10
2014.01.10 13:00:22.878,1.05019,1.05023,2.25,3.45
2014.01.10 13:00:26.170,1.05019,1.05023,3.08,1.48
2014.01.10 13:00:26.626,1.05018,1.05022,3.08,1.38
2014.01.10 13:00:26.727,1.05019,1.05022,1.20,1.88
2014.01.10 13:00:26.828,1.05017,1.05021,3.83,1.00
2014.01.10 13:00:26.929,1.05016,1.05019,1.10,1.38
2014.01.10 13:00:27.030,1.05019,1.05022,1.00,1.48
2014.01.10 13:00:27.333,1.05019,1.05022,1.13,1.10
2014.01.10 13:00:27.384,1.05019,1.05022,1.13,1.48
2014.01.10 13:00:29.682,1.05019,1.05022,1.50,1.10
2014.01.10 13:00:29.934,1.05017,1.05021,2.25,1.55
2014.01.10 13:00:30.821,1.05017,1.05021,2.25,2.03
2014.01.10 13:00:32.908,1.05016,1.05019,1.10,1.38
2014.01.10 13:00:34.454,1.05015,1.05018,1.10,1.38
2014.01.10 13:00:35.160,1.05013,1.05017,1.20,1.48
2014.01.10 13:00:37.733,1.05012,1.05016,1.28,1.38
2014.01.10 13:00:38.258,1.0501,1.05014,1.55,1.13
2014.01.10 13:00:38.775,1.0501,1.05014,1.38,1.28
2014.01.10 13:00:47.568,1.0501,1.05014,1.55,1.13
2014.01.10 13:00:48.867,1.0501,1.05014,1.55,1.00
2014.01.10 13:00:49.394,1.05011,1.05015,1.20,3.45
2014.01.10 13:00:50.093,1.05011,1.05015,1.10,4.20
2014.01.10 13:00:50.657,1.0501,1.05014,1.10,1.38
2014.01.10 13:00:53.158,1.05009,1.05013,4.20,1.13
2014.01.10 13:00:56.490,1.0501,1.05014,1.55,1.13
2014.01.10 13:00:56.843,1.0501,1.05014,1.55,1.00
2014.01.10 13:00:58.136,1.05011,1.05015,1.48,3.83
2014.01.10 13:00:58.416,1.05015,1.05019,1.00,5.40
2014.01.10 13:00:58.523,1.05016,1.05018,1.55,1.50
2014.01.10 13:00:58.725,1.05016,1.0502,1.55,2.63
2014.01.10 13:00:58.826,1.05016,1.05018,1.55,1.00
2014.01.10 13:00:59.028,1.05016,1.0502,1.45,1.58
2014.01.10 13:00:59.129,1.05018,1.0502,1.00,1.50
2014.01.10 13:00:59.331,1.05017,1.0502,1.20,1.00
2014.01.10 13:00:59.852,1.05017,1.0502,1.13,1.65
2014.01.10 13:01:00.355,1.05012,1.05017,3.83,1.00
2014.01.10 13:01:00.406,1.05012,1.05016,2.03,1.00
2014.01.10 13:01:04.927,1.05009,1.05015,3.75,1.00
2014.01.10 13:01:05.241,1.05012,1.05015,1.00,3.45
2014.01.10 13:01:05.392,1.05008,1.05012,1.13,1.55
2014.01.10 13:01:05.899,1.05007,1.05011,1.95,1.10
2014.01.10 13:01:09.187,1.05007,1.05009,1.20,1.50
2014.01.10 13:01:09.793,1.05007,1.0501,1.20,1.50
2014.01.10 13:01:11.547,1.05007,1.0501,1.48,1.50
2014.01.10 13:01:12.127,1.05008,1.0501,1.13,1.50
2014.01.10 13:01:12.631,1.05007,1.0501,1.48,1.50
2014.01.10 13:01:14.191,1.05007,1.05011,1.48,1.58
2014.01.10 13:01:14.695,1.05009,1.05012,1.48,1.00
2014.01.10 13:01:18.397,1.05009,1.05012,1.10,1.00
2014.01.10 13:01:26.400,1.05009,1.05011,1.10,1.00
2014.01.10 13:01:28.917,1.05007,1.0501,1.20,1.10
2014.01.10 13:01:29.460,1.05007,1.0501,1.13,1.10
2014.01.10 13:01:29.815,1.05007,1.05009,1.00,1.38
2014.01.10 13:01:30.349,1.05005,1.05009,1.28,2.63
2014.01.10 13:01:30.602,1.05007,1.0501,1.13,1.10
2014.01.10 13:01:31.107,1.05008,1.05011,1.30,1.18
2014.01.10 13:01:38.172,1.05008,1.05012,1.28,2.63
2014.01.10 13:01:41.739,1.0501,1.05013,1.30,1.20
2014.01.10 13:01:41.940,1.05011,1.05013,1.38,1.10
2014.01.10 13:01:45.797,1.05009,1.05013,2.70,1.20
2014.01.10 13:01:46.580,1.05009,1.05012,1.48,1.00
2014.01.10 13:01:48.043,1.05009,1.05012,3.30,1.00
2014.01.10 13:01:49.400,1.05009,1.05012,2.93,1.00
2014.01.10 13:01:51.042,1.05009,1.05011,3.30,1.00
2014.01.10 13:01:54.060,1.0501,1.05013,1.30,1.20
2014.01.10 13:01:54.111,1.05009,1.05012,3.30,1.00
2014.01.10 13:01:54.212,1.05011,1.05013,1.38,1.10
2014.01.10 13:02:02.057,1.05013,1.05014,2.48,1.10
2014.01.10 13:02:02.208,1.05011,1.05015,1.20,1.88
2014.01.10 13:02:02.309,1.05013,1.05014,1.13,1.10
2014.01.10 13:02:02.839,1.05012,1.05014,1.38,1.10
2014.01.10 13:02:06.037,1.05012,1.05014,1.13,1.10
2014.01.10 13:02:06.339,1.05009,1.05012,1.88,1.10
2014.01.10 13:02:08.126,1.05009,1.05011,1.50,1.50
2014.01.10 13:02:08.278,1.05008,1.0501,1.10,1.00
2014.01.10 13:02:08.329,1.05009,1.05012,1.73,2.25
2014.01.10 13:02:08.631,1.05009,1.05013,1.38,1.10
2014.01.10 13:02:08.682,1.05009,1.05012,1.38,1.10
2014.01.10 13:02:09.260,1.05009,1.05012,1.00,1.10
2014.01.10 13:02:16.090,1.05009,1.05011,1.00,1.00
2014.01.10 13:02:18.714,1.05009,1.0501,1.00,1.50
2014.01.10 13:02:18.765,1.05007,1.0501,1.58,1.95
2014.01.10 13:02:19.018,1.05002,1.05007,10.43,1.00
2014.01.10 13:02:22.335,1.05004,1.05008,4.05,1.20
2014.01.10 13:02:22.487,1.05007,1.05008,1.88,1.58
2014.01.10 13:02:25.416,1.05005,1.05008,1.00,1.48
2014.01.10 13:02:25.517,1.05005,1.05007,1.00,1.00
2014.01.10 13:02:32.118,1.05004,1.05007,1.48,1.00
2014.01.10 13:02:33.029,1.05004,1.05007,1.00,3.08
2014.01.10 13:02:33.231,1.05002,1.05004,1.88,1.00
2014.01.10 13:02:33.332,1.05001,1.05004,1.10,1.10
2014.01.10 13:02:33.685,1.05002,1.05004,1.00,1.00
2014.01.10 13:02:33.837,1.05002,1.05006,2.03,1.00
2014.01.10 13:02:37.014,1.05003,1.05007,4.13,2.85
2014.01.10 13:02:41.126,1.05002,1.05006,4.20,1.00
2014.01.10 13:02:41.654,1.05002,1.05006,2.03,1.00
2014.01.10 13:02:55.297,1.05003,1.05006,1.20,1.88
2014.01.10 13:02:55.805,1.05002,1.05005,1.38,1.10
2014.01.10 13:03:05.506,1.05002,1.05006,2.03,1.13
2014.01.10 13:03:06.283,1.05004,1.05006,1.38,1.13
2014.01.10 13:03:08.364,1.05004,1.05008,2.63,1.65
2014.01.10 13:03:11.689,1.05004,1.05008,2.63,1.10
2014.01.10 13:03:17.845,1.05004,1.05008,2.78,1.13
2014.01.10 13:03:23.795,1.05005,1.05007,1.10,2.10
2014.01.10 13:03:24.101,1.05004,1.05008,1.48,4.43
2014.01.10 13:03:27.171,1.05004,1.05007,1.48,1.00
2014.01.10 13:03:30.236,1.05004,1.05008,1.48,3.68
2014.01.10 13:03:34.271,1.05003,1.05007,2.03,1.88
2014.01.10 13:03:34.422,1.05002,1.05005,1.28,1.88
2014.01.10 13:03:34.926,1.05003,1.05005,1.00,1.65
2014.01.10 13:03:37.050,1.05002,1.05006,1.48,1.10
2014.01.10 13:03:37.705,1.05002,1.05006,1.48,1.10
2014.01.10 13:03:38.737,1.05002,1.05007,1.48,1.10
2014.01.10 13:03:40.853,1.05002,1.05006,1.95,1.10
2014.01.10 13:03:41.612,1.05002,1.05007,4.20,1.50
2014.01.10 13:03:42.688,1.05002,1.05006,1.95,1.58
2014.01.10 13:03:47.404,1.05002,1.05007,4.20,1.50
2014.01.10 13:03:47.980,1.05003,1.05007,1.55,1.50
2014.01.10 13:03:48.485,1.05003,1.05007,1.38,1.65
2014.01.10 13:03:51.206,1.05002,1.05005,1.58,1.00
2014.01.10 13:03:51.408,1.05002,1.05004,1.10,4.35
2014.01.10 13:03:54.345,1.05002,1.05005,2.63,2.25
2014.01.10 13:03:54.658,1.05002,1.05007,1.95,1.58
2014.01.10 13:03:54.809,1.05002,1.05006,1.95,1.10
2014.01.10 13:03:59.347,1.05003,1.05007,1.38,1.10
2014.01.10 13:03:59.499,1.05004,1.05008,2.78,1.88
2014.01.10 13:04:00.551,1.05004,1.05008,1.48,1.95
2014.01.10 13:04:01.986,1.05004,1.05008,1.45,1.10
2014.01.10 13:04:05.089,1.05004,1.05008,1.55,1.00
2014.01.10 13:04:16.245,1.05005,1.05008,1.20,1.50
2014.01.10 13:04:17.884,1.05005,1.05008,1.95,1.13
2014.01.10 13:04:18.423,1.05005,1.05009,2.70,1.20
2014.01.10 13:04:21.981,1.05005,1.05009,2.63,1.58
2014.01.10 13:04:24.406,1.05005,1.05008,2.63,1.10
2014.01.10 13:04:27.074,1.05005,1.05007,1.88,2.48
2014.01.10 13:04:27.295,1.05003,1.05006,1.18,1.38
2014.01.10 13:04:27.497,1.05003,1.05007,2.03,3.98
2014.01.10 13:04:28.255,1.05003,1.05007,2.78,2.85
2014.01.10 13:04:34.192,1.05004,1.05008,2.70,1.58
2014.01.10 13:04:42.071,1.05006,1.05009,1.00,2.25
2014.01.10 13:04:42.710,1.05005,1.05009,1.88,2.25
2014.01.10 13:04:45.668,1.05005,1.05009,1.88,1.88
2014.01.10 13:04:46.237,1.05006,1.05009,1.20,1.05
2014.01.10 13:04:54.194,1.05006,1.0501,1.13,1.65
2014.01.10 13:04:54.735,1.05008,1.05011,1.00,3.45
2014.01.10 13:04:54.937,1.05012,1.05016,1.13,2.78
2014.01.10 13:04:55.440,1.05012,1.05016,1.88,1.28
2014.01.10 13:04:55.986,1.05012,1.05016,1.13,1.55
2014.01.10 13:04:56.188,1.05014,1.05017,1.88,2.18
2014.01.10 13:04:56.290,1.05015,1.05018,1.13,1.20
2014.01.10 13:04:56.441,1.05015,1.05019,1.95,1.10
2014.01.10 13:04:56.955,1.05017,1.05021,1.18,2.63
2014.01.10 13:04:59.963,1.05017,1.05021,1.28,1.88
2014.01.10 13:05:00.453,1.05016,1.0502,3.45,1.50
2014.01.10 13:05:00.504,1.05014,1.05016,1.88,2.25
2014.01.10 13:05:00.605,1.0501,1.05014,1.55,1.13
2014.01.10 13:05:00.756,1.0501,1.05014,1.13,3.45
2014.01.10 13:05:01.260,1.05009,1.05014,3.00,3.45
2014.01.10 13:05:01.796,1.05008,1.05012,1.10,1.10
2014.01.10 13:05:04.183,1.05009,1.05013,1.00,2.03
2014.01.10 13:05:13.544,1.05009,1.05012,1.00,2.25
2014.01.10 13:05:15.693,1.05009,1.05013,1.00,2.03
2014.01.10 13:05:16.198,1.05009,1.05013,2.70,1.20
2014.01.10 13:05:16.249,1.05011,1.05015,1.13,1.55
2014.01.10 13:05:16.752,1.05011,1.05015,1.00,1.55
2014.01.10 13:05:17.316,1.05012,1.05015,1.00,1.18
2014.01.10 13:05:17.619,1.05015,1.05016,1.13,2.18
2014.01.10 13:05:17.721,1.05015,1.05019,1.20,1.48
2014.01.10 13:05:17.771,1.05017,1.05019,1.00,1.20
2014.01.10 13:05:19.225,1.05017,1.05018,1.13,1.00
2014.01.10 13:05:25.748,1.05018,1.05021,4.38,1.50
2014.01.10 13:05:25.900,1.0502,1.05024,1.48,1.10
2014.01.10 13:05:26.101,1.05019,1.05021,1.58,4.05
2014.01.10 13:05:26.203,1.05016,1.0502,1.55,1.13
2014.01.10 13:05:26.259,1.05015,1.05018,5.70,1.00
2014.01.10 13:05:26.563,1.05018,1.05019,1.00,1.10
2014.01.10 13:05:27.017,1.05017,1.05019,1.88,1.10
2014.01.10 13:05:31.210,1.05016,1.0502,1.95,1.80
2014.01.10 13:05:31.261,1.05018,1.05021,1.00,2.03
2014.01.10 13:05:31.564,1.05017,1.05019,1.88,1.10
2014.01.10 13:05:34.185,1.05017,1.05019,1.13,1.00
2014.01.10 13:05:36.254,1.05017,1.05018,1.13,1.00
2014.01.10 13:05:36.357,1.05018,1.0502,2.63,1.10
2014.01.10 13:05:36.458,1.05017,1.0502,1.13,2.63
2014.01.10 13:05:37.238,1.05015,1.05018,1.13,1.20
2014.01.10 13:05:37.440,1.05017,1.05018,1.00,1.20
2014.01.10 13:05:43.303,1.05015,1.05017,1.00,1.00
2014.01.10 13:05:43.354,1.05015,1.05017,1.00,1.38
2014.01.10 13:05:43.808,1.05014,1.05018,1.95,1.20
2014.01.10 13:05:47.333,1.05014,1.05018,1.58,1.48
2014.01.10 13:05:47.637,1.04999,1.05002,1.00,2.70
2014.01.10 13:05:47.688,1.04997,1.05002,1.00,2.70
2014.01.10 13:05:47.839,1.04997,1.04999,1.00,1.20
2014.01.10 13:05:48.367,1.04997,1.04998,1.00,1.10
2014.01.10 13:05:48.468,1.04997,1.05,1.00,2.70
2014.01.10 13:05:48.871,1.04994,1.04998,7.65,1.13
2014.01.10 13:05:49.991,1.04994,1.04998,2.78,1.00
2014.01.10 13:05:52.768,1.04997,1.04998,1.00,1.00
2014.01.10 13:05:53.351,1.04996,1.04999,5.78,1.50
2014.01.10 13:05:53.455,1.04997,1.05003,2.63,1.65
2014.01.10 13:05:53.607,1.05001,1.05003,1.80,1.50
2014.01.10 13:05:53.658,1.05002,1.05007,4.08,2.33
2014.01.10 13:05:53.759,1.05005,1.05009,3.38,2.63
2014.01.10 13:05:53.911,1.05005,1.05011,1.95,4.50
2014.01.10 13:05:54.063,1.05009,1.05011,1.20,1.00
2014.01.10 13:05:54.114,1.05009,1.05013,1.20,3.83
2014.01.10 13:05:54.951,1.0501,1.05014,1.00,3.15
2014.01.10 13:05:55.611,1.05011,1.05014,2.25,1.65
2014.01.10 13:05:55.662,1.05012,1.05016,1.08,3.75
2014.01.10 13:05:55.713,1.05012,1.05016,1.18,1.50
2014.01.10 13:05:55.965,1.05013,1.05017,1.48,3.68
2014.01.10 13:05:56.330,1.05013,1.05016,1.48,1.00
2014.01.10 13:05:56.482,1.05012,1.05014,1.18,1.00
2014.01.10 13:05:56.583,1.05007,1.0501,1.65,1.00
2014.01.10 13:05:56.886,1.05009,1.05013,1.28,1.00
2014.01.10 13:05:57.823,1.05009,1.05013,1.20,1.08
2014.01.10 13:06:07.474,1.05008,1.05012,1.10,1.10
2014.01.10 13:06:07.979,1.05009,1.05013,1.00,1.28
2014.01.10 13:06:08.869,1.0501,1.05014,1.00,4.95
2014.01.10 13:06:11.624,1.0501,1.05013,1.00,2.70
2014.01.10 13:06:13.033,1.0501,1.05014,1.10,1.95
2014.01.10 13:06:13.543,1.0501,1.05014,1.00,4.20
2014.01.10 13:06:15.784,1.05009,1.05012,1.00,1.10
2014.01.10 13:06:15.986,1.05008,1.05012,1.00,3.08
2014.01.10 13:06:18.914,1.05007,1.05009,1.88,1.00
2014.01.10 13:06:19.418,1.05005,1.05008,1.38,1.10
2014.01.10 13:06:28.140,1.05005,1.05008,1.38,1.10
2014.01.10 13:06:28.741,1.05005,1.05008,1.00,1.00
2014.01.10 13:06:31.194,1.05004,1.05008,1.10,1.00
2014.01.10 13:06:34.582,1.05005,1.05008,1.00,4.10
2014.01.10 13:06:37.738,1.05004,1.05006,1.50,1.10
2014.01.10 13:06:37.789,1.05004,1.05007,1.88,1.10
2014.01.10 13:06:38.307,1.05004,1.05006,1.50,1.10
2014.01.10 13:06:40.292,1.05004,1.05008,1.88,2.18
2014.01.10 13:06:40.843,1.05005,1.05011,2.13,2.25
2014.01.10 13:06:41.045,1.05005,1.05009,2.18,3.33
2014.01.10 13:06:41.096,1.05003,1.05008,1.28,2.81
2014.01.10 13:06:41.600,1.05003,1.05006,1.30,3.70
2014.01.10 13:06:42.104,1.05002,1.05006,1.20,3.46
2014.01.10 13:06:42.256,1.05001,1.05004,4.13,1.00
2014.01.10 13:06:45.154,1.05001,1.05003,1.58,1.00
2014.01.10 13:06:45.659,1.05002,1.05006,1.00,4.95
2014.01.10 13:06:46.216,1.05,1.05003,1.35,4.13
2014.01.10 13:06:46.323,1.04997,1.05002,4.20,3.91
2014.01.10 13:06:46.374,1.04997,1.05002,2.18,2.65
2014.01.10 13:06:46.525,1.04997,1.05001,2.85,4.10
2014.01.10 13:06:47.842,1.04997,1.05001,2.48,4.11
2014.01.10 13:06:48.666,1.04995,1.05,1.35,4.08
2014.01.10 13:06:48.818,1.04995,1.04998,1.30,3.70
2014.01.10 13:06:48.970,1.04992,1.04996,1.05,1.00
2014.01.10 13:06:49.175,1.04991,1.04994,1.10,1.08
2014.01.10 13:06:49.276,1.04991,1.04994,1.00,1.18
2014.01.10 13:06:49.945,1.04991,1.04996,3.08,3.08
2014.01.10 13:06:50.147,1.04991,1.04996,5.81,1.10
2014.01.10 13:06:50.402,1.04994,1.04999,2.63,4.20
2014.01.10 13:06:50.604,1.04995,1.05,6.13,2.33
2014.01.10 13:06:51.091,1.04998,1.05001,2.50,1.10
2014.01.10 13:06:51.642,1.04998,1.05002,3.63,1.18
2014.01.10 13:06:54.879,1.04999,1.05002,1.48,1.10
2014.01.10 13:06:56.691,1.04999,1.05004,2.96,1.18
2014.01.10 13:06:56.843,1.05,1.05004,3.53,1.00
2014.01.10 13:06:57.558,1.05,1.05005,3.53,1.10
2014.01.10 13:06:58.070,1.05,1.05004,3.16,1.00
2014.01.10 13:06:58.735,1.05001,1.05005,2.33,1.10
2014.01.10 13:07:00.315,1.05003,1.05006,1.48,1.58
2014.01.10 13:07:05.921,1.05003,1.05006,1.10,1.88
2014.01.10 13:07:07.063,1.05002,1.05005,1.20,4.13
2014.01.10 13:07:07.595,1.04999,1.05003,3.45,1.10
2014.01.10 13:07:09.882,1.04999,1.05003,3.45,1.10
2014.01.10 13:07:11.440,1.04999,1.05003,3.45,1.20
2014.01.10 13:07:12.857,1.04999,1.05002,4.95,1.00
2014.01.10 13:07:15.471,1.04999,1.05005,5.23,1.95
2014.01.10 13:07:16.437,1.04999,1.05005,4.95,6.45
2014.01.10 13:07:17.110,1.04999,1.05005,4.95,2.70
2014.01.10 13:07:17.644,1.04999,1.05005,5.23,1.95
2014.01.10 13:07:18.682,1.05,1.05004,2.78,1.00
2014.01.10 13:07:18.733,1.05003,1.05006,3.10,1.65
2014.01.10 13:07:19.247,1.05004,1.0501,4.46,2.33
2014.01.10 13:07:19.852,1.05005,1.0501,2.88,2.33
2014.01.10 13:07:20.932,1.05006,1.05009,3.38,1.00
2014.01.10 13:07:20.983,1.05006,1.05013,3.45,2.03
2014.01.10 13:07:23.556,1.05006,1.05009,4.20,1.00
2014.01.10 13:07:23.758,1.05006,1.05013,4.20,2.03
2014.01.10 13:07:25.963,1.05006,1.05009,4.88,1.00
2014.01.10 13:07:29.640,1.05009,1.0501,1.00,1.00
2014.01.10 13:07:29.792,1.05009,1.05011,1.00,1.00
2014.01.10 13:07:30.317,1.05008,1.05011,1.10,1.00
2014.01.10 13:07:33.328,1.05006,1.0501,4.50,1.00
2014.01.10 13:07:34.816,1.05006,1.05009,4.20,1.50
2014.01.10 13:07:34.866,1.05005,1.05007,1.13,4.60
2014.01.10 13:07:34.917,1.05003,1.05006,2.03,1.00
2014.01.10 13:07:34.968,1.05002,1.05007,4.88,4.35
2014.01.10 13:07:35.119,1.05001,1.05007,2.40,2.78
2014.01.10 13:07:35.793,1.05001,1.05007,1.65,2.78
2014.01.10 13:07:36.304,1.05001,1.05007,7.13,2.48
2014.01.10 13:07:36.406,1.05001,1.05007,1.38,5.55
2014.01.10 13:07:36.558,1.05001,1.05007,1.00,5.55
2014.01.10 13:07:40.223,1.05001,1.05004,1.00,1.38
2014.01.10 13:07:43.259,1.05,1.05003,1.58,1.00
2014.01.10 13:07:44.455,1.05,1.05003,3.93,1.00
2014.01.10 13:07:44.608,1.05002,1.05006,6.23,1.13
2014.01.10 13:07:45.014,1.05004,1.05008,3.78,1.00
2014.01.10 13:07:45.317,1.05004,1.05006,1.10,3.38
2014.01.10 13:07:45.469,1.04997,1.05,1.28,1.00
2014.01.10 13:07:46.077,1.04997,1.05,2.03,1.00
2014.01.10 13:07:46.578,1.04997,1.05001,2.03,1.00
2014.01.10 13:07:46.679,1.04997,1.05001,6.38,1.00
2014.01.10 13:07:46.982,1.05008,1.05013,6.68,1.00
2014.01.10 13:07:47.342,1.0501,1.05013,3.23,1.20
2014.01.10 13:07:47.443,1.05005,1.05011,7.58,7.31
2014.01.10 13:07:47.544,1.05001,1.05005,2.70,1.00
2014.01.10 13:07:47.847,1.05,1.05003,1.18,1.13
2014.01.10 13:07:55.696,1.04999,1.05002,1.10,2.50
2014.01.10 13:07:55.898,1.04996,1.04999,1.10,1.38
2014.01.10 13:07:56.000,1.04997,1.05,2.13,2.33
2014.01.10 13:07:56.454,1.04998,1.05003,4.88,1.48
2014.01.10 13:07:56.958,1.04998,1.05001,1.48,1.00
2014.01.10 13:07:57.462,1.04998,1.05001,1.20,1.00
2014.01.10 13:07:57.966,1.04998,1.05002,2.03,1.00
2014.01.10 13:07:59.857,1.04998,1.05003,4.28,1.20
2014.01.10 13:08:10.692,1.04999,1.05002,1.48,2.10
2014.01.10 13:08:10.793,1.04997,1.05,1.58,4.23
2014.01.10 13:08:10.895,1.04995,1.04998,1.18,1.88
2014.01.10 13:08:11.097,1.04993,1.04997,1.18,1.48
2014.01.10 13:08:11.601,1.04993,1.04997,1.20,1.48
2014.01.10 13:08:12.460,1.04993,1.04997,6.30,1.48
2014.01.10 13:08:12.767,1.05,1.05004,2.88,1.55
2014.01.10 13:08:13.080,1.05,1.05004,5.71,1.00
2014.01.10 13:08:14.156,1.05,1.05005,5.71,1.50
2014.01.10 13:08:15.176,1.05002,1.05006,1.95,1.20
2014.01.10 13:08:15.681,1.05002,1.05005,1.48,1.00
2014.01.10 13:08:22.597,1.05003,1.05005,2.55,1.00
2014.01.10 13:08:22.900,1.05004,1.05008,4.21,1.13
2014.01.10 13:08:23.253,1.05006,1.05009,2.58,1.00
2014.01.10 13:08:23.405,1.05009,1.05012,3.25,1.18
2014.01.10 13:08:23.581,1.05009,1.05015,4.85,1.48
2014.01.10 13:08:23.633,1.05009,1.05015,5.23,1.10
2014.01.10 13:08:23.886,1.05011,1.05016,3.46,3.90
2014.01.10 13:08:24.501,1.05011,1.05015,4.21,1.10
2014.01.10 13:08:24.754,1.05011,1.05015,1.00,1.43
2014.01.10 13:08:25.007,1.05009,1.05012,1.20,1.00
2014.01.10 13:08:25.515,1.05009,1.05013,1.20,1.85
2014.01.10 13:08:29.929,1.05005,1.05009,4.13,3.30
2014.01.10 13:08:30.131,1.05002,1.05006,1.95,1.48
2014.01.10 13:08:30.635,1.05002,1.05004,1.38,1.10
2014.01.10 13:08:34.558,1.05003,1.05005,3.98,1.10
2014.01.10 13:08:34.609,1.05005,1.05006,1.00,2.18
2014.01.10 13:08:34.660,1.05005,1.05009,1.48,1.58
2014.01.10 13:08:34.811,1.05009,1.05013,1.00,3.83
2014.01.10 13:08:34.964,1.0501,1.05013,2.63,2.18
2014.01.10 13:08:35.015,1.0501,1.05014,2.70,1.20
2014.01.10 13:08:35.553,1.0501,1.05014,1.95,1.10
2014.01.10 13:08:36.238,1.0501,1.05014,3.71,1.20
2014.01.10 13:08:36.624,1.0501,1.05013,1.20,1.00
2014.01.10 13:08:37.174,1.0501,1.05013,1.20,1.50
2014.01.10 13:08:40.274,1.05011,1.05013,1.13,1.38
2014.01.10 13:08:40.325,1.05011,1.05013,2.63,1.00
2014.01.10 13:08:40.426,1.05011,1.05016,1.00,2.33
2014.01.10 13:08:40.578,1.05012,1.05017,4.88,1.20
2014.01.10 13:08:41.083,1.05014,1.05019,3.06,2.33
2014.01.10 13:08:41.489,1.05014,1.05019,2.68,3.30
2014.01.10 13:08:42.430,1.05014,1.05019,1.58,3.30
2014.01.10 13:08:42.584,1.05013,1.05016,1.58,1.75
2014.01.10 13:08:43.090,1.05012,1.05015,1.50,1.85
2014.01.10 13:08:43.141,1.05012,1.05015,1.50,1.48
2014.01.10 13:08:43.646,1.0501,1.05014,3.08,1.75
2014.01.10 13:08:44.381,1.0501,1.05013,1.50,1.85
2014.01.10 13:08:47.345,1.05009,1.05011,1.10,1.13
2014.01.10 13:08:47.547,1.05007,1.05011,3.45,1.48
2014.01.10 13:08:48.168,1.05007,1.05009,2.70,1.00
2014.01.10 13:08:49.327,1.05008,1.05012,2.13,1.55
2014.01.10 13:08:49.378,1.05008,1.05011,2.23,1.00
2014.01.10 13:08:49.922,1.05008,1.05011,1.48,1.00
2014.01.10 13:08:53.080,1.0501,1.05012,3.38,1.13
2014.01.10 13:08:53.584,1.0501,1.05014,4.13,1.18
2014.01.10 13:08:54.903,1.0501,1.05014,4.28,1.00
2014.01.10 13:08:56.142,1.0501,1.05013,6.01,1.00
2014.01.10 13:08:56.293,1.05013,1.05018,2.58,1.93
2014.01.10 13:08:56.344,1.05011,1.05018,9.45,1.65
2014.01.10 13:08:56.770,1.05012,1.05016,1.95,2.63
2014.01.10 13:08:56.924,1.05009,1.05015,1.55,3.00
2014.01.10 13:09:02.950,1.05007,1.0501,2.78,1.00
2014.01.10 13:09:03.002,1.05007,1.0501,3.80,1.00
2014.01.10 13:09:03.204,1.05005,1.05009,1.38,3.83
2014.01.10 13:09:03.306,1.05003,1.05007,2.25,3.08
2014.01.10 13:09:03.608,1.05003,1.05007,1.38,3.00
2014.01.10 13:09:04.581,1.05003,1.05007,1.00,3.08
2014.01.10 13:09:05.037,1.05003,1.05008,5.41,1.48
2014.01.10 13:09:05.192,1.05004,1.05008,3.83,1.20
2014.01.10 13:09:06.164,1.05004,1.05009,4.08,1.55
2014.01.10 13:09:06.743,1.05004,1.05009,2.58,2.03
2014.01.10 13:09:07.248,1.05004,1.05008,2.33,1.48
2014.01.10 13:09:07.704,1.05006,1.05009,1.50,1.55
2014.01.10 13:09:08.107,1.05003,1.05007,1.00,1.28
2014.01.10 13:09:08.621,1.05003,1.05007,1.38,4.13
2014.01.10 13:09:09.076,1.05003,1.05007,4.56,1.13
2014.01.10 13:09:10.312,1.05004,1.05008,3.46,1.95
2014.01.10 13:09:10.690,1.05002,1.05005,2.70,1.00
2014.01.10 13:09:11.099,1.04999,1.05002,1.18,3.10
2014.01.10 13:09:11.150,1.04998,1.05001,1.55,1.00
2014.01.10 13:09:11.682,1.04997,1.05001,2.63,1.28
2014.01.10 13:09:23.193,1.04997,1.05,1.13,1.20
2014.01.10 13:09:23.733,1.04995,1.04999,2.78,1.00
2014.01.10 13:09:25.457,1.04995,1.05,3.06,2.33
2014.01.10 13:09:25.970,1.04996,1.05001,4.96,1.28
2014.01.10 13:09:31.009,1.04997,1.05001,1.13,2.63
2014.01.10 13:09:36.182,1.04998,1.05001,1.00,1.55
2014.01.10 13:09:36.283,1.04998,1.05002,2.13,3.38
2014.01.10 13:09:36.334,1.04998,1.05002,1.13,1.00
2014.01.10 13:09:41.021,1.04998,1.05001,1.55,1.35
2014.01.10 13:09:41.072,1.04998,1.05001,1.18,1.35
2014.01.10 13:09:41.123,1.04995,1.05,1.13,8.81
2014.01.10 13:09:41.174,1.04993,1.04998,8.33,6.56
2014.01.10 13:09:41.225,1.04994,1.04997,1.10,1.00
2014.01.10 13:09:41.326,1.04994,1.04997,1.48,1.00
2014.01.10 13:09:41.830,1.04995,1.04999,1.38,1.18
2014.01.10 13:09:42.381,1.04995,1.04999,2.70,1.00
2014.01.10 13:09:45.239,1.04995,1.05,5.03,1.20
2014.01.10 13:09:46.175,1.04995,1.05,4.28,1.58
2014.01.10 13:09:46.327,1.0499,1.04992,1.00,1.00
2014.01.10 13:09:46.831,1.04987,1.04991,5.55,1.13
2014.01.10 13:09:48.893,1.04988,1.04992,1.55,1.00
2014.01.10 13:09:49.248,1.0499,1.04994,3.83,1.00
2014.01.10 13:09:49.551,1.04997,1.05,3.26,1.00
2014.01.10 13:09:49.601,1.04997,1.05002,3.73,1.38
2014.01.10 13:09:49.817,1.04997,1.05002,4.48,1.50
2014.01.10 13:09:50.330,1.04997,1.05002,4.48,2.65
2014.01.10 13:09:51.309,1.04997,1.05002,4.48,1.00
2014.01.10 13:09:52.066,1.04997,1.05003,4.48,2.35
2014.01.10 13:09:52.420,1.04999,1.05003,3.08,1.52
2014.01.10 13:09:53.770,1.05001,1.05004,1.48,1.00
2014.01.10 13:09:54.275,1.05003,1.05005,1.13,1.48
2014.01.10 13:09:55.208,1.05003,1.05005,1.38,1.10
2014.01.10 13:09:56.168,1.05001,1.05005,4.20,2.85
2014.01.10 13:09:56.696,1.05,1.05004,1.18,4.15
2014.01.10 13:09:57.517,1.05,1.05004,2.03,2.65
2014.01.10 13:09:57.770,1.05001,1.05005,1.48,1.10
2014.01.10 13:09:59.423,1.05001,1.05006,1.95,1.60
2014.01.10 13:09:59.929,1.05004,1.05007,1.55,3.23
2014.01.10 13:10:00.445,1.05003,1.05007,1.88,4.50
2014.01.10 13:10:00.596,1.05007,1.05011,2.78,1.90
2014.01.10 13:10:00.899,1.05008,1.05012,4.21,1.00
2014.01.10 13:10:01.418,1.05008,1.05013,4.48,1.38
2014.01.10 13:10:05.363,1.0501,1.05012,1.00,1.10
2014.01.10 13:10:12.385,1.05009,1.05013,1.13,3.75
2014.01.10 13:10:12.537,1.05006,1.05009,2.33,1.00
2014.01.10 13:10:12.789,1.05004,1.05007,1.20,1.00
2014.01.10 13:10:13.796,1.05004,1.05008,1.20,3.68
2014.01.10 13:10:15.101,1.05004,1.05008,1.20,1.85
2014.01.10 13:10:15.203,1.05004,1.05008,1.00,4.05
2014.01.10 13:10:15.355,1.05002,1.05006,1.10,1.48
2014.01.10 13:10:16.284,1.05002,1.05006,1.95,1.48
2014.01.10 13:10:16.335,1.05002,1.05008,2.20,6.10
2014.01.10 13:10:16.437,1.05003,1.05008,5.63,1.20
2014.01.10 13:10:16.944,1.05004,1.05009,6.46,1.90
2014.01.10 13:10:18.274,1.05005,1.05008,2.78,4.35
2014.01.10 13:10:18.375,1.05004,1.05007,1.50,1.88
2014.01.10 13:10:18.553,1.05002,1.05006,2.33,1.48
2014.01.10 13:10:19.091,1.05002,1.05006,2.33,1.48
2014.01.10 13:10:19.559,1.05,1.05003,1.13,1.20
2014.01.10 13:10:25.639,1.05001,1.05004,2.10,1.00
2014.01.10 13:10:25.841,1.05003,1.05006,5.93,2.18
2014.01.10 13:10:26.345,1.05005,1.05009,2.50,2.33
2014.01.10 13:10:26.497,1.05006,1.05012,5.63,3.45
2014.01.10 13:10:26.648,1.05008,1.05014,6.31,2.70
2014.01.10 13:10:26.749,1.05008,1.05015,9.68,1.55
2014.01.10 13:10:44.703,1.05011,1.05015,2.70,1.50
2014.01.10 13:10:50.668,1.05011,1.05016,1.28,1.58
2014.01.10 13:10:51.243,1.05011,1.05016,1.20,1.65
2014.01.10 13:10:51.792,1.0501,1.05015,1.00,4.58
2014.01.10 13:10:56.918,1.0501,1.05015,1.28,2.33
2014.01.10 13:10:59.093,1.0501,1.05013,1.13,1.10
2014.01.10 13:11:00.118,1.05009,1.05014,1.95,1.93
2014.01.10 13:11:00.635,1.05009,1.05014,1.58,1.93
2014.01.10 13:11:02.267,1.05009,1.05014,1.95,1.93
2014.01.10 13:11:07.188,1.05008,1.05013,2.25,1.58
2014.01.10 13:11:07.441,1.05007,1.0501,1.20,1.00
2014.01.10 13:11:07.955,1.05007,1.0501,1.13,1.18
2014.01.10 13:11:24.581,1.05007,1.05011,1.20,1.95
2014.01.10 13:11:24.961,1.05007,1.05011,3.38,2.63
2014.01.10 13:11:25.265,1.05007,1.05012,6.83,1.00
2014.01.10 13:11:28.789,1.05009,1.05013,1.10,1.85
2014.01.10 13:11:29.301,1.05007,1.05013,3.83,4.58
2014.01.10 13:11:29.827,1.05007,1.0501,3.08,1.00
2014.01.10 13:11:30.131,1.05,1.05003,1.50,5.06
2014.01.10 13:11:30.282,1.04998,1.05002,1.00,2.33
2014.01.10 13:11:30.384,1.04997,1.05003,2.40,1.28
2014.01.10 13:11:34.651,1.04999,1.05003,2.33,1.13
2014.01.10 13:11:36.591,1.04999,1.05004,3.08,2.63
2014.01.10 13:11:36.895,1.04999,1.05004,2.70,2.63
2014.01.10 13:11:37.412,1.04999,1.05004,2.70,2.63
2014.01.10 13:11:38.241,1.04999,1.05004,1.65,1.48
2014.01.10 13:11:38.869,1.04998,1.05003,3.38,1.48
2014.01.10 13:11:39.020,1.04997,1.05002,3.53,1.20
2014.01.10 13:11:39.525,1.04997,1.05002,3.53,1.48
2014.01.10 13:11:41.305,1.04997,1.05003,4.28,1.55
2014.01.10 13:11:46.815,1.04999,1.05004,1.00,3.45
2014.01.10 13:11:47.320,1.04998,1.05004,2.33,4.95
2014.01.10 13:11:47.624,1.04998,1.05003,1.20,1.55
2014.01.10 13:11:49.178,1.04998,1.05003,3.38,1.48
2014.01.10 13:11:49.685,1.04998,1.05005,6.75,4.20
2014.01.10 13:11:49.988,1.05001,1.05005,3.71,1.10
2014.01.10 13:11:50.502,1.05002,1.05005,1.38,1.10
2014.01.10 13:11:54.738,1.04999,1.05005,4.58,2.70
2014.01.10 13:11:55.041,1.04997,1.05001,3.75,1.00
2014.01.10 13:11:55.646,1.04998,1.05003,4.10,1.13
2014.01.10 13:11:57.816,1.04998,1.05003,6.68,1.50
2014.01.10 13:11:58.119,1.05,1.05005,4.08,1.10
2014.01.10 13:11:58.370,1.04999,1.05003,1.28,1.38
2014.01.10 13:11:59.127,1.04997,1.05003,3.15,2.03
2014.01.10 13:11:59.581,1.05,1.05003,1.88,1.10
2014.01.10 13:11:59.683,1.05001,1.05004,1.38,1.10
2014.01.10 13:12:00.087,1.05001,1.05006,1.50,4.35
2014.01.10 13:12:00.592,1.05001,1.05006,3.00,3.45
2014.01.10 13:12:02.165,1.05001,1.05006,4.13,3.08
2014.01.10 13:12:02.469,1.05004,1.05009,6.45,2.63
2014.01.10 13:12:02.722,1.05006,1.0501,3.45,1.10
2014.01.10 13:12:02.974,1.05007,1.05012,3.45,1.13
2014.01.10 13:12:03.488,1.05007,1.05013,4.20,1.95
2014.01.10 13:12:06.791,1.05009,1.05013,4.88,1.00
2014.01.10 13:12:07.303,1.05009,1.05015,5.33,1.58
2014.01.10 13:12:07.695,1.05009,1.05013,3.08,2.25
2014.01.10 13:12:07.846,1.05009,1.05012,1.10,1.00
2014.01.10 13:12:08.451,1.05009,1.05013,1.10,2.33
2014.01.10 13:12:16.073,1.05007,1.05011,1.58,4.50
2014.01.10 13:12:16.375,1.05003,1.05007,2.18,1.48
2014.01.10 13:12:16.426,1.05003,1.05007,2.55,1.10
2014.01.10 13:12:16.628,1.05007,1.05011,5.26,1.00
2014.01.10 13:12:16.830,1.05005,1.05009,5.70,1.88
2014.01.10 13:12:16.931,1.05005,1.05011,7.93,1.65
2014.01.10 13:12:16.982,1.05007,1.05012,2.78,1.20
2014.01.10 13:12:17.516,1.0501,1.05015,3.83,1.65
2014.01.10 13:12:18.034,1.05009,1.05015,2.78,1.65
2014.01.10 13:12:18.135,1.05009,1.05015,3.15,1.65
2014.01.10 13:12:18.639,1.05011,1.05016,3.63,3.83
2014.01.10 13:12:19.346,1.05011,1.05016,2.63,3.83
2014.01.10 13:12:19.856,1.05011,1.05016,3.53,1.48
2014.01.10 13:12:20.179,1.05016,1.05019,2.50,1.13
2014.01.10 13:12:20.230,1.05018,1.05021,2.63,3.83
2014.01.10 13:12:20.281,1.05018,1.05023,4.95,1.88
2014.01.10 13:12:20.787,1.05018,1.05023,5.70,3.60
2014.01.10 13:12:21.320,1.05018,1.05023,5.70,2.48
2014.01.10 13:12:21.774,1.05018,1.05021,4.13,3.00
2014.01.10 13:12:21.825,1.05018,1.05021,1.88,3.15
2014.01.10 13:12:22.329,1.05018,1.05022,4.08,1.85
2014.01.10 13:12:22.834,1.05018,1.05021,1.58,3.60
2014.01.10 13:12:24.307,1.05018,1.05021,1.50,1.13
2014.01.10 13:12:24.408,1.05017,1.05019,1.28,1.00
2014.01.10 13:12:24.660,1.05019,1.05022,1.50,1.58
2014.01.10 13:12:25.164,1.05021,1.05023,1.00,1.18
2014.01.10 13:12:26.763,1.0502,1.05023,1.00,1.18
2014.01.10 13:12:27.299,1.05019,1.05024,1.00,3.83
2014.01.10 13:12:27.845,1.05019,1.05024,1.38,3.83
2014.01.10 13:12:31.052,1.05019,1.05024,1.38,3.83
2014.01.10 13:12:32.067,1.05021,1.05023,1.00,1.28
2014.01.10 13:12:32.334,1.05022,1.05024,1.00,1.10
2014.01.10 13:12:32.864,1.05021,1.05024,1.13,1.10
2014.01.10 13:12:33.118,1.05021,1.05022,1.00,1.00
2014.01.10 13:12:37.247,1.05019,1.05022,1.38,1.13
2014.01.10 13:12:40.070,1.05017,1.05023,1.58,3.83
2014.01.10 13:12:40.575,1.05019,1.05023,1.38,3.38
2014.01.10 13:12:41.990,1.0502,1.05022,1.00,1.18
2014.01.10 13:12:42.091,1.05018,1.05021,1.13,1.10
2014.01.10 13:12:46.800,1.05018,1.05021,1.20,1.00
2014.01.10 13:12:47.538,1.05016,1.05022,2.78,4.28
2014.01.10 13:12:47.588,1.05016,1.05021,1.18,2.33
2014.01.10 13:12:48.255,1.05017,1.05021,2.18,2.25
2014.01.10 13:12:48.407,1.05016,1.05021,1.18,1.95
2014.01.10 13:12:50.916,1.05016,1.05021,1.18,2.70
2014.01.10 13:12:51.281,1.05015,1.05021,3.30,4.95
2014.01.10 13:12:51.842,1.05015,1.05021,2.18,7.58
2014.01.10 13:12:51.943,1.05014,1.05016,2.25,2.63
2014.01.10 13:12:52.044,1.0501,1.05013,1.80,1.00
2014.01.10 13:12:52.451,1.05012,1.05013,1.00,1.00
2014.01.10 13:12:54.334,1.05009,1.05015,3.53,1.93
2014.01.10 13:12:54.789,1.05009,1.05013,1.00,3.83
2014.01.10 13:12:54.890,1.05007,1.05011,1.10,1.10
2014.01.10 13:12:56.228,1.05009,1.05011,1.00,1.10
2014.01.10 13:12:56.445,1.05007,1.05011,1.58,1.10
2014.01.10 13:12:58.291,1.05007,1.05013,1.20,4.58
2014.01.10 13:13:01.225,1.05007,1.05012,1.20,1.55
2014.01.10 13:13:04.232,1.05007,1.05012,1.20,1.55
2014.01.10 13:13:04.771,1.05008,1.05012,1.00,1.55
2014.01.10 13:13:05.825,1.05007,1.05012,1.95,1.55
2014.01.10 13:13:09.100,1.05007,1.05012,1.20,1.55
2014.01.10 13:13:11.620,1.05007,1.05013,4.20,1.58
2014.01.10 13:13:13.486,1.05009,1.05013,1.10,1.10
2014.01.10 13:13:13.840,1.0501,1.05016,2.03,4.50
2014.01.10 13:13:18.931,1.05011,1.05013,1.10,1.50
2014.01.10 13:13:19.463,1.0501,1.05013,1.13,1.58
2014.01.10 13:13:22.396,1.05009,1.05012,1.10,1.00
2014.01.10 13:13:22.916,1.0501,1.05013,1.00,1.10
2014.01.10 13:13:25.426,1.0501,1.05011,1.00,1.00
2014.01.10 13:13:25.972,1.05008,1.05013,1.18,1.85
2014.01.10 13:13:27.786,1.05009,1.05011,1.00,1.13
2014.01.10 13:13:27.938,1.05008,1.05011,1.00,1.58
2014.01.10 13:13:28.191,1.05007,1.05011,1.58,1.58
2014.01.10 13:13:29.620,1.05007,1.05011,1.13,3.45
2014.01.10 13:13:29.772,1.05008,1.05013,1.58,2.03
2014.01.10 13:13:30.284,1.05007,1.05012,1.95,5.63
2014.01.10 13:13:32.326,1.05005,1.05009,1.55,1.00
2014.01.10 13:13:32.787,1.05004,1.05009,1.20,1.55
2014.01.10 13:13:34.137,1.05004,1.0501,4.05,3.45
2014.01.10 13:13:34.440,1.05007,1.05013,2.40,3.15
2014.01.10 13:13:34.735,1.05009,1.05015,4.13,2.78
2014.01.10 13:13:35.239,1.05009,1.05015,4.13,2.78
2014.01.10 13:13:37.118,1.05009,1.05014,1.55,1.48
2014.01.10 13:13:37.298,1.05009,1.05011,1.00,2.50
2014.01.10 13:13:37.350,1.05005,1.0501,2.70,1.13
2014.01.10 13:13:37.899,1.05005,1.0501,1.48,1.28
2014.01.10 13:13:40.074,1.05005,1.0501,3.38,1.95
2014.01.10 13:13:47.693,1.05009,1.05013,1.00,5.70
2014.01.10 13:13:47.998,1.05011,1.05015,1.00,2.03
2014.01.10 13:13:48.503,1.05009,1.05013,1.18,1.88
2014.01.10 13:13:49.523,1.05008,1.05013,4.20,2.63
2014.01.10 13:13:49.624,1.05008,1.05011,1.10,1.00
2014.01.10 13:13:55.878,1.05007,1.05011,1.28,1.38
2014.01.10 13:13:57.001,1.05009,1.05011,1.00,1.00
2014.01.10 13:13:57.052,1.0501,1.05013,1.13,1.28
2014.01.10 13:13:57.821,1.05006,1.05011,10.20,1.38
2014.01.10 13:13:57.872,1.05006,1.05011,3.38,1.48
2014.01.10 13:13:58.385,1.05006,1.05011,1.48,1.55
2014.01.10 13:13:59.206,1.05009,1.05011,1.00,1.18
2014.01.10 13:13:59.748,1.05009,1.05011,1.00,1.00
2014.01.10 13:14:00.586,1.0501,1.05014,1.00,2.70
2014.01.10 13:14:00.895,1.0501,1.05014,1.38,2.25
2014.01.10 13:14:01.555,1.0501,1.05014,1.00,2.33
2014.01.10 13:14:01.656,1.0501,1.05014,1.88,2.25
2014.01.10 13:14:01.858,1.0501,1.05015,1.95,2.78
2014.01.10 13:14:11.455,1.05011,1.05015,1.55,1.88
2014.01.10 13:14:15.522,1.05013,1.05016,1.00,1.48
2014.01.10 13:14:16.033,1.05013,1.05016,1.00,3.45
2014.01.10 13:14:17.796,1.05012,1.05016,1.13,3.45
2014.01.10 13:14:18.610,1.05013,1.05016,1.00,3.45
2014.01.10 13:14:21.364,1.05014,1.05016,1.00,4.13
2014.01.10 13:14:23.634,1.05013,1.05016,1.00,4.20
2014.01.10 13:14:28.155,1.05011,1.05016,1.38,6.45
2014.01.10 13:14:36.770,1.05011,1.05016,1.48,4.28
2014.01.10 13:14:42.629,1.05013,1.05015,1.00,1.20
2014.01.10 13:14:43.154,1.05012,1.05015,1.13,1.20
2014.01.10 13:14:43.855,1.05011,1.05015,1.48,1.10
2014.01.10 13:14:45.307,1.05011,1.05015,1.48,1.20
2014.01.10 13:14:49.464,1.0501,1.05015,1.65,4.95
2014.01.10 13:15:00.761,1.0501,1.05014,1.00,3.53
2014.01.10 13:15:01.063,1.05009,1.05013,1.58,4.20
2014.01.10 13:15:01.371,1.05008,1.05013,1.55,1.95
2014.01.10 13:15:01.898,1.05009,1.05013,1.10,1.48
2014.01.10 13:15:02.285,1.0501,1.05013,1.00,1.10
2014.01.10 13:15:02.336,1.05011,1.05014,1.00,5.03
2014.01.10 13:15:03.114,1.05011,1.05015,1.18,1.48
2014.01.10 13:15:03.301,1.05011,1.05015,3.45,1.13
2014.01.10 13:15:05.213,1.05011,1.05014,3.38,2.10
2014.01.10 13:15:05.264,1.05011,1.05014,3.00,3.60
2014.01.10 13:15:05.315,1.05009,1.05014,3.00,5.48
2014.01.10 13:15:05.568,1.0501,1.05014,1.13,5.78
2014.01.10 13:15:05.669,1.0501,1.05016,2.78,10.13
2014.01.10 13:15:05.972,1.05015,1.05017,1.18,1.13
2014.01.10 13:15:06.073,1.05013,1.05017,1.28,1.38
2014.01.10 13:15:06.354,1.05011,1.05016,3.53,1.48
2014.01.10 13:15:09.058,1.05013,1.05017,1.00,2.03
2014.01.10 13:15:10.038,1.05011,1.05016,1.55,3.45
2014.01.10 13:15:16.218,1.05014,1.05016,2.13,1.10
2014.01.10 13:15:16.319,1.05016,1.05018,1.13,1.10
2014.01.10 13:15:16.773,1.05018,1.05021,1.00,2.25
2014.01.10 13:15:16.824,1.05018,1.05023,1.10,1.10
2014.01.10 13:15:17.126,1.05017,1.05023,4.88,1.20
2014.01.10 13:15:17.892,1.0502,1.05024,1.38,1.18
2014.01.10 13:15:19.734,1.05018,1.05023,1.58,1.95
2014.01.10 13:15:20.187,1.05019,1.05023,1.38,1.10
2014.01.10 13:15:20.641,1.05018,1.05023,2.70,1.20
2014.01.10 13:15:24.021,1.05018,1.05022,1.95,1.00
2014.01.10 13:15:25.098,1.05018,1.05022,1.20,1.38
2014.01.10 13:15:25.199,1.05016,1.05021,1.10,1.55
2014.01.10 13:15:25.503,1.05016,1.0502,1.80,1.95
2014.01.10 13:15:26.411,1.05016,1.05019,2.55,1.00
2014.01.10 13:15:26.965,1.05019,1.05022,1.00,2.70
2014.01.10 13:15:27.475,1.05019,1.05023,1.00,1.55
2014.01.10 13:15:27.994,1.05018,1.05022,1.20,1.48
2014.01.10 13:15:28.498,1.05019,1.05024,1.00,3.45
2014.01.10 13:15:29.481,1.05021,1.05024,1.00,3.45
2014.01.10 13:15:29.985,1.0502,1.05024,1.58,1.48
2014.01.10 13:15:30.943,1.05019,1.05024,1.00,4.20
2014.01.10 13:15:31.245,1.05015,1.05018,1.10,1.38
2014.01.10 13:15:32.484,1.05017,1.05018,1.35,1.13
2014.01.10 13:15:32.736,1.05017,1.05022,1.20,2.03
2014.01.10 13:15:33.254,1.05017,1.05022,1.10,2.03
2014.01.10 13:15:33.917,1.05017,1.05021,1.10,1.95
2014.01.10 13:15:38.585,1.05019,1.05022,1.13,1.18
2014.01.10 13:15:38.635,1.05019,1.05022,2.33,1.20
2014.01.10 13:15:39.089,1.05019,1.05022,4.50,1.00
2014.01.10 13:15:39.292,1.05019,1.05022,1.10,1.00
2014.01.10 13:15:39.822,1.05017,1.0502,3.83,1.00
2014.01.10 13:15:40.481,1.05017,1.05021,4.20,1.13
2014.01.10 13:15:41.684,1.05017,1.05022,4.20,1.88
2014.01.10 13:15:43.193,1.05017,1.05022,4.20,1.50
2014.01.10 13:15:43.737,1.05017,1.05021,3.45,2.25
2014.01.10 13:15:44.383,1.05017,1.05022,4.20,1.00
2014.01.10 13:15:45.993,1.05017,1.05021,4.20,1.00
2014.01.10 13:15:46.447,1.05019,1.05023,1.95,1.20
2014.01.10 13:15:46.499,1.05019,1.05024,1.95,1.58
2014.01.10 13:15:47.063,1.05019,1.05023,3.45,1.13
2014.01.10 13:15:47.591,1.05019,1.05023,1.48,2.70
2014.01.10 13:15:50.167,1.05018,1.05022,1.55,1.00
2014.01.10 13:15:52.383,1.05018,1.05023,1.55,1.95
2014.01.10 13:15:52.485,1.05022,1.05023,1.00,1.10
2014.01.10 13:15:52.586,1.05022,1.05025,1.38,1.10
2014.01.10 13:15:53.473,1.05022,1.05025,1.13,1.20
2014.01.10 13:15:54.250,1.05019,1.05024,4.20,1.38
2014.01.10 13:15:55.568,1.05019,1.05021,1.10,2.50
2014.01.10 13:15:56.111,1.05019,1.05023,1.38,3.45
2014.01.10 13:15:58.096,1.05019,1.05023,1.00,3.45
2014.01.10 13:16:00.309,1.05019,1.05023,1.10,1.20
2014.01.10 13:16:00.841,1.05019,1.05023,1.48,1.20
2014.01.10 13:16:01.759,1.05019,1.05023,1.10,1.20
2014.01.10 13:16:01.961,1.05019,1.05022,1.00,3.08
2014.01.10 13:16:02.163,1.05017,1.05022,1.13,3.08
2014.01.10 13:16:02.668,1.05014,1.05017,4.20,1.00
2014.01.10 13:16:03.538,1.05017,1.0502,2.48,1.95
2014.01.10 13:16:03.588,1.05018,1.0502,1.00,1.10
2014.01.10 13:16:03.891,1.05019,1.05022,1.00,1.95
2014.01.10 13:16:04.397,1.05019,1.05022,1.38,1.10
2014.01.10 13:16:05.186,1.05019,1.05022,1.00,1.48
2014.01.10 13:16:05.350,1.05016,1.05019,2.63,1.00
2014.01.10 13:16:05.401,1.05015,1.05019,1.55,1.00
2014.01.10 13:16:05.928,1.05015,1.0502,1.28,1.48
2014.01.10 13:16:06.130,1.05017,1.05021,1.18,1.00
2014.01.10 13:16:06.237,1.05017,1.05021,1.28,1.00
2014.01.10 13:16:07.004,1.05016,1.05019,2.33,2.25
2014.01.10 13:16:07.257,1.05012,1.05016,1.13,1.55
2014.01.10 13:16:07.307,1.05012,1.05017,1.38,4.20
2014.01.10 13:16:07.560,1.05017,1.05021,1.13,3.08
2014.01.10 13:16:07.661,1.05017,1.05022,1.28,1.10
2014.01.10 13:16:17.161,1.05017,1.05022,1.65,1.48
2014.01.10 13:16:17.364,1.05016,1.05019,3.75,1.00
2014.01.10 13:16:17.566,1.05016,1.05018,1.10,1.88
2014.01.10 13:16:18.467,1.05014,1.05017,3.08,1.00
2014.01.10 13:16:18.972,1.05014,1.05017,1.20,1.13
2014.01.10 13:16:20.352,1.05014,1.05017,3.38,1.00
2014.01.10 13:16:22.458,1.05015,1.05018,2.03,1.88
2014.01.10 13:16:24.038,1.05015,1.05017,1.28,1.00
2014.01.10 13:16:24.240,1.05013,1.05017,2.03,1.13
2014.01.10 13:16:25.295,1.05013,1.05017,1.28,1.38
2014.01.10 13:16:25.547,1.05012,1.05015,2.55,3.30
2014.01.10 13:16:25.649,1.05007,1.05012,3.75,1.43
2014.01.10 13:16:25.850,1.05006,1.05011,3.15,1.95
2014.01.10 13:16:26.367,1.05006,1.0501,2.25,1.55
2014.01.10 13:16:29.869,1.05007,1.05011,1.00,3.45
2014.01.10 13:16:30.021,1.05008,1.05013,2.78,1.48
2014.01.10 13:16:30.223,1.05011,1.05013,1.50,1.48
2014.01.10 13:16:30.728,1.05011,1.05015,1.50,2.70
2014.01.10 13:16:31.232,1.05009,1.05014,1.58,2.63
2014.01.10 13:16:32.185,1.05008,1.05011,1.00,1.48
2014.01.10 13:16:32.723,1.05006,1.05011,3.15,1.48
2014.01.10 13:16:33.871,1.05006,1.05011,3.15,1.48
2014.01.10 13:16:34.174,1.05006,1.05011,3.15,1.48
2014.01.10 13:16:34.477,1.05007,1.05011,2.63,1.00
2014.01.10 13:16:35.000,1.05007,1.05011,2.70,1.38
2014.01.10 13:16:35.529,1.05007,1.05011,2.70,1.50
2014.01.10 13:16:35.580,1.05006,1.05011,1.48,2.03
2014.01.10 13:16:36.205,1.05007,1.05011,1.28,1.38
2014.01.10 13:16:40.640,1.05007,1.05011,1.28,1.00
2014.01.10 13:16:41.673,1.05009,1.05012,1.00,1.20
2014.01.10 13:16:42.027,1.05008,1.05012,1.38,3.38
2014.01.10 13:16:42.551,1.05007,1.05012,2.63,3.45
2014.01.10 13:16:45.192,1.05008,1.05013,1.28,2.70
2014.01.10 13:16:45.948,1.05008,1.05011,1.28,1.00
2014.01.10 13:16:46.458,1.05007,1.05011,2.70,1.10
2014.01.10 13:16:51.616,1.05007,1.05013,5.70,2.70
2014.01.10 13:16:52.620,1.05011,1.05013,1.00,1.58
2014.01.10 13:16:52.823,1.0501,1.05015,1.95,1.55
2014.01.10 13:16:53.327,1.05009,1.05014,1.28,2.55
2014.01.10 13:16:55.826,1.0501,1.05015,1.20,1.55
2014.01.10 13:17:02.258,1.05009,1.05012,1.95,1.00
2014.01.10 13:17:02.784,1.05009,1.05012,1.50,1.10
2014.01.10 13:17:03.781,1.05011,1.05012,1.00,1.10
2014.01.10 13:17:03.997,1.05007,1.05013,6.53,1.55
2014.01.10 13:17:04.102,1.05011,1.05012,1.00,1.10
2014.01.10 13:17:04.354,1.05007,1.05012,2.70,1.28
2014.01.10 13:17:04.455,1.0501,1.05013,4.50,2.18
2014.01.10 13:17:04.556,1.05007,1.05011,4.95,1.00
2014.01.10 13:17:04.708,1.05009,1.05013,1.48,1.20
2014.01.10 13:17:05.527,1.05008,1.05014,1.28,3.38
2014.01.10 13:17:06.087,1.05007,1.05013,5.70,1.48
2014.01.10 13:17:06.680,1.05007,1.05012,2.70,1.28
2014.01.10 13:17:07.735,1.05009,1.05014,1.65,1.48
2014.01.10 13:17:07.837,1.05008,1.05012,1.95,1.10
2014.01.10 13:17:08.089,1.05009,1.05014,1.18,1.48
2014.01.10 13:17:08.604,1.05008,1.05013,2.70,1.13
2014.01.10 13:17:09.330,1.05008,1.05013,2.70,1.38
2014.01.10 13:17:12.508,1.05008,1.05013,1.28,1.45
2014.01.10 13:17:13.055,1.05007,1.05013,2.78,1.55
2014.01.10 13:17:16.802,1.05008,1.05013,1.48,1.55
2014.01.10 13:17:18.143,1.05008,1.05013,1.95,1.55
2014.01.10 13:17:18.295,1.05005,1.05009,3.08,1.10
2014.01.10 13:17:18.346,1.05005,1.05009,1.10,1.58
2014.01.10 13:17:18.396,1.05,1.05009,1.10,1.95
2014.01.10 13:17:18.548,1.05005,1.0501,1.80,2.03
2014.01.10 13:17:19.824,1.05007,1.0501,1.20,1.10
2014.01.10 13:17:20.373,1.05006,1.0501,1.28,1.38
2014.01.10 13:17:21.515,1.05006,1.05009,1.18,1.38
2014.01.10 13:17:23.091,1.05004,1.05009,2.70,1.95
2014.01.10 13:17:23.640,1.05003,1.05009,4.20,1.95
2014.01.10 13:17:24.149,1.05006,1.05009,1.00,1.48
2014.01.10 13:17:25.146,1.05005,1.05009,1.20,1.48
2014.01.10 13:17:33.972,1.05005,1.05011,1.95,4.20
2014.01.10 13:17:39.350,1.05006,1.05009,1.13,1.95
2014.01.10 13:17:39.866,1.05004,1.05009,2.03,1.95
2014.01.10 13:17:40.229,1.05006,1.05011,1.88,4.20
2014.01.10 13:17:40.742,1.05006,1.05011,1.88,5.23
2014.01.10 13:17:41.766,1.05006,1.05011,1.88,5.23
2014.01.10 13:17:42.070,1.05002,1.05004,1.50,4.88
2014.01.10 13:17:42.221,1.04998,1.05004,1.28,5.25
2014.01.10 13:17:42.731,1.04998,1.05002,1.55,1.13
2014.01.10 13:17:44.557,1.04997,1.05002,4.20,1.00
2014.01.10 13:17:44.810,1.04997,1.05002,4.20,1.13
2014.01.10 13:17:45.214,1.04997,1.05002,1.95,2.78
2014.01.10 13:17:45.920,1.04997,1.05003,2.70,3.45
2014.01.10 13:17:46.223,1.04997,1.05002,4.20,1.00
2014.01.10 13:17:46.727,1.04998,1.05002,1.55,1.88
2014.01.10 13:17:47.232,1.05,1.05004,1.38,1.18
2014.01.10 13:17:47.383,1.05001,1.05005,1.48,1.20
2014.01.10 13:17:48.634,1.05,1.05005,2.03,1.10
2014.01.10 13:17:49.294,1.05,1.05005,2.03,1.48
2014.01.10 13:17:52.402,1.05,1.05006,2.03,2.63
2014.01.10 13:17:52.849,1.05,1.05006,2.03,2.25
2014.01.10 13:17:53.775,1.05004,1.05007,2.55,4.05
2014.01.10 13:17:53.877,1.05005,1.0501,5.18,1.10
2014.01.10 13:17:53.978,1.05008,1.05011,1.48,1.00
2014.01.10 13:17:54.703,1.05008,1.05012,1.48,1.20
2014.01.10 13:17:55.619,1.05006,1.05012,4.20,3.70
2014.01.10 13:17:56.139,1.05006,1.05012,3.45,4.96
2014.01.10 13:17:57.473,1.05006,1.05012,3.45,4.96
2014.01.10 13:17:57.981,1.05006,1.05009,2.70,1.00
2014.01.10 13:17:58.283,1.05003,1.05009,2.03,2.03
2014.01.10 13:17:58.806,1.05004,1.05009,4.95,1.00
2014.01.10 13:17:59.313,1.05004,1.05009,2.70,2.48
2014.01.10 13:18:04.373,1.05004,1.05009,2.70,2.48
2014.01.10 13:18:05.247,1.05002,1.05009,6.08,4.41
2014.01.10 13:18:06.975,1.05002,1.05006,3.08,1.00
2014.01.10 13:18:07.026,1.05002,1.05004,2.93,1.10
2014.01.10 13:18:07.127,1.04998,1.05004,3.15,1.55
2014.01.10 13:18:09.268,1.04999,1.05005,3.38,2.78
2014.01.10 13:18:13.336,1.04999,1.05005,3.45,2.70
2014.01.10 13:18:17.564,1.04999,1.05005,3.45,2.70
2014.01.10 13:18:17.817,1.05001,1.05006,1.58,3.00
2014.01.10 13:18:19.044,1.05003,1.05007,1.95,1.20
2014.01.10 13:18:20.319,1.05003,1.05009,3.45,4.20
2014.01.10 13:18:25.049,1.05003,1.05009,3.45,3.45
2014.01.10 13:18:25.150,1.05004,1.0501,2.03,4.13
2014.01.10 13:18:25.503,1.05004,1.05007,1.18,3.38
2014.01.10 13:18:25.554,1.04998,1.05005,3.08,4.51
2014.01.10 13:18:25.605,1.04999,1.05005,1.38,11.25
2014.01.10 13:18:25.921,1.05,1.05006,3.15,4.13
2014.01.10 13:18:26.564,1.05,1.05006,3.15,4.88
2014.01.10 13:18:27.095,1.04999,1.05005,3.45,6.30
2014.01.10 13:18:27.838,1.04999,1.05002,2.25,1.88
2014.01.10 13:18:27.990,1.04997,1.05002,3.45,3.38
2014.01.10 13:18:28.522,1.04997,1.05002,3.45,4.13
2014.01.10 13:18:28.824,1.04998,1.05004,1.55,6.75
2014.01.10 13:18:29.127,1.05001,1.05005,3.08,1.00
2014.01.10 13:18:29.343,1.05001,1.05006,3.08,1.50
2014.01.10 13:18:30.649,1.05005,1.05008,1.00,1.55
2014.01.10 13:18:31.153,1.05003,1.05007,2.33,2.95
2014.01.10 13:18:31.607,1.04999,1.05004,6.08,4.06
2014.01.10 13:18:31.657,1.04999,1.05003,1.58,4.21
2014.01.10 13:18:32.010,1.05,1.05004,1.38,2.03
2014.01.10 13:18:32.718,1.05002,1.05005,1.00,2.33
2014.01.10 13:18:32.870,1.05003,1.05007,1.10,1.10
2014.01.10 13:18:38.835,1.05002,1.05006,2.03,1.00
2014.01.10 13:18:39.088,1.05003,1.05006,3.83,1.00
2014.01.10 13:18:40.771,1.05003,1.05007,3.83,1.00
2014.01.10 13:18:41.318,1.05003,1.05007,1.58,1.20
2014.01.10 13:18:41.862,1.05004,1.05007,1.38,1.10
2014.01.10 13:18:43.133,1.05004,1.05007,1.13,1.20
2014.01.10 13:18:43.716,1.05004,1.05007,1.38,1.10
2014.01.10 13:18:44.243,1.05004,1.05008,1.93,1.50
2014.01.10 13:18:45.174,1.05006,1.05008,1.08,1.50
2014.01.10 13:18:45.682,1.05005,1.05009,3.83,1.88
2014.01.10 13:18:48.881,1.05005,1.05009,3.00,3.98
2014.01.10 13:18:49.397,1.05006,1.0501,1.18,1.88
2014.01.10 13:18:51.155,1.05006,1.0501,1.10,1.95
2014.01.10 13:18:53.223,1.05004,1.0501,1.65,2.78
2014.01.10 13:18:54.992,1.05004,1.05009,1.20,1.95
2014.01.10 13:19:05.425,1.05004,1.05009,1.55,6.45
2014.01.10 13:19:05.527,1.05004,1.05009,2.03,1.48
2014.01.10 13:19:06.054,1.05004,1.05009,1.18,4.05
2014.01.10 13:19:06.536,1.05004,1.05009,3.83,1.10
2014.01.10 13:19:06.586,1.05004,1.05009,4.20,1.48
2014.01.10 13:19:07.102,1.05005,1.05009,2.33,1.00
2014.01.10 13:19:08.337,1.05005,1.05009,1.10,4.05
2014.01.10 13:19:08.853,1.05004,1.05009,2.03,3.30
2014.01.10 13:19:09.669,1.05004,1.05009,1.65,3.30
2014.01.10 13:19:11.622,1.05003,1.05007,1.95,1.48
2014.01.10 13:19:13.147,1.05004,1.05007,1.00,1.48
2014.01.10 13:19:13.400,1.05005,1.0501,1.18,1.95
2014.01.10 13:19:14.270,1.05005,1.0501,3.08,2.10
2014.01.10 13:19:15.291,1.05007,1.05012,1.65,2.33
2014.01.10 13:19:15.342,1.05007,1.0501,3.83,1.00
2014.01.10 13:19:15.846,1.05007,1.05012,2.25,1.88
2014.01.10 13:19:18.750,1.05007,1.0501,2.33,2.10
2014.01.10 13:19:18.851,1.05005,1.0501,3.08,2.85
2014.01.10 13:19:22.277,1.05005,1.0501,2.70,3.23
2014.01.10 13:19:25.764,1.05005,1.0501,2.78,1.45
2014.01.10 13:19:29.223,1.05007,1.0501,1.00,1.55
2014.01.10 13:19:33.874,1.05006,1.0501,1.13,2.03
2014.01.10 13:19:37.701,1.05006,1.05009,1.50,1.48
2014.01.10 13:19:37.808,1.05006,1.05009,1.88,3.30
2014.01.10 13:19:38.311,1.05007,1.05011,1.00,4.95
2014.01.10 13:19:42.853,1.05002,1.05009,1.50,7.73
2014.01.10 13:19:42.972,1.04994,1.05005,2.48,12.70
2014.01.10 13:19:43.024,1.04996,1.05,1.00,9.94
2014.01.10 13:19:43.326,1.04985,1.04993,1.18,2.73
2014.01.10 13:19:43.529,1.04987,1.04993,6.75,4.06
2014.01.10 13:19:44.104,1.0499,1.04993,1.00,3.30
2014.01.10 13:19:44.155,1.0499,1.04993,1.00,3.30
2014.01.10 13:19:44.660,1.0499,1.04993,1.55,2.10
2014.01.10 13:19:44.962,1.04992,1.04995,1.00,2.55
2014.01.10 13:19:45.064,1.04993,1.04999,5.70,3.08
2014.01.10 13:19:45.265,1.04997,1.05001,1.20,2.70
2014.01.10 13:19:45.518,1.04997,1.05001,1.48,1.58
2014.01.10 13:19:46.135,1.04997,1.05002,1.48,3.38
2014.01.10 13:19:46.495,1.04999,1.05003,1.20,3.30
2014.01.10 13:19:46.995,1.05002,1.05006,1.00,6.68
2014.01.10 13:19:47.048,1.05002,1.05006,1.00,7.05
2014.01.10 13:19:47.588,1.05002,1.05006,1.10,5.56
2014.01.10 13:19:47.796,1.05002,1.05006,1.48,5.43
2014.01.10 13:19:48.308,1.05004,1.05006,1.00,2.55
2014.01.10 13:19:48.561,1.05009,1.05013,1.28,2.13
2014.01.10 13:19:49.065,1.05009,1.05013,1.13,1.20
2014.01.10 13:19:51.707,1.05009,1.05013,1.38,1.10
2014.01.10 13:19:52.228,1.05009,1.05013,1.13,1.20
2014.01.10 13:19:53.148,1.0501,1.05013,1.00,1.20
2014.01.10 13:19:54.742,1.0501,1.05013,1.48,1.00
2014.01.10 13:19:55.257,1.0501,1.05013,1.10,1.13
2014.01.10 13:19:58.762,1.05006,1.05012,1.50,5.48
2014.01.10 13:19:58.913,1.05,1.05007,2.25,6.23
2014.01.10 13:19:59.417,1.05,1.05004,1.00,4.21
2014.01.10 13:19:59.770,1.05002,1.05004,2.10,1.10
2014.01.10 13:19:59.922,1.05003,1.05006,1.80,2.18
2014.01.10 13:19:59.973,1.05003,1.05009,3.38,5.78
2014.01.10 13:20:00.175,1.05003,1.05008,1.18,3.83
2014.01.10 13:20:00.477,1.05,1.05007,3.08,4.65
2014.01.10 13:20:08.565,1.05,1.05006,2.63,4.83
2014.01.10 13:20:08.868,1.04999,1.05006,4.88,7.11
2014.01.10 13:20:09.376,1.05001,1.05006,1.13,4.86
2014.01.10 13:20:09.478,1.05002,1.05006,1.38,4.10
2014.01.10 13:20:12.753,1.05,1.05004,2.93,5.11
2014.01.10 13:20:12.855,1.05,1.05004,2.25,2.35
2014.01.10 13:20:13.007,1.04997,1.05004,3.45,4.88
2014.01.10 13:20:13.533,1.04997,1.05004,3.45,4.13
2014.01.10 13:20:14.037,1.04999,1.05004,4.80,1.10
2014.01.10 13:20:14.968,1.04999,1.05004,1.48,3.16
2014.01.10 13:20:15.322,1.04997,1.05002,1.20,4.18
2014.01.10 13:20:16.128,1.04999,1.05002,1.38,4.18
2014.01.10 13:20:16.301,1.04999,1.05003,3.38,1.00
2014.01.10 13:20:18.648,1.05002,1.05005,1.00,1.28
2014.01.10 13:20:19.001,1.05001,1.05005,1.00,1.00
2014.01.10 13:20:19.102,1.05003,1.05005,1.13,1.55
2014.01.10 13:20:23.309,1.05002,1.05005,1.38,1.10
2014.01.10 13:20:23.765,1.05,1.05004,1.05,4.20
2014.01.10 13:20:23.815,1.04999,1.05003,1.18,3.75
2014.01.10 13:20:23.917,1.05001,1.05003,1.00,1.00
2014.01.10 13:20:24.220,1.04998,1.05002,2.33,3.38
2014.01.10 13:20:24.321,1.04998,1.05002,3.38,1.88
2014.01.10 13:20:24.523,1.04997,1.05002,1.18,3.83
2014.01.10 13:20:25.027,1.04996,1.05002,3.75,4.83
2014.01.10 13:20:25.741,1.04996,1.05002,7.13,3.08
2014.01.10 13:20:25.843,1.04999,1.05002,1.28,2.25
2014.01.10 13:20:26.196,1.04997,1.05002,3.45,1.50
2014.01.10 13:20:28.840,1.04997,1.05002,2.25,3.75
2014.01.10 13:20:31.268,1.04996,1.05002,1.28,4.91
2014.01.10 13:20:32.079,1.04996,1.05001,1.28,4.06
2014.01.10 13:20:32.231,1.04995,1.04999,1.20,4.81
2014.01.10 13:20:32.806,1.04994,1.04998,1.55,4.23
2014.01.10 13:20:33.008,1.04994,1.04998,1.55,2.48
2014.01.10 13:20:34.395,1.04995,1.04999,3.45,1.38
2014.01.10 13:20:34.910,1.04997,1.05001,1.48,1.58
2014.01.10 13:20:35.692,1.04997,1.05001,1.48,1.10
2014.01.10 13:20:36.231,1.04997,1.05001,1.48,1.10
2014.01.10 13:20:36.738,1.04999,1.05004,2.03,1.85
2014.01.10 13:20:37.201,1.04999,1.05005,5.33,3.30
2014.01.10 13:20:37.504,1.04997,1.05004,3.83,4.51
2014.01.10 13:20:37.806,1.05,1.05005,2.70,1.35
2014.01.10 13:20:38.606,1.05001,1.05005,1.55,1.35
2014.01.10 13:20:38.657,1.05003,1.05006,2.70,1.00
2014.01.10 13:20:39.169,1.05003,1.05008,1.55,3.23
2014.01.10 13:20:39.832,1.05005,1.05008,1.13,2.10
2014.01.10 13:20:39.933,1.05004,1.05009,3.45,2.10
2014.01.10 13:20:40.084,1.05005,1.05009,2.18,3.60
2014.01.10 13:20:40.135,1.05002,1.05009,6.45,2.85
2014.01.10 13:20:40.488,1.05005,1.05009,1.58,1.13
2014.01.10 13:20:41.007,1.05005,1.05009,3.83,1.13
2014.01.10 13:20:41.634,1.05005,1.05009,3.08,3.23
2014.01.10 13:20:41.786,1.05004,1.05009,1.65,3.23
2014.01.10 13:20:43.639,1.05004,1.05009,1.93,3.30
2014.01.10 13:20:48.593,1.05004,1.05009,1.65,8.55
2014.01.10 13:20:49.097,1.05004,1.05009,1.65,3.30
2014.01.10 13:20:52.178,1.05003,1.05008,3.08,3.98
2014.01.10 13:20:52.332,1.05003,1.05007,2.63,9.23
2014.01.10 13:20:52.383,1.05001,1.05006,3.08,3.98
2014.01.10 13:20:52.991,1.05002,1.05005,1.18,3.48
2014.01.10 13:20:53.554,1.05001,1.05005,1.48,4.23
2014.01.10 13:20:54.166,1.05001,1.05005,1.48,3.98
2014.01.10 13:20:54.469,1.04998,1.05003,1.65,4.23
2014.01.10 13:20:54.992,1.04997,1.05002,4.20,4.35
2014.01.10 13:20:55.044,1.04997,1.05002,4.58,4.73
2014.01.10 13:20:56.886,1.04998,1.05002,1.10,5.18
2014.01.10 13:20:58.722,1.04997,1.05002,2.25,9.60
2014.01.10 13:21:00.219,1.04997,1.05002,1.75,9.53
2014.01.10 13:21:01.030,1.04998,1.05002,1.00,9.60
2014.01.10 13:21:01.799,1.04996,1.05002,2.25,9.53
2014.01.10 13:21:02.470,1.04996,1.05002,2.40,5.26
2014.01.10 13:21:03.068,1.04996,1.05002,2.40,5.25
2014.01.10 13:21:03.573,1.04996,1.05002,2.40,5.25
2014.01.10 13:21:04.292,1.04996,1.05002,1.65,6.00
2014.01.10 13:21:04.810,1.04996,1.05001,1.28,2.96
2014.01.10 13:21:07.960,1.04995,1.04999,2.70,2.88
2014.01.10 13:21:08.212,1.04994,1.04999,2.78,3.33
2014.01.10 13:21:08.728,1.04994,1.04999,2.78,1.95
2014.01.10 13:21:11.994,1.04996,1.04999,1.20,1.13
2014.01.10 13:21:29.876,1.04996,1.05001,2.78,2.55
2014.01.10 13:21:30.640,1.04998,1.05001,1.00,2.55
2014.01.10 13:21:33.519,1.04997,1.05001,1.58,2.55
2014.01.10 13:21:38.219,1.04997,1.05001,1.13,2.63
2014.01.10 13:21:38.741,1.04997,1.05001,1.38,3.38
2014.01.10 13:21:44.379,1.04997,1.05002,1.95,1.65
2014.01.10 13:21:57.734,1.04997,1.05002,1.95,4.58
2014.01.10 13:21:58.362,1.04997,1.05002,1.88,6.75
2014.01.10 13:22:01.266,1.04998,1.05002,1.13,2.40
2014.01.10 13:22:09.254,1.04998,1.05002,1.00,3.66
2014.01.10 13:22:13.319,1.04998,1.05002,1.00,4.88
2014.01.10 13:22:13.921,1.04998,1.05002,1.00,4.88
2014.01.10 13:22:18.688,1.04998,1.05002,1.88,1.18
2014.01.10 13:22:18.991,1.05002,1.05003,1.50,2.18
2014.01.10 13:22:19.042,1.05002,1.05004,1.00,1.18
2014.01.10 13:22:20.032,1.04998,1.05003,1.88,5.08
2014.01.10 13:22:20.762,1.04998,1.05003,1.00,7.06
2014.01.10 13:22:21.014,1.04996,1.05002,1.00,6.76
2014.01.10 13:22:21.065,1.04998,1.05002,1.00,5.26
2014.01.10 13:22:21.367,1.04998,1.05002,1.38,1.18
2014.01.10 13:22:23.537,1.04999,1.05002,1.38,1.10
2014.01.10 13:22:25.987,1.04999,1.05002,1.38,1.18
2014.01.10 13:22:28.860,1.04999,1.05002,1.48,1.00
2014.01.10 13:22:29.410,1.04999,1.05003,1.48,2.93
2014.01.10 13:22:31.088,1.04999,1.05003,1.48,2.93
2014.01.10 13:22:32.362,1.05002,1.05004,2.13,1.10
2014.01.10 13:22:32.463,1.05003,1.05006,1.10,1.38
2014.01.10 13:22:34.639,1.05004,1.05006,1.00,1.00
2014.01.10 13:22:35.188,1.05004,1.05006,1.00,1.38
2014.01.10 13:22:38.979,1.05004,1.05008,1.18,4.35
2014.01.10 13:22:42.154,1.05002,1.05007,1.55,5.93
2014.01.10 13:22:42.669,1.05002,1.05007,1.18,5.93
2014.01.10 13:22:42.929,1.05004,1.05007,1.13,2.80
2014.01.10 13:22:45.269,1.05005,1.05007,1.00,2.80
2014.01.10 13:22:45.994,1.05005,1.05007,1.38,1.35
2014.01.10 13:22:46.408,1.05004,1.05006,1.58,1.13
2014.01.10 13:22:46.829,1.04988,1.05005,1.10,4.75
2014.01.10 13:22:46.930,1.04988,1.04993,6.15,4.43
2014.01.10 13:22:47.199,1.04994,1.04998,4.38,1.48
2014.01.10 13:22:47.301,1.04995,1.04999,1.48,2.33
2014.01.10 13:22:47.504,1.04997,1.05001,1.08,3.38
2014.01.10 13:22:48.026,1.04997,1.05001,2.18,2.48
2014.01.10 13:22:48.077,1.04996,1.05001,1.28,2.55
2014.01.10 13:22:49.819,1.04997,1.05001,1.10,2.55
2014.01.10 13:22:50.998,1.04995,1.05001,2.70,1.75
2014.01.10 13:22:51.049,1.04995,1.04997,1.50,2.10
2014.01.10 13:22:51.100,1.04991,1.04997,1.50,5.75
2014.01.10 13:22:51.251,1.04991,1.04995,1.08,1.00
2014.01.10 13:22:51.352,1.04992,1.04996,1.10,5.18
2014.01.10 13:22:51.859,1.04991,1.04996,2.40,3.30
2014.01.10 13:22:52.366,1.04991,1.04996,2.40,3.30
2014.01.10 13:22:52.619,1.04993,1.04996,1.00,1.10
2014.01.10 13:22:52.670,1.04994,1.04997,1.10,1.20
2014.01.10 13:22:52.771,1.04994,1.04997,4.50,1.00
2014.01.10 13:22:52.822,1.04995,1.05,1.20,3.00
2014.01.10 13:22:52.872,1.04996,1.05,3.38,1.73
2014.01.10 13:22:53.327,1.04999,1.05002,1.00,1.20
2014.01.10 13:22:54.205,1.04999,1.05002,1.38,1.10
2014.01.10 13:22:54.394,1.04999,1.05002,1.13,1.20
2014.01.10 13:22:55.739,1.04995,1.04998,3.75,3.38
2014.01.10 13:22:56.253,1.04993,1.04996,1.65,1.38
2014.01.10 13:22:56.784,1.04993,1.04996,2.03,1.13
2014.01.10 13:22:57.090,1.04996,1.04999,1.10,1.38
2014.01.10 13:22:57.292,1.04996,1.04999,1.48,1.00
2014.01.10 13:22:57.494,1.04996,1.05,1.95,1.10
2014.01.10 13:22:57.595,1.04997,1.05001,1.55,1.00
2014.01.10 13:23:00.729,1.04997,1.04999,1.18,1.13
2014.01.10 13:23:02.498,1.04997,1.05001,1.55,1.00
2014.01.10 13:23:03.039,1.04998,1.05001,4.20,1.00
2014.01.10 13:23:03.090,1.04999,1.05004,1.28,1.95
2014.01.10 13:23:03.243,1.05002,1.05004,1.00,1.10
2014.01.10 13:23:03.748,1.05001,1.05005,1.45,1.10
2014.01.10 13:23:04.252,1.05002,1.05005,1.38,1.18
2014.01.10 13:23:04.353,1.04994,1.04998,2.70,1.10
2014.01.10 13:23:04.454,1.04996,1.04999,1.38,1.10
2014.01.10 13:23:04.908,1.04997,1.05001,1.38,1.50
2014.01.10 13:23:06.970,1.04998,1.05002,1.95,1.08
2014.01.10 13:23:07.072,1.04998,1.05004,1.55,1.78
2014.01.10 13:23:15.205,1.05,1.05004,1.00,1.18
2014.01.10 13:23:15.406,1.05003,1.05005,1.00,1.13
2014.01.10 13:23:15.659,1.05004,1.05007,1.28,1.13
2014.01.10 13:23:15.810,1.05004,1.05007,1.10,1.38
2014.01.10 13:23:16.678,1.05004,1.05007,1.28,1.13
2014.01.10 13:23:20.399,1.05003,1.05007,3.00,2.48
2014.01.10 13:23:20.953,1.05003,1.05008,3.45,4.73
2014.01.10 13:23:21.895,1.05003,1.05008,1.55,4.80
2014.01.10 13:23:25.057,1.05004,1.05008,1.48,1.80
2014.01.10 13:23:28.277,1.05004,1.05008,1.48,1.43
2014.01.10 13:23:28.806,1.05004,1.05008,1.20,2.55
2014.01.10 13:23:32.012,1.05004,1.05008,1.48,1.80
2014.01.10 13:23:34.192,1.05004,1.05008,1.48,1.43
2014.01.10 13:23:34.887,1.05004,1.05008,1.48,2.55
2014.01.10 13:23:37.599,1.05004,1.05008,1.10,2.55
2014.01.10 13:23:40.834,1.05003,1.05008,1.55,2.55
2014.01.10 13:23:41.919,1.05002,1.05008,3.45,4.43
2014.01.10 13:23:42.790,1.05002,1.05008,2.03,4.50
2014.01.10 13:23:52.699,1.05003,1.05008,1.20,3.00
2014.01.10 13:23:54.541,1.05003,1.05008,3.45,2.85
2014.01.10 13:23:56.176,1.05003,1.05008,2.70,3.60
2014.01.10 13:23:56.699,1.05003,1.05008,3.45,2.85
2014.01.10 13:23:57.152,1.05003,1.05008,1.20,3.00
2014.01.10 13:23:57.707,1.05003,1.05008,1.10,3.75
2014.01.10 13:23:58.060,1.05001,1.05006,1.95,3.75
2014.01.10 13:23:58.569,1.05001,1.05006,1.58,3.75
2014.01.10 13:23:59.106,1.05001,1.05006,1.95,4.50
2014.01.10 13:23:59.633,1.05001,1.05006,1.58,4.50
2014.01.10 13:24:01.917,1.04999,1.05002,3.38,2.35
2014.01.10 13:24:02.019,1.04998,1.05001,1.48,1.13
2014.01.10 13:24:02.932,1.04998,1.05004,4.96,5.18
2014.01.10 13:24:08.479,1.04999,1.05004,1.88,4.43
2014.01.10 13:24:09.299,1.04999,1.05004,2.88,3.08
2014.01.10 13:24:09.451,1.04999,1.05005,5.71,1.95
2014.01.10 13:24:09.705,1.05001,1.05006,5.98,1.88
2014.01.10 13:24:10.252,1.05001,1.05006,10.96,1.38
2014.01.10 13:24:11.304,1.05002,1.05007,3.06,1.20
2014.01.10 13:24:11.416,1.05002,1.05007,3.05,1.48
2014.01.10 13:24:11.722,1.05002,1.05007,3.06,1.20
2014.01.10 13:24:14.923,1.05003,1.05008,1.10,1.55
2014.01.10 13:24:15.595,1.05002,1.05006,3.15,1.73
2014.01.10 13:24:17.585,1.05001,1.05006,1.95,1.88
2014.01.10 13:24:18.364,1.05001,1.05006,1.58,1.88
2014.01.10 13:24:25.737,1.05001,1.05005,1.18,1.38
2014.01.10 13:24:28.632,1.05001,1.05005,1.28,1.38
2014.01.10 13:24:29.687,1.05001,1.05005,1.18,1.38
2014.01.10 13:24:31.746,1.05001,1.05005,1.55,1.13
2014.01.10 13:24:31.900,1.05002,1.05005,1.10,1.38
2014.01.10 13:24:35.085,1.05001,1.05005,1.00,1.38
2014.01.10 13:24:35.956,1.05002,1.05005,1.00,1.38
2014.01.10 13:24:39.364,1.05001,1.05005,1.00,3.00
2014.01.10 13:24:39.921,1.05,1.05005,1.00,3.00
2014.01.10 13:24:43.097,1.04999,1.05001,1.00,1.00
2014.01.10 13:24:43.501,1.04999,1.05003,1.13,1.13
2014.01.10 13:24:43.552,1.05001,1.05004,1.00,2.33
2014.01.10 13:24:44.056,1.05,1.05004,1.13,1.38
2014.01.10 13:24:48.920,1.04998,1.05004,1.13,2.25
2014.01.10 13:24:51.426,1.05,1.05004,1.00,2.03
2014.01.10 13:24:51.527,1.04998,1.05004,1.50,2.03
2014.01.10 13:24:54.059,1.04999,1.05004,1.00,2.03
2014.01.10 13:24:54.937,1.04998,1.05004,1.00,2.03
2014.01.10 13:24:55.038,1.04998,1.05001,1.00,1.00
2014.01.10 13:24:55.542,1.04998,1.05001,1.00,1.38
2014.01.10 13:24:57.184,1.04998,1.05001,1.00,1.38
2014.01.10 13:24:57.963,1.04996,1.05,1.88,1.38
2014.01.10 13:24:58.165,1.04997,1.05003,3.00,1.20
2014.01.10 13:24:58.266,1.04997,1.05003,5.33,1.13
2014.01.10 13:25:04.399,1.05,1.05004,1.00,1.38
2014.01.10 13:25:08.558,1.04999,1.05004,1.58,1.38
2014.01.10 13:25:09.149,1.05,1.05004,1.00,1.38
2014.01.10 13:25:09.919,1.05002,1.05004,1.00,1.38
2014.01.10 13:25:10.807,1.05,1.05004,1.50,1.38
2014.01.10 13:25:17.264,1.04998,1.05004,2.78,1.38
2014.01.10 13:25:17.528,1.05002,1.05008,5.88,1.00
2014.01.10 13:25:17.579,1.05005,1.0501,6.24,1.58
2014.01.10 13:25:17.630,1.05009,1.05012,3.10,7.80
2014.01.10 13:25:17.731,1.05006,1.05009,2.03,1.13
2014.01.10 13:25:18.155,1.05007,1.05012,1.73,1.13
2014.01.10 13:25:18.621,1.05007,1.05012,3.98,1.00
2014.01.10 13:25:19.585,1.05006,1.05012,3.23,1.88
2014.01.10 13:25:22.146,1.05006,1.05011,3.23,1.00
2014.01.10 13:25:22.695,1.05008,1.05012,1.13,1.38
2014.01.10 13:25:23.241,1.05009,1.05012,1.13,1.13
2014.01.10 13:25:32.077,1.05006,1.05012,3.38,2.25
2014.01.10 13:25:34.491,1.05006,1.05012,3.38,2.25
2014.01.10 13:25:38.739,1.05008,1.05011,1.88,1.00
2014.01.10 13:25:38.991,1.05007,1.05011,1.95,1.38
2014.01.10 13:25:39.514,1.05008,1.05011,2.10,1.00
2014.01.10 13:25:40.244,1.05006,1.05011,2.63,1.00
2014.01.10 13:25:40.346,1.05006,1.05011,3.38,1.38
2014.01.10 13:25:43.170,1.05009,1.05012,1.00,1.13
2014.01.10 13:25:43.221,1.05011,1.05015,1.50,1.20
2014.01.10 13:25:43.322,1.05015,1.05017,1.00,1.13
2014.01.10 13:25:43.423,1.05015,1.05019,1.13,4.13
2014.01.10 13:25:43.524,1.05015,1.05019,1.88,1.50
2014.01.10 13:25:43.576,1.05016,1.05021,1.38,1.00
2014.01.10 13:25:44.093,1.05017,1.05022,2.63,1.10
2014.01.10 13:25:44.610,1.05018,1.05022,1.00,1.10
2014.01.10 13:25:45.219,1.05017,1.05022,3.38,1.10
2014.01.10 13:25:46.869,1.05017,1.0502,2.63,1.00
2014.01.10 13:25:47.173,1.05017,1.05022,2.63,1.10
2014.01.10 13:25:47.741,1.05017,1.05022,2.63,1.48
2014.01.10 13:25:47.943,1.05017,1.05022,1.88,1.95
2014.01.10 13:25:48.498,1.05016,1.0502,1.88,2.25
2014.01.10 13:25:48.599,1.05015,1.0502,1.00,3.00
2014.01.10 13:25:49.053,1.05018,1.0502,1.00,1.13
2014.01.10 13:25:49.811,1.05016,1.0502,1.38,1.00
2014.01.10 13:25:50.331,1.05016,1.05021,1.38,1.75
2014.01.10 13:25:50.634,1.05019,1.05024,3.60,2.33
2014.01.10 13:25:50.685,1.05022,1.05024,1.00,1.58
2014.01.10 13:25:50.786,1.0502,1.05029,1.50,1.73
2014.01.10 13:25:50.988,1.05018,1.05024,1.13,4.50
2014.01.10 13:25:51.420,1.05018,1.05021,1.13,1.00
2014.01.10 13:25:51.874,1.05018,1.05024,2.13,1.88
2014.01.10 13:25:52.302,1.05018,1.05024,2.13,2.25
2014.01.10 13:25:52.403,1.05017,1.05021,1.13,1.38
2014.01.10 13:25:52.907,1.05017,1.05021,1.88,1.88
2014.01.10 13:25:54.248,1.05018,1.05023,4.80,1.00
2014.01.10 13:25:54.298,1.05019,1.05025,3.56,1.58
2014.01.10 13:25:54.399,1.05019,1.05025,1.95,1.75
2014.01.10 13:25:54.904,1.05019,1.05024,1.38,1.75
2014.01.10 13:25:55.510,1.05019,1.05023,1.38,2.25
2014.01.10 13:25:55.820,1.05022,1.05025,3.25,1.10
2014.01.10 13:25:55.972,1.05021,1.05023,1.00,1.58
2014.01.10 13:25:56.023,1.05021,1.05023,1.38,1.00
2014.01.10 13:25:56.528,1.05021,1.05026,1.88,1.50
2014.01.10 13:25:57.034,1.05021,1.05026,1.88,1.38
2014.01.10 13:25:57.666,1.05021,1.05025,1.38,1.50
2014.01.10 13:25:58.171,1.05021,1.05025,1.88,1.00
2014.01.10 13:25:58.392,1.05017,1.05022,3.08,3.00
2014.01.10 13:25:58.493,1.05014,1.05017,3.00,2.50
2014.01.10 13:25:58.595,1.05012,1.05015,1.13,1.50
2014.01.10 13:25:58.948,1.05014,1.05016,1.73,1.00
2014.01.10 13:25:59.253,1.05014,1.05016,2.10,1.00
2014.01.10 13:25:59.354,1.05014,1.05016,2.48,1.00
2014.01.10 13:26:00.013,1.05014,1.05018,1.38,1.20
2014.01.10 13:26:00.114,1.05014,1.05018,1.73,1.13
2014.01.10 13:26:01.274,1.05017,1.0502,5.36,1.00
2014.01.10 13:26:01.325,1.05018,1.05021,5.11,4.13
2014.01.10 13:26:01.377,1.05019,1.05022,1.38,3.00
2014.01.10 13:26:01.478,1.05016,1.05018,1.00,1.50
2014.01.10 13:26:01.579,1.05012,1.05017,4.80,2.63
2014.01.10 13:26:01.680,1.05012,1.05016,1.18,1.38
2014.01.10 13:26:02.973,1.05014,1.05017,1.38,1.00
2014.01.10 13:26:03.024,1.05016,1.05019,3.01,1.20
2014.01.10 13:26:03.125,1.05015,1.05018,2.10,3.76
2014.01.10 13:26:03.227,1.05016,1.05019,1.38,1.88
2014.01.10 13:26:03.328,1.05016,1.05018,1.13,1.48
2014.01.10 13:26:03.632,1.05014,1.05018,1.00,1.55
2014.01.10 13:26:04.136,1.05014,1.05018,1.00,1.55
2014.01.10 13:26:04.757,1.05014,1.05018,1.38,1.18
2014.01.10 13:26:07.315,1.05016,1.05018,1.00,1.18
2014.01.10 13:26:07.366,1.05016,1.05018,1.00,1.10
2014.01.10 13:26:07.417,1.05015,1.05018,2.33,4.88
2014.01.10 13:26:07.518,1.05013,1.05016,1.05,3.75
2014.01.10 13:26:07.720,1.05012,1.05015,1.50,1.38
2014.01.10 13:26:07.821,1.05009,1.05015,3.53,1.00
2014.01.10 13:26:08.156,1.05009,1.0501,1.13,2.10
2014.01.10 13:26:08.361,1.05007,1.05011,1.13,4.20
2014.01.10 13:26:08.866,1.05007,1.05011,1.00,4.05
2014.01.10 13:26:09.685,1.05005,1.0501,1.38,1.80
2014.01.10 13:26:11.211,1.05003,1.05008,3.23,1.00
2014.01.10 13:26:11.312,1.05002,1.05008,1.48,3.38
2014.01.10 13:26:13.126,1.05002,1.05008,1.48,3.38
2014.01.10 13:26:13.637,1.05003,1.05008,1.38,2.63
2014.01.10 13:26:14.163,1.05003,1.05008,1.38,2.63
2014.01.10 13:26:14.674,1.05002,1.05008,1.48,3.38
2014.01.10 13:26:14.981,1.05002,1.05008,1.48,3.38
2014.01.10 13:26:15.688,1.05002,1.05008,1.48,3.38
2014.01.10 13:26:16.330,1.05003,1.05008,1.88,1.00
2014.01.10 13:26:16.431,1.05007,1.05011,1.13,4.88
2014.01.10 13:26:19.965,1.05006,1.0501,1.88,1.38
2014.01.10 13:26:21.698,1.05007,1.05012,1.50,1.48
2014.01.10 13:26:21.749,1.05007,1.05013,1.95,3.38
2014.01.10 13:26:21.800,1.05011,1.05013,1.00,1.50
2014.01.10 13:26:21.851,1.05011,1.05013,1.00,1.88
2014.01.10 13:26:22.103,1.05012,1.05016,1.10,1.00
2014.01.10 13:26:22.407,1.05013,1.05019,1.00,2.70
2014.01.10 13:26:22.457,1.05013,1.05019,1.50,2.33
2014.01.10 13:26:22.811,1.05016,1.05019,1.00,1.50
2014.01.10 13:26:22.861,1.05016,1.05019,1.00,1.50
2014.01.10 13:26:23.885,1.05015,1.0502,1.13,1.38
2014.01.10 13:26:26.310,1.05016,1.05021,1.13,1.73
2014.01.10 13:26:28.187,1.05017,1.05021,1.00,1.73
2014.01.10 13:26:31.790,1.05017,1.05021,1.13,1.73
2014.01.10 13:26:35.524,1.05017,1.05021,1.00,2.48
2014.01.10 13:26:35.826,1.05012,1.05017,2.18,2.13
2014.01.10 13:26:36.028,1.05013,1.05017,1.38,1.00
2014.01.10 13:26:36.532,1.05013,1.05018,1.38,1.95
2014.01.10 13:26:36.684,1.05013,1.05016,1.38,1.00
2014.01.10 13:26:36.734,1.05013,1.05016,1.00,1.00
2014.01.10 13:26:39.653,1.05013,1.05018,1.38,5.55
2014.01.10 13:26:40.903,1.05015,1.05018,1.00,4.73
2014.01.10 13:26:40.954,1.05015,1.0502,1.38,1.10
2014.01.10 13:26:41.459,1.05015,1.05021,1.88,1.50
2014.01.10 13:26:43.577,1.05019,1.05022,1.00,1.20
2014.01.10 13:26:43.829,1.0503,1.05036,1.38,7.58
2014.01.10 13:26:43.930,1.05029,1.05033,1.88,2.10
2014.01.10 13:26:44.032,1.05028,1.05033,1.20,2.10
2014.01.10 13:26:44.566,1.05027,1.05033,1.13,4.73
2014.01.10 13:26:44.718,1.05027,1.05033,1.38,4.73
2014.01.10 13:26:46.049,1.05027,1.05032,1.38,1.00
2014.01.10 13:26:46.352,1.05026,1.05031,1.10,5.10
2014.01.10 13:26:46.703,1.05025,1.05027,1.08,1.35
2014.01.10 13:26:46.804,1.05024,1.05028,1.00,5.48
2014.01.10 13:26:48.473,1.05022,1.05025,1.28,1.00
2014.01.10 13:26:48.524,1.05018,1.05023,2.33,4.60
2014.01.10 13:26:48.575,1.05018,1.0502,2.70,1.00
2014.01.10 13:26:48.626,1.0502,1.05021,1.00,1.88
2014.01.10 13:26:48.677,1.0502,1.05025,1.00,1.38
2014.01.10 13:26:48.778,1.0502,1.05025,3.08,1.38
2014.01.10 13:26:49.003,1.05022,1.05026,1.58,1.00
2014.01.10 13:26:49.104,1.05023,1.05028,1.18,2.85
2014.01.10 13:26:49.407,1.05025,1.05028,2.33,1.00
2014.01.10 13:26:49.795,1.05027,1.0503,1.50,1.00
2014.01.10 13:26:49.846,1.05029,1.05034,6.01,1.88
2014.01.10 13:26:50.351,1.0503,1.05035,2.33,1.13
2014.01.10 13:26:53.817,1.0503,1.05031,2.18,1.00
2014.01.10 13:26:53.868,1.05029,1.05031,1.10,1.00
2014.01.10 13:26:53.969,1.05029,1.05034,1.18,1.13
2014.01.10 13:26:54.120,1.05029,1.05032,1.10,1.00
2014.01.10 13:26:54.546,1.05029,1.05034,1.58,1.13
2014.01.10 13:26:54.596,1.0503,1.05035,2.25,1.13
2014.01.10 13:26:55.159,1.05031,1.05035,2.33,1.13
2014.01.10 13:26:56.885,1.05031,1.05034,2.70,1.50
2014.01.10 13:26:57.036,1.05031,1.05035,1.20,1.50
2014.01.10 13:26:57.566,1.0503,1.05035,2.33,1.13
2014.01.10 13:26:58.624,1.0503,1.05036,3.08,2.48
2014.01.10 13:26:59.144,1.0503,1.05036,4.20,2.48
2014.01.10 13:27:00.164,1.0503,1.05036,3.83,2.48
2014.01.10 13:27:01.857,1.05033,1.05037,1.00,4.35
2014.01.10 13:27:02.016,1.05036,1.05039,3.08,1.50
2014.01.10 13:27:02.171,1.05033,1.05039,4.95,3.23
2014.01.10 13:27:05.013,1.05033,1.05039,1.65,1.38
2014.01.10 13:27:05.633,1.05033,1.05039,1.58,1.38
2014.01.10 13:27:06.145,1.05034,1.05039,1.00,2.25
2014.01.10 13:27:06.694,1.05031,1.05037,1.10,1.00
2014.01.10 13:27:08.787,1.05034,1.05038,1.50,1.73
2014.01.10 13:27:09.091,1.05034,1.05038,2.25,6.23
2014.01.10 13:27:09.141,1.05031,1.05038,1.58,6.98
2014.01.10 13:27:09.760,1.05031,1.05038,1.10,3.60
2014.01.10 13:27:10.266,1.05031,1.05037,1.10,1.30
2014.01.10 13:27:10.577,1.05035,1.05046,7.78,4.80
2014.01.10 13:27:11.108,1.05043,1.05046,1.13,1.13
2014.01.10 13:27:11.614,1.05043,1.05046,1.00,1.38
2014.01.10 13:27:11.767,1.05041,1.05046,1.58,1.38
2014.01.10 13:27:12.193,1.05043,1.05045,1.00,2.85
2014.01.10 13:27:12.295,1.05045,1.05048,2.25,1.00
2014.01.10 13:27:12.346,1.05046,1.0505,1.58,2.10
2014.01.10 13:27:12.447,1.05046,1.05051,2.33,1.00
2014.01.10 13:27:12.498,1.05046,1.05052,5.37,1.00
2014.01.10 13:27:12.600,1.05049,1.05058,3.33,2.18
2014.01.10 13:27:13.055,1.05049,1.05052,3.00,1.00
2014.01.10 13:27:13.106,1.05046,1.0505,5.93,2.10
2014.01.10 13:27:13.157,1.05046,1.05049,4.43,2.10
2014.01.10 13:27:13.208,1.05044,1.05047,1.58,2.10
2014.01.10 13:27:13.259,1.05044,1.05046,1.10,2.10
2014.01.10 13:27:13.412,1.05044,1.05047,1.10,2.10
2014.01.10 13:27:13.614,1.05044,1.05045,1.00,2.10
2014.01.10 13:27:13.665,1.05042,1.05045,1.10,2.10
2014.01.10 13:27:14.289,1.05042,1.05048,1.00,3.60
2014.01.10 13:27:14.390,1.05042,1.05049,3.33,2.85
2014.01.10 13:27:15.956,1.05047,1.05049,1.00,2.10
2014.01.10 13:27:16.057,1.05048,1.05052,1.50,2.33
2014.01.10 13:27:16.834,1.05048,1.05054,1.00,1.28
2014.01.10 13:27:17.241,1.05046,1.05052,1.10,1.73
2014.01.10 13:27:17.748,1.0505,1.05051,1.00,2.10
2014.01.10 13:27:18.253,1.05049,1.05053,1.00,2.48
2014.01.10 13:27:18.557,1.05049,1.05054,2.50,2.48
2014.01.10 13:27:18.820,1.05048,1.05053,2.70,2.48
2014.01.10 13:27:18.921,1.05049,1.05054,2.50,4.35
2014.01.10 13:27:20.765,1.05048,1.05052,1.95,1.30
2014.01.10 13:27:21.435,1.05048,1.05053,1.48,1.30
2014.01.10 13:27:22.888,1.05051,1.05054,1.00,1.38
2014.01.10 13:27:23.393,1.05051,1.0506,1.13,2.48
2014.01.10 13:27:24.279,1.0505,1.05056,1.95,2.48
2014.01.10 13:27:25.050,1.0505,1.05052,1.13,1.00
2014.01.10 13:27:25.151,1.0505,1.05054,1.13,1.20
2014.01.10 13:27:25.709,1.05053,1.05057,7.00,1.45
2014.01.10 13:27:26.225,1.05053,1.05056,2.50,2.10
2014.01.10 13:27:27.039,1.05053,1.05056,2.88,2.48
2014.01.10 13:27:28.535,1.05054,1.05058,2.50,1.88
2014.01.10 13:27:28.636,1.05056,1.05065,2.58,8.10
2014.01.10 13:27:28.687,1.05056,1.05058,1.10,1.00
2014.01.10 13:27:28.840,1.05054,1.05058,1.88,1.38
2014.01.10 13:27:29.382,1.05054,1.05058,1.00,1.00
2014.01.10 13:27:29.433,1.05055,1.0506,3.63,1.73
2014.01.10 13:27:29.585,1.05056,1.05062,2.13,2.48
2014.01.10 13:27:29.887,1.05058,1.05068,3.38,2.55
2014.01.10 13:27:30.468,1.05059,1.05063,2.63,1.30
2014.01.10 13:27:31.346,1.0506,1.05063,2.13,1.30
2014.01.10 13:27:33.879,1.05059,1.05064,1.13,3.30
2014.01.10 13:27:34.232,1.05059,1.05061,1.00,2.48
2014.01.10 13:27:34.787,1.05059,1.05061,1.13,3.23
2014.01.10 13:27:36.574,1.05058,1.05063,1.88,1.73
2014.01.10 13:27:36.877,1.05058,1.05061,1.38,2.85
2014.01.10 13:27:36.927,1.05058,1.05062,1.38,1.30
2014.01.10 13:27:38.353,1.0506,1.05063,1.00,1.73
2014.01.10 13:27:38.874,1.05059,1.05063,1.13,1.73
2014.01.10 13:27:42.064,1.05059,1.05064,1.00,9.23
2014.01.10 13:27:42.609,1.05057,1.05064,1.88,6.30
2014.01.10 13:27:45.631,1.05058,1.05063,1.38,1.73
2014.01.10 13:27:46.132,1.05058,1.05063,1.13,5.48
2014.01.10 13:27:46.952,1.05058,1.05063,1.00,5.48
2014.01.10 13:27:47.457,1.05055,1.05061,1.88,3.98
2014.01.10 13:27:47.609,1.05055,1.05058,1.00,2.10
2014.01.10 13:27:47.710,1.05053,1.05058,1.88,2.48
2014.01.10 13:27:49.360,1.05053,1.05058,1.88,1.50
2014.01.10 13:27:49.923,1.05053,1.05059,1.88,2.25
2014.01.10 13:27:50.335,1.05053,1.05056,1.50,2.10
2014.01.10 13:27:50.436,1.0505,1.05053,4.58,1.00
2014.01.10 13:27:50.488,1.05048,1.05052,3.45,1.00
2014.01.10 13:27:50.590,1.0505,1.05055,1.00,1.58
2014.01.10 13:27:50.791,1.0505,1.05052,1.00,1.00
2014.01.10 13:27:50.994,1.05052,1.05056,2.13,1.50
2014.01.10 13:27:51.348,1.0505,1.05056,1.20,1.00
2014.01.10 13:27:51.802,1.0505,1.05056,1.48,1.00
2014.01.10 13:27:52.307,1.0505,1.05056,2.96,1.00
2014.01.10 13:27:53.537,1.0505,1.05056,2.96,1.00
2014.01.10 13:27:53.879,1.05051,1.05058,3.38,1.10
2014.01.10 13:27:53.981,1.05051,1.05056,1.38,1.00
2014.01.10 13:27:54.747,1.05051,1.05056,3.23,1.00
2014.01.10 13:27:54.848,1.05053,1.05059,5.48,1.00
2014.01.10 13:27:55.201,1.05055,1.05061,1.38,1.88
2014.01.10 13:27:57.640,1.05055,1.05059,1.88,1.00
2014.01.10 13:27:58.422,1.05055,1.05061,2.13,1.38
2014.01.10 13:27:58.725,1.05058,1.05063,2.20,1.00
2014.01.10 13:27:58.877,1.05058,1.05063,2.13,1.73
2014.01.10 13:28:00.169,1.05058,1.05063,1.13,1.80
2014.01.10 13:28:00.472,1.05058,1.05063,1.88,1.35
2014.01.10 13:28:04.415,1.05058,1.05062,1.88,2.48
2014.01.10 13:28:04.467,1.05057,1.05062,1.38,4.35
2014.01.10 13:28:06.504,1.05057,1.05062,1.88,4.35
2014.01.10 13:28:07.377,1.05057,1.05062,1.38,1.88
2014.01.10 13:28:07.478,1.05058,1.05063,2.88,1.20
2014.01.10 13:28:07.875,1.05058,1.0507,4.88,3.00
2014.01.10 13:28:08.663,1.05061,1.05066,1.13,2.48
2014.01.10 13:28:11.002,1.0506,1.05065,1.00,1.13
2014.01.10 13:28:11.154,1.05058,1.05062,1.88,1.38
2014.01.10 13:28:11.205,1.05058,1.05062,1.88,1.00
2014.01.10 13:28:11.457,1.05058,1.05065,3.71,1.80
2014.01.10 13:28:15.276,1.0506,1.05065,1.38,2.48
2014.01.10 13:28:17.684,1.05061,1.05066,1.88,1.38
2014.01.10 13:28:19.953,1.05061,1.05065,1.00,4.13
2014.01.10 13:28:20.413,1.05059,1.05064,1.50,3.23
2014.01.10 13:28:20.514,1.05059,1.05063,1.88,1.30
2014.01.10 13:28:21.061,1.05059,1.05064,1.88,3.23
2014.01.10 13:28:22.151,1.05059,1.05064,1.13,3.23
2014.01.10 13:28:22.514,1.05059,1.05062,1.00,1.38
2014.01.10 13:28:23.033,1.05058,1.05061,1.00,1.35
2014.01.10 13:28:23.538,1.05058,1.0506,1.00,1.00
2014.01.10 13:28:24.058,1.05058,1.05062,1.38,3.60
2014.01.10 13:28:24.593,1.05058,1.05062,1.38,3.23
2014.01.10 13:28:25.086,1.05058,1.05064,2.71,1.00
2014.01.10 13:28:25.597,1.05058,1.05064,2.33,3.23
2014.01.10 13:28:26.125,1.05058,1.05063,1.00,4.35
2014.01.10 13:28:26.630,1.05058,1.05064,2.33,6.98
2014.01.10 13:28:26.681,1.05058,1.05063,1.58,1.35
2014.01.10 13:28:26.732,1.05058,1.05062,1.10,1.38
2014.01.10 13:28:26.833,1.05053,1.05059,1.13,3.23
2014.01.10 13:28:26.884,1.05053,1.05057,1.00,3.23
2014.01.10 13:28:27.408,1.05052,1.05057,1.00,2.63
2014.01.10 13:28:29.856,1.05052,1.05057,1.13,3.23
2014.01.10 13:28:31.361,1.05051,1.05057,1.88,1.13
2014.01.10 13:28:31.882,1.05052,1.05058,2.13,1.20
2014.01.10 13:28:32.766,1.05052,1.05058,2.13,1.20
2014.01.10 13:28:33.639,1.05052,1.05059,2.13,1.55
2014.01.10 13:28:34.143,1.05052,1.05059,2.20,1.38
2014.01.10 13:28:36.927,1.05055,1.0506,1.50,2.70
2014.01.10 13:28:37.080,1.05055,1.05064,2.58,3.15
2014.01.10 13:28:37.448,1.05054,1.0506,1.13,1.58
2014.01.10 13:28:37.958,1.05054,1.05059,1.00,1.38
2014.01.10 13:28:39.329,1.05054,1.0506,1.00,1.20
2014.01.10 13:28:39.935,1.05054,1.05062,4.20,1.50
2014.01.10 13:28:40.440,1.05055,1.0506,2.13,1.30
2014.01.10 13:28:41.939,1.05058,1.05063,1.95,2.48
2014.01.10 13:28:42.192,1.05061,1.05063,1.00,2.48
2014.01.10 13:28:42.293,1.05061,1.05066,1.88,1.58
2014.01.10 13:28:42.431,1.05061,1.05064,1.88,2.10
2014.01.10 13:28:42.946,1.05061,1.05063,1.00,1.30
2014.01.10 13:28:43.620,1.05061,1.05066,2.50,3.30
2014.01.10 13:28:44.354,1.05063,1.05066,1.00,2.93
2014.01.10 13:28:45.350,1.05062,1.05067,1.38,1.55
2014.01.10 13:28:46.335,1.05062,1.05065,1.00,1.05
2014.01.10 13:28:46.638,1.05059,1.05065,1.50,1.05
2014.01.10 13:28:47.151,1.05059,1.05065,1.38,1.05
2014.01.10 13:28:47.537,1.05059,1.05065,1.13,1.05
2014.01.10 13:28:51.042,1.05058,1.05065,2.25,1.05
2014.01.10 13:28:51.193,1.05058,1.05067,6.30,5.63
2014.01.10 13:29:00.367,1.05062,1.05067,1.00,1.80
2014.01.10 13:29:00.820,1.05062,1.05067,1.38,1.80
2014.01.10 13:29:01.966,1.05061,1.05065,1.38,3.75
2014.01.10 13:29:02.445,1.0506,1.05065,1.13,4.13
2014.01.10 13:29:02.949,1.05058,1.05064,2.03,4.13
2014.01.10 13:29:03.527,1.05058,1.05064,1.88,4.13
2014.01.10 13:29:04.057,1.05058,1.05065,1.88,4.20
2014.01.10 13:29:04.561,1.05058,1.05066,2.88,4.28
2014.01.10 13:29:06.472,1.05056,1.05064,1.50,2.70
2014.01.10 13:29:06.976,1.05056,1.05065,1.50,1.55
2014.01.10 13:29:09.435,1.05056,1.05066,8.33,1.48
2014.01.10 13:29:11.408,1.0506,1.05067,2.63,1.38
2014.01.10 13:29:11.881,1.0506,1.05067,2.33,1.13
2014.01.10 13:29:12.609,1.0506,1.0507,2.70,4.95
2014.01.10 13:29:13.197,1.0506,1.05071,4.58,11.78
2014.01.10 13:29:13.298,1.0506,1.05071,9.08,6.90
2014.01.10 13:29:13.601,1.05067,1.05079,4.10,2.70
2014.01.10 13:29:13.803,1.05069,1.05081,7.13,4.28
2014.01.10 13:29:14.106,1.05071,1.05084,5.26,6.45
2014.01.10 13:29:14.760,1.05073,1.05084,4.48,2.25
2014.01.10 13:29:14.811,1.05073,1.05086,6.38,2.33
2014.01.10 13:29:15.668,1.05075,1.05088,5.26,6.08
2014.01.10 13:29:15.870,1.05075,1.05088,5.26,4.20
2014.01.10 13:29:16.174,1.05077,1.05088,2.65,3.83
2014.01.10 13:29:16.477,1.0508,1.05095,2.18,1.00
2014.01.10 13:29:16.579,1.05078,1.05095,1.55,3.08
2014.01.10 13:29:16.680,1.05079,1.05095,4.20,2.33
2014.01.10 13:29:16.783,1.0509,1.051,3.68,1.80
2014.01.10 13:29:16.886,1.0509,1.05099,6.23,3.90
2014.01.10 13:29:16.988,1.05091,1.05098,6.18,3.75
2014.01.10 13:29:17.190,1.05091,1.05101,3.68,4.13
2014.01.10 13:29:18.078,1.05091,1.05102,7.43,1.38
2014.01.10 13:29:18.381,1.05092,1.05105,2.13,4.20
2014.01.10 13:29:18.583,1.05092,1.05104,6.38,3.90
2014.01.10 13:29:18.684,1.05094,1.05105,9.31,1.50
2014.01.10 13:29:18.735,1.05095,1.05105,7.06,1.00
2014.01.10 13:29:19.038,1.05101,1.05112,2.18,1.38
2014.01.10 13:29:19.341,1.05104,1.05112,2.18,1.38
2014.01.10 13:29:19.695,1.05106,1.05112,2.18,1.00
2014.01.10 13:29:19.796,1.05107,1.05116,3.83,1.00
2014.01.10 13:29:19.847,1.05111,1.05122,4.36,1.00
2014.01.10 13:29:19.898,1.05116,1.05122,2.18,1.00
2014.01.10 13:29:20.049,1.05116,1.05122,2.18,1.38
2014.01.10 13:29:20.151,1.05116,1.05122,2.18,1.00
2014.01.10 13:29:20.302,1.05114,1.05122,2.18,1.00
2014.01.10 13:29:20.581,1.05118,1.0513,2.18,3.38
2014.01.10 13:29:20.632,1.05119,1.05131,2.18,3.45
2014.01.10 13:29:20.935,1.05118,1.05132,1.13,1.13
2014.01.10 13:29:20.986,1.0512,1.05132,1.00,1.20
2014.01.10 13:29:21.291,1.05131,1.0514,1.38,12.00
2014.01.10 13:29:21.544,1.05138,1.0515,1.00,1.50
2014.01.10 13:29:21.645,1.05139,1.05146,1.38,1.50
2014.01.10 13:29:21.696,1.05139,1.05154,1.38,4.88
2014.01.10 13:29:21.747,1.05144,1.05152,1.38,1.50
2014.01.10 13:29:21.849,1.05144,1.05155,6.38,1.38
2014.01.10 13:29:21.900,1.05144,1.05165,5.63,1.38
2014.01.10 13:29:22.001,1.05147,1.05161,1.00,3.75
2014.01.10 13:29:22.304,1.05152,1.05166,1.00,1.00
2014.01.10 13:29:22.406,1.05158,1.05182,2.88,3.38
2014.01.10 13:29:22.508,1.05161,1.0518,1.50,1.48
2014.01.10 13:29:22.811,1.05183,1.05212,1.50,4.50
2014.01.10 13:29:22.862,1.05192,1.05222,2.88,2.33
2014.01.10 13:29:22.913,1.052,1.05224,1.00,5.63
2014.01.10 13:29:23.161,1.05215,1.05249,1.13,1.50
2014.01.10 13:29:23.214,1.05223,1.05256,1.00,22.88
2014.01.10 13:29:23.265,1.05233,1.05259,1.38,3.75
2014.01.10 13:29:23.315,1.05239,1.05256,3.71,5.25
2014.01.10 13:29:23.366,1.05239,1.0525,3.75,1.00
2014.01.10 13:29:23.670,1.05245,1.05276,1.13,3.92
2014.01.10 13:29:23.821,1.05258,1.05286,1.50,2.85
2014.01.10 13:29:23.872,1.05263,1.05286,1.50,2.52
2014.01.10 13:29:24.176,1.05275,1.05292,1.50,1.50
2014.01.10 13:29:24.277,1.05276,1.05292,5.26,1.00
2014.01.10 13:29:24.328,1.05277,1.05292,4.00,1.00
2014.01.10 13:29:24.632,1.05282,1.05305,1.34,1.00
2014.01.10 13:29:24.682,1.05291,1.05305,1.50,1.00
2014.01.10 13:29:24.733,1.05294,1.05302,2.50,1.00
2014.01.10 13:29:25.037,1.05299,1.05313,1.13,1.00
2014.01.10 13:29:25.089,1.05301,1.05318,1.50,2.93
2014.01.10 13:29:25.190,1.05301,1.05318,2.50,2.55
2014.01.10 13:29:25.241,1.05301,1.05319,2.50,2.55
2014.01.10 13:29:25.547,1.0531,1.0533,5.48,1.00
2014.01.10 13:29:25.598,1.05323,1.0533,2.85,1.00
2014.01.10 13:29:25.649,1.05323,1.0533,3.60,1.00
2014.01.10 13:29:25.700,1.05323,1.05333,1.00,0.75
2014.01.10 13:29:25.751,1.05325,1.05347,1.00,1.00
2014.01.10 13:29:25.802,1.05325,1.05336,0.75,1.50
2014.01.10 13:29:26.056,1.05335,1.05355,0.75,2.40
2014.01.10 13:29:26.107,1.05326,1.05343,1.00,1.00
2014.01.10 13:29:26.158,1.0532,1.05343,1.13,1.00
2014.01.10 13:29:26.259,1.05321,1.05344,1.00,4.65
2014.01.10 13:29:26.562,1.05334,1.0535,1.00,1.38
2014.01.10 13:29:26.664,1.05326,1.05337,2.33,1.00
2014.01.10 13:29:26.715,1.05326,1.0533,2.33,1.00
2014.01.10 13:29:26.766,1.05323,1.05328,2.33,1.00
2014.01.10 13:29:26.817,1.05305,1.05319,3.75,1.13
2014.01.10 13:29:26.868,1.05309,1.05318,4.51,1.13
2014.01.10 13:29:26.918,1.05309,1.05329,4.51,1.00
2014.01.10 13:29:27.019,1.05306,1.05328,1.50,2.18
2014.01.10 13:29:27.121,1.05306,1.05315,1.38,1.00
2014.01.10 13:29:27.222,1.05305,1.05311,1.00,3.75
2014.01.10 13:29:27.273,1.05305,1.05317,1.00,1.00
2014.01.10 13:29:27.324,1.05305,1.05329,1.50,1.00
2014.01.10 13:29:27.425,1.05311,1.05334,1.00,1.00
2014.01.10 13:29:27.756,1.05308,1.05319,1.08,1.38
2014.01.10 13:29:27.808,1.05279,1.05298,0.75,3.25
2014.01.10 13:29:27.916,1.05279,1.05294,1.00,2.18
2014.01.10 13:29:27.967,1.05279,1.053,1.00,4.79
2014.01.10 13:29:28.018,1.05287,1.05304,2.25,2.18
2014.01.10 13:29:28.120,1.05288,1.05317,1.15,1.00
2014.01.10 13:29:28.221,1.05303,1.05315,1.13,1.00
2014.01.10 13:29:28.475,1.05274,1.05297,1.00,1.00
2014.01.10 13:29:28.526,1.05274,1.05289,1.00,1.00
2014.01.10 13:29:28.577,1.05266,1.05289,2.33,1.00
2014.01.10 13:29:28.628,1.05266,1.05287,2.33,1.00
2014.01.10 13:29:28.931,1.05255,1.05269,1.00,1.00
2014.01.10 13:29:29.234,1.05267,1.05283,1.00,1.00
2014.01.10 13:29:29.437,1.05268,1.05285,3.25,1.00
2014.01.10 13:29:29.588,1.05268,1.05293,3.25,1.20
2014.01.10 13:29:29.841,1.05268,1.05293,1.00,1.95
2014.01.10 13:29:29.892,1.05268,1.05281,1.00,1.50
2014.01.10 13:29:30.234,1.05268,1.05283,1.00,1.00
2014.01.10 13:29:30.290,1.05268,1.05283,1.00,1.00
2014.01.10 13:29:30.455,1.05276,1.05282,4.50,1.00
2014.01.10 13:29:30.607,1.05276,1.05285,4.50,1.00
2014.01.10 13:29:30.658,1.05276,1.05283,4.50,1.60
2014.01.10 13:29:30.709,1.05265,1.05279,1.00,1.00
2014.01.10 13:29:30.810,1.05264,1.05275,1.50,1.00
2014.01.10 13:29:31.013,1.05254,1.05265,11.74,1.00
2014.01.10 13:29:31.064,1.05254,1.05264,12.49,1.00
2014.01.10 13:29:31.115,1.0526,1.0527,1.50,1.00
2014.01.10 13:29:31.369,1.05254,1.05264,11.74,1.00
2014.01.10 13:29:31.470,1.05262,1.05271,1.50,1.00
2014.01.10 13:29:31.571,1.05264,1.05281,1.50,1.00
2014.01.10 13:29:31.622,1.0527,1.05285,2.25,1.50
2014.01.10 13:29:31.673,1.05274,1.05294,4.51,1.00
2014.01.10 13:29:31.724,1.05274,1.05292,4.51,1.00
2014.01.10 13:29:31.825,1.05264,1.05277,1.50,0.75
2014.01.10 13:29:31.926,1.05266,1.05269,1.00,1.00
2014.01.10 13:29:31.977,1.05261,1.05267,1.00,1.00
2014.01.10 13:29:32.028,1.05253,1.05269,15.74,1.00
2014.01.10 13:29:32.129,1.05259,1.05275,1.00,1.00
2014.01.10 13:29:32.180,1.05254,1.05267,13.24,0.38
2014.01.10 13:29:32.281,1.05254,1.05272,13.24,1.00
2014.01.10 13:29:32.332,1.05254,1.05272,13.24,1.38
2014.01.10 13:29:32.634,1.05252,1.05258,5.97,1.00
2014.01.10 13:29:32.685,1.05246,1.05269,6.72,3.75
2014.01.10 13:29:32.736,1.05243,1.05257,14.34,0.75
2014.01.10 13:29:33.089,1.05226,1.05236,2.25,2.50
2014.01.10 13:29:33.141,1.05198,1.05219,1.00,1.00
2014.01.10 13:29:33.242,1.05211,1.05217,2.25,1.00
2014.01.10 13:29:33.293,1.05209,1.05214,2.18,1.50
2014.01.10 13:29:33.344,1.05194,1.05211,2.18,1.00
2014.01.10 13:29:33.395,1.05194,1.05206,2.18,1.00
2014.01.10 13:29:33.601,1.05176,1.05194,4.50,1.00
2014.01.10 13:29:33.702,1.05179,1.05192,1.00,2.25
2014.01.10 13:29:34.006,1.05185,1.05192,1.00,2.25
2014.01.10 13:29:34.056,1.05185,1.052,1.00,0.75
2014.01.10 13:29:34.309,1.05192,1.052,0.38,1.00
2014.01.10 13:29:34.410,1.05213,1.05239,1.00,3.45
2014.01.10 13:29:34.511,1.05196,1.05221,1.00,5.51
2014.01.10 13:29:34.562,1.05184,1.05208,1.00,1.00
2014.01.10 13:29:34.613,1.05183,1.052,1.00,1.00
2014.01.10 13:29:34.916,1.05194,1.05205,1.75,2.18
2014.01.10 13:29:34.967,1.05199,1.05204,1.00,1.20
2014.01.10 13:29:35.018,1.05194,1.05202,1.00,2.25
2014.01.10 13:29:35.119,1.05189,1.05202,1.00,2.25
2014.01.10 13:29:35.170,1.05186,1.052,1.50,2.25
2014.01.10 13:29:35.472,1.05182,1.0519,1.00,1.00
2014.01.10 13:29:35.574,1.05179,1.05189,1.00,1.00
2014.01.10 13:29:35.675,1.05173,1.05189,1.50,1.00
2014.01.10 13:29:35.725,1.05173,1.05188,1.00,1.00
2014.01.10 13:29:36.028,1.0513,1.05146,1.13,2.50
2014.01.10 13:29:36.079,1.05124,1.05139,1.00,1.00
2014.01.10 13:29:36.243,1.05127,1.05142,1.00,1.20
2014.01.10 13:29:36.455,1.05136,1.05159,1.00,1.08
2014.01.10 13:29:36.557,1.05139,1.05164,3.25,1.00
2014.01.10 13:29:36.607,1.05139,1.05158,4.50,1.00
2014.01.10 13:29:36.759,1.05128,1.05149,3.75,1.00
2014.01.10 13:29:36.810,1.05125,1.05142,2.25,1.00
2014.01.10 13:29:36.861,1.05121,1.05142,1.00,1.00
2014.01.10 13:29:36.913,1.05134,1.05147,1.75,1.00
2014.01.10 13:29:36.964,1.05134,1.05149,2.50,1.00
2014.01.10 13:29:37.016,1.05134,1.05139,1.00,0.75
2014.01.10 13:29:37.067,1.05134,1.05144,1.30,2.18
2014.01.10 13:29:37.119,1.05134,1.05144,1.00,3.11
2014.01.10 13:29:37.221,1.05053,1.05089,2.17,5.50
2014.01.10 13:29:37.323,1.05054,1.05075,4.75,1.00
2014.01.10 13:29:37.375,1.05054,1.05073,5.50,1.00
2014.01.10 13:29:37.477,1.05054,1.05076,1.50,1.50
2014.01.10 13:29:37.528,1.05054,1.05076,1.00,1.00
2014.01.10 13:29:37.830,1.0507,1.05109,11.70,1.00
2014.01.10 13:29:37.982,1.05061,1.05085,1.15,1.00
2014.01.10 13:29:38.084,1.05065,1.05086,1.30,1.00
2014.01.10 13:29:38.387,1.0508,1.05109,1.00,1.10
2014.01.10 13:29:38.437,1.0508,1.05095,1.74,0.75
2014.01.10 13:29:38.489,1.05086,1.05102,1.08,1.00
2014.01.10 13:29:38.544,1.05082,1.05087,1.00,2.63
2014.01.10 13:29:38.645,1.05082,1.05108,1.00,2.18
2014.01.10 13:29:38.746,1.05082,1.05111,1.00,1.00
2014.01.10 13:29:39.030,1.05084,1.05112,5.25,1.00
2014.01.10 13:29:39.081,1.05086,1.05115,4.76,1.50
2014.01.10 13:29:39.182,1.05097,1.05115,3.63,1.00
2014.01.10 13:29:39.233,1.05097,1.0512,3.63,1.00
2014.01.10 13:29:39.485,1.05097,1.05126,3.63,1.50
2014.01.10 13:29:39.537,1.05106,1.05126,1.00,1.00
2014.01.10 13:29:39.588,1.05108,1.05129,2.50,1.13
2014.01.10 13:29:39.639,1.05111,1.05129,1.00,1.13
2014.01.10 13:29:39.740,1.05109,1.0513,1.00,1.00
2014.01.10 13:29:39.841,1.05102,1.05128,1.00,1.00
2014.01.10 13:29:39.892,1.05106,1.05128,1.00,1.00
2014.01.10 13:29:39.993,1.05091,1.05114,1.00,1.50
2014.01.10 13:29:40.044,1.05091,1.05102,1.00,1.00
2014.01.10 13:29:40.095,1.05068,1.05087,1.00,3.38
2014.01.10 13:29:40.145,1.05071,1.05085,1.50,1.50
2014.01.10 13:29:40.348,1.05085,1.05096,1.00,1.50
2014.01.10 13:29:40.399,1.05085,1.05099,1.00,1.00
2014.01.10 13:29:40.450,1.05093,1.05101,1.00,1.00
2014.01.10 13:29:40.753,1.05077,1.05103,1.38,1.00
2014.01.10 13:29:40.803,1.05086,1.05103,1.50,1.00
2014.01.10 13:29:41.107,1.05051,1.0506,1.00,1.00
2014.01.10 13:29:41.158,1.05056,1.05085,6.73,1.13
2014.01.10 13:29:41.209,1.05086,1.05118,2.50,4.24
2014.01.10 13:29:41.260,1.05101,1.05118,1.00,4.24
2014.01.10 13:29:41.311,1.05102,1.05121,1.00,1.67
2014.01.10 13:29:41.361,1.05108,1.05121,1.00,1.67
2014.01.10 13:29:41.412,1.05109,1.05119,1.00,1.00
2014.01.10 13:29:41.463,1.05109,1.05117,1.00,1.00
2014.01.10 13:29:41.514,1.05101,1.05117,1.00,1.50
2014.01.10 13:29:41.705,1.05101,1.05106,1.00,1.00
2014.01.10 13:29:41.756,1.05096,1.05106,1.00,1.00
2014.01.10 13:29:41.857,1.05094,1.05106,1.00,1.00
2014.01.10 13:29:42.009,1.051,1.05106,1.00,1.00
2014.01.10 13:29:42.111,1.05093,1.051,2.25,2.13
2014.01.10 13:29:42.263,1.05083,1.05096,1.00,2.25
2014.01.10 13:29:42.517,1.05083,1.0509,1.00,1.00
2014.01.10 13:29:42.619,1.05074,1.05085,1.50,1.00
2014.01.10 13:29:42.670,1.05061,1.05085,1.00,1.00
2014.01.10 13:29:43.175,1.0506,1.05084,1.00,1.00
2014.01.10 13:29:43.226,1.05063,1.05086,1.00,1.00
2014.01.10 13:29:43.530,1.0507,1.05094,1.00,1.00
2014.01.10 13:29:43.632,1.05074,1.05093,1.20,1.00
2014.01.10 13:29:43.935,1.05083,1.05102,27.97,1.00
2014.01.10 13:29:43.986,1.05094,1.05102,6.00,1.00
2014.01.10 13:29:44.087,1.0508,1.05099,1.00,1.00
2014.01.10 13:29:44.239,1.05087,1.05099,1.00,0.75
2014.01.10 13:29:44.340,1.05082,1.05099,1.00,0.75
2014.01.10 13:29:44.441,1.05077,1.05099,1.00,1.00
2014.01.10 13:29:44.542,1.05067,1.05091,1.00,1.00
2014.01.10 13:29:44.593,1.05062,1.05086,1.00,2.63
2014.01.10 13:29:44.694,1.05068,1.05106,20.39,1.35
2014.01.10 13:29:44.745,1.05056,1.05093,1.15,1.75
2014.01.10 13:29:44.882,1.05051,1.05084,16.61,0.75
2014.01.10 13:29:44.933,1.05,1.05022,0.75,1.00
2014.01.10 13:29:44.991,1.04984,1.05003,1.00,1.75
2014.01.10 13:29:45.092,1.04987,1.05003,0.75,1.00
2014.01.10 13:29:45.143,1.04987,1.05003,3.00,1.38
2014.01.10 13:29:45.244,1.04988,1.05003,1.00,1.00
2014.01.10 13:29:45.297,1.04978,1.05003,1.00,2.50
2014.01.10 13:29:45.348,1.04978,1.04989,1.00,1.00
2014.01.10 13:29:45.399,1.04976,1.04989,3.38,1.00
2014.01.10 13:29:45.449,1.04978,1.04989,1.00,1.00
2014.01.10 13:29:45.551,1.04976,1.04989,2.63,2.50
2014.01.10 13:29:45.804,1.04975,1.04985,1.50,1.00
2014.01.10 13:29:45.905,1.04963,1.04978,1.00,1.00
2014.01.10 13:29:46.259,1.04954,1.04977,1.00,2.50
2014.01.10 13:29:46.461,1.04954,1.04974,1.00,1.00
2014.01.10 13:29:46.562,1.04954,1.04973,1.00,1.00
2014.01.10 13:29:46.664,1.0496,1.04971,1.00,1.50
2014.01.10 13:29:46.765,1.04963,1.04979,0.38,1.38
2014.01.10 13:29:46.816,1.04942,1.04979,1.13,1.00
2014.01.10 13:29:46.866,1.04964,1.0498,2.10,1.50
2014.01.10 13:29:46.968,1.04968,1.04985,1.00,0.75
2014.01.10 13:29:47.019,1.04968,1.04982,1.00,1.00
2014.01.10 13:29:47.120,1.04968,1.04985,1.00,1.00
2014.01.10 13:29:47.222,1.04974,1.04985,6.00,1.50
2014.01.10 13:29:47.323,1.04989,1.05021,0.75,2.34
2014.01.10 13:29:47.473,1.04989,1.05021,0.75,1.97
2014.01.10 13:29:47.730,1.04988,1.0503,0.75,1.60
2014.01.10 13:29:47.831,1.04988,1.05021,0.75,1.21
2014.01.10 13:29:48.084,1.04964,1.05021,2.63,1.38
2014.01.10 13:29:48.185,1.04964,1.05025,2.63,1.13
2014.01.10 13:29:48.236,1.05005,1.05038,1.05,1.28
2014.01.10 13:29:48.488,1.05001,1.0506,1.39,1.69
2014.01.10 13:29:48.691,1.05001,1.05029,0.56,1.13
2014.01.10 13:29:48.994,1.04992,1.05007,2.51,1.00
2014.01.10 13:29:49.045,1.04964,1.04978,1.50,4.88
2014.01.10 13:29:49.096,1.04957,1.04974,1.00,1.13
2014.01.10 13:29:49.197,1.04952,1.04964,1.00,1.00
2014.01.10 13:29:49.399,1.04942,1.04966,2.63,0.75
2014.01.10 13:29:49.500,1.0489,1.04936,1.00,2.25
2014.01.10 13:29:49.551,1.04886,1.04916,0.38,1.50
2014.01.10 13:29:49.602,1.04891,1.04912,1.00,1.50
2014.01.10 13:29:49.703,1.04886,1.04904,1.00,1.50
2014.01.10 13:29:49.754,1.04886,1.04904,1.44,1.50
2014.01.10 13:29:49.855,1.04886,1.04904,0.75,1.00
2014.01.10 13:29:49.956,1.04876,1.04902,1.00,1.00
2014.01.10 13:29:50.158,1.04865,1.049,1.23,1.00
2014.01.10 13:29:50.210,1.04868,1.04899,1.00,1.00
2014.01.10 13:29:50.261,1.04867,1.04898,1.38,1.00
2014.01.10 13:29:50.596,1.04865,1.04891,1.13,0.38
2014.01.10 13:29:50.799,1.0486,1.049,1.38,1.00
2014.01.10 13:29:50.850,1.0485,1.049,1.00,6.44
2014.01.10 13:29:50.902,1.0485,1.049,1.00,6.81
2014.01.10 13:29:50.953,1.04819,1.04885,6.21,0.75
2014.01.10 13:29:51.005,1.04808,1.04831,1.38,1.13
2014.01.10 13:29:51.106,1.04813,1.04914,0.38,2.88
2014.01.10 13:29:51.157,1.04796,1.0488,1.00,1.00
2014.01.10 13:29:51.208,1.048,1.0486,4.50,1.15
2014.01.10 13:29:51.360,1.04752,1.04913,0.75,1.00
2014.01.10 13:29:51.410,1.04815,1.04849,0.38,1.08
2014.01.10 13:29:51.512,1.04797,1.04837,0.38,1.13
2014.01.10 13:29:51.663,1.04789,1.04825,1.50,0.38
2014.01.10 13:29:51.764,1.04818,1.05109,6.75,0.75
2014.01.10 13:29:51.816,1.05017,1.05093,1.50,0.75
2014.01.10 13:29:52.118,1.05023,1.05061,0.75,1.00
2014.01.10 13:29:52.169,1.04852,1.05041,5.26,0.11
2014.01.10 13:29:52.270,1.04758,1.04913,1.00,2.99
2014.01.10 13:29:52.572,1.04745,1.04823,1.00,1.38
2014.01.10 13:29:52.623,1.04745,1.04794,1.00,1.00
2014.01.10 13:29:52.816,1.0473,1.04771,1.00,1.50
2014.01.10 13:29:52.875,1.04746,1.04771,0.38,1.13
2014.01.10 13:29:52.976,1.04729,1.04789,1.00,1.00
2014.01.10 13:29:53.077,1.04761,1.04802,1.00,1.15
2014.01.10 13:29:53.282,1.04743,1.04797,0.75,1.88
2014.01.10 13:29:53.434,1.04749,1.04787,0.75,2.65
2014.01.10 13:29:53.637,1.04748,1.04788,0.75,1.00
2014.01.10 13:29:53.688,1.04748,1.04783,0.75,1.00
2014.01.10 13:29:53.839,1.047,1.04768,3.75,5.22
2014.01.10 13:29:53.941,1.04738,1.04763,1.00,5.46
2014.01.10 13:29:54.042,1.04733,1.04752,0.38,1.00
2014.01.10 13:29:54.194,1.04728,1.04752,1.00,1.13
2014.01.10 13:29:54.245,1.04728,1.04752,1.00,4.79
2014.01.10 13:29:54.296,1.04723,1.04752,1.00,5.92
2014.01.10 13:29:54.348,1.04714,1.04745,1.50,3.04
2014.01.10 13:29:54.399,1.0471,1.04729,1.00,3.27
2014.01.10 13:29:54.450,1.0471,1.04736,1.00,6.98
2014.01.10 13:29:54.501,1.047,1.04736,1.00,9.60
2014.01.10 13:29:54.552,1.04694,1.0472,10.50,1.00
2014.01.10 13:29:54.704,1.04684,1.04725,1.00,1.00
2014.01.10 13:29:54.755,1.04703,1.04725,0.75,1.00
2014.01.10 13:29:54.907,1.04703,1.04738,1.50,1.74
2014.01.10 13:29:54.958,1.04719,1.04738,0.75,1.41
2014.01.10 13:29:55.010,1.0472,1.04745,0.75,1.68
2014.01.10 13:29:55.111,1.04717,1.04745,0.75,1.00
2014.01.10 13:29:55.162,1.04721,1.04745,0.75,1.00
2014.01.10 13:29:55.214,1.04721,1.04765,0.75,3.38
2014.01.10 13:29:55.265,1.04722,1.04764,0.75,1.50
2014.01.10 13:29:55.376,1.04722,1.04765,0.75,1.88
2014.01.10 13:29:55.477,1.04742,1.04774,0.75,4.03
2014.01.10 13:29:55.578,1.04744,1.04776,1.00,2.25
2014.01.10 13:29:55.683,1.04744,1.04778,6.75,1.00
2014.01.10 13:29:55.734,1.04744,1.04778,6.75,1.00
2014.01.10 13:29:55.987,1.04702,1.04748,3.75,1.00
2014.01.10 13:29:56.038,1.04699,1.04741,1.00,2.13
2014.01.10 13:29:56.139,1.04699,1.04741,1.00,1.38
2014.01.10 13:29:56.240,1.0472,1.04741,0.75,1.00
2014.01.10 13:29:56.493,1.04743,1.04775,1.00,1.00
2014.01.10 13:29:56.645,1.04721,1.04775,5.25,1.50
2014.01.10 13:29:56.746,1.04724,1.04769,11.18,1.00
2014.01.10 13:29:56.847,1.04744,1.04775,3.75,1.00
2014.01.10 13:29:56.949,1.04744,1.04765,3.00,4.00
2014.01.10 13:29:57.050,1.04744,1.04767,3.00,3.75
2014.01.10 13:29:57.101,1.04742,1.04767,1.00,3.75
2014.01.10 13:29:57.152,1.04724,1.04769,10.22,1.05
2014.01.10 13:29:57.304,1.04724,1.04758,8.09,0.75
2014.01.10 13:29:57.556,1.04722,1.04744,1.88,1.00
2014.01.10 13:29:57.607,1.04722,1.04747,1.13,1.00
2014.01.10 13:29:57.658,1.04699,1.04747,1.00,1.00
2014.01.10 13:29:57.709,1.047,1.04755,1.00,2.10
2014.01.10 13:29:57.760,1.04721,1.04756,0.38,1.50
2014.01.10 13:29:58.064,1.04722,1.04759,2.03,1.00
2014.01.10 13:29:58.289,1.04724,1.04759,1.51,0.75
2014.01.10 13:29:58.346,1.04726,1.04759,1.69,0.75
2014.01.10 13:29:58.699,1.04702,1.04754,1.15,1.13
2014.01.10 13:29:58.901,1.04732,1.04754,0.75,2.63
2014.01.10 13:29:59.153,1.04723,1.04754,1.10,1.00
2014.01.10 13:29:59.607,1.04713,1.04754,1.00,2.25
2014.01.10 13:29:59.759,1.04702,1.04758,1.00,1.38
2014.01.10 13:29:59.860,1.04702,1.04758,1.00,1.00
2014.01.10 13:30:00.015,1.04694,1.04758,12.57,1.00
2014.01.10 13:30:00.116,1.04694,1.04758,12.57,2.95
2014.01.10 13:30:00.218,1.04695,1.04758,1.00,1.00
2014.01.10 13:30:00.319,1.04695,1.04758,1.00,2.63
2014.01.10 13:30:00.621,1.04695,1.04758,1.00,1.08
2014.01.10 13:30:00.924,1.04688,1.04726,1.00,0.75
2014.01.10 13:30:00.975,1.04679,1.04748,1.50,1.46
2014.01.10 13:30:01.127,1.0467,1.04755,1.45,1.08
2014.01.10 13:30:01.228,1.04674,1.04758,1.30,1.56
2014.01.10 13:30:01.329,1.04674,1.04789,1.00,1.00
2014.01.10 13:30:01.430,1.04715,1.04749,0.75,0.75
2014.01.10 13:30:01.704,1.04733,1.0476,4.75,0.75
2014.01.10 13:30:01.857,1.04738,1.04777,3.75,0.75
2014.01.10 13:30:01.971,1.04653,1.04789,2.25,0.75
2014.01.10 13:30:02.026,1.04633,1.04712,0.75,1.13
2014.01.10 13:30:02.357,1.04622,1.04697,0.75,0.75
2014.01.10 13:30:02.416,1.04614,1.04671,0.75,0.75
2014.01.10 13:30:02.467,1.04504,1.04651,1.00,6.25
2014.01.10 13:30:02.570,1.04509,1.04629,1.00,2.50
2014.01.10 13:30:02.876,1.04505,1.04604,1.00,6.66
2014.01.10 13:30:03.211,1.04508,1.04583,1.00,5.33
2014.01.10 13:30:03.273,1.04488,1.04551,1.13,3.83
2014.01.10 13:30:03.533,1.0449,1.04542,1.13,2.25
2014.01.10 13:30:03.784,1.04498,1.04535,0.38,2.10
2014.01.10 13:30:03.902,1.04498,1.04523,0.38,2.25
2014.01.10 13:30:04.255,1.04493,1.04514,0.38,2.10
2014.01.10 13:30:04.557,1.0449,1.04507,0.38,4.43
2014.01.10 13:30:04.911,1.04465,1.045,0.75,1.50
2014.01.10 13:30:05.020,1.04475,1.045,0.75,1.50
2014.01.10 13:30:05.121,1.04447,1.0449,0.75,1.00
2014.01.10 13:30:05.172,1.04414,1.04484,0.75,5.26
2014.01.10 13:30:05.273,1.044,1.04455,1.00,1.75
2014.01.10 13:30:05.475,1.04388,1.04442,0.75,0.75
2014.01.10 13:30:05.576,1.04367,1.04442,0.75,0.75
2014.01.10 13:30:05.677,1.04367,1.04378,0.75,1.75
2014.01.10 13:30:05.998,1.04367,1.04434,0.75,1.00
2014.01.10 13:30:06.049,1.04367,1.04402,0.75,0.75
2014.01.10 13:30:06.351,1.04367,1.04375,0.75,0.75
2014.01.10 13:30:06.402,1.04367,1.04391,0.75,1.00
2014.01.10 13:30:06.553,1.04367,1.04375,0.75,0.75
2014.01.10 13:30:06.704,1.04367,1.0441,0.75,0.75
2014.01.10 13:30:06.805,1.04357,1.0441,0.75,0.75
2014.01.10 13:30:06.856,1.04357,1.04406,0.75,1.00
2014.01.10 13:30:07.165,1.04357,1.04392,0.75,0.75
2014.01.10 13:30:07.423,1.04357,1.04365,0.75,0.75
2014.01.10 13:30:07.535,1.04357,1.04376,0.75,0.75
2014.01.10 13:30:07.737,1.04356,1.04359,0.75,0.75
2014.01.10 13:30:07.871,1.04356,1.04382,0.75,1.00
2014.01.10 13:30:07.941,1.04356,1.04365,0.75,0.75
2014.01.10 13:30:08.042,1.0435,1.04393,0.75,1.00
2014.01.10 13:30:08.153,1.04345,1.04369,0.75,1.00
