2017.04.12 20:00:00.010,1.09166,1.09168,6.37,1.19
2017.04.12 20:00:00.061,1.09163,1.09165,5.25,1.00
2017.04.12 20:00:00.385,1.09167,1.0917,1.37,4.31
2017.04.12 20:00:00.436,1.09166,1.09168,3.37,1.19
2017.04.12 20:00:00.487,1.09167,1.0917,2.25,1.69
2017.04.12 20:00:00.640,1.09169,1.09171,1.37,1.50
2017.04.12 20:00:01.044,1.0917,1.09173,1.00,2.25
2017.04.12 20:00:01.805,1.0917,1.09171,1.30,1.00
2017.04.12 20:00:02.033,1.09167,1.0917,4.72,1.00
2017.04.12 20:00:02.287,1.09169,1.09172,1.00,2.62
2017.04.12 20:00:03.018,1.0917,1.09173,1.00,4.31
2017.04.12 20:00:03.527,1.09169,1.09172,1.25,1.00
2017.04.12 20:00:03.578,1.09169,1.09171,1.72,1.00
2017.04.12 20:00:03.883,1.09171,1.09172,1.00,1.12
2017.04.12 20:00:04.421,1.09169,1.09171,1.87,1.00
2017.04.12 20:00:04.775,1.09168,1.0917,1.87,1.00
2017.04.12 20:00:05.460,1.09167,1.09169,3.00,1.00
2017.04.12 20:00:05.667,1.09168,1.0917,1.00,1.12
2017.04.12 20:00:08.010,1.09168,1.09169,1.00,1.00
2017.04.12 20:00:08.945,1.09167,1.0917,2.06,1.00
2017.04.12 20:00:10.102,1.09167,1.09171,3.75,1.50
2017.04.12 20:00:10.884,1.09167,1.0917,2.81,1.00
2017.04.12 20:00:11.392,1.09167,1.09171,3.19,1.31
2017.04.12 20:00:13.769,1.09169,1.09171,1.00,1.00
2017.04.12 20:00:14.881,1.09167,1.09171,2.81,1.00
2017.04.12 20:00:15.388,1.09167,1.0917,2.44,1.00
2017.04.12 20:00:16.797,1.09167,1.09171,4.31,1.00
2017.04.12 20:00:17.662,1.09168,1.0917,1.25,1.00
2017.04.12 20:00:18.349,1.09166,1.09169,2.44,1.00
2017.04.12 20:00:18.451,1.09164,1.09166,1.16,1.00
2017.04.12 20:00:18.654,1.09162,1.09165,1.53,1.31
2017.04.12 20:00:19.061,1.09161,1.09163,3.00,1.00
2017.04.12 20:00:19.163,1.09159,1.09162,4.87,1.00
2017.04.12 20:00:19.684,1.09158,1.09163,3.94,1.31
2017.04.12 20:00:19.785,1.09158,1.09163,4.87,1.62
2017.04.12 20:00:20.292,1.09158,1.09162,2.25,2.06
2017.04.12 20:00:20.649,1.09157,1.0916,1.37,1.69
2017.04.12 20:00:20.700,1.09155,1.0916,4.12,2.81
2017.04.12 20:00:21.238,1.09154,1.09159,2.25,1.69
2017.04.12 20:00:21.595,1.09155,1.09159,1.37,1.69
2017.04.12 20:00:22.138,1.09155,1.09159,2.62,1.69
2017.04.12 20:00:22.632,1.09158,1.09161,2.94,6.37
2017.04.12 20:00:22.683,1.09158,1.09161,2.19,2.25
2017.04.12 20:00:23.214,1.09157,1.09161,1.81,2.06
2017.04.12 20:00:23.265,1.09158,1.09161,2.25,1.75
2017.04.12 20:00:23.366,1.09159,1.09162,5.44,1.37
2017.04.12 20:00:23.417,1.0916,1.09163,1.12,1.12
2017.04.12 20:00:23.469,1.0916,1.09165,4.12,2.81
2017.04.12 20:00:23.934,1.09158,1.09163,2.25,2.06
2017.04.12 20:00:24.035,1.09158,1.09163,1.50,3.56
2017.04.12 20:00:24.440,1.09156,1.09161,3.37,1.25
2017.04.12 20:00:24.947,1.09156,1.0916,1.12,2.62
2017.04.12 20:00:25.453,1.09156,1.0916,1.00,3.75
2017.04.12 20:00:27.072,1.09158,1.0916,2.12,3.37
2017.04.12 20:00:27.173,1.0916,1.09161,1.00,1.50
2017.04.12 20:00:27.275,1.09158,1.09163,5.70,1.69
2017.04.12 20:00:27.377,1.09158,1.09162,1.00,1.69
2017.04.12 20:00:27.890,1.09158,1.09163,5.89,2.44
2017.04.12 20:00:27.992,1.09159,1.09163,4.12,2.44
2017.04.12 20:00:28.509,1.0916,1.09164,1.12,2.06
2017.04.12 20:00:28.869,1.09161,1.09167,3.00,4.31
2017.04.12 20:00:29.759,1.09161,1.09166,1.87,2.81
2017.04.12 20:00:30.266,1.0916,1.09166,4.12,3.19
2017.04.12 20:00:30.671,1.09159,1.09163,1.75,1.19
2017.04.12 20:00:30.722,1.09159,1.09161,1.00,1.31
2017.04.12 20:00:30.824,1.09156,1.0916,1.87,1.69
2017.04.12 20:00:30.977,1.09156,1.0916,1.12,3.19
2017.04.12 20:00:32.026,1.09155,1.0916,1.00,5.06
2017.04.12 20:00:32.689,1.09154,1.09158,1.00,2.44
2017.04.12 20:00:33.631,1.09153,1.09158,1.50,2.44
2017.04.12 20:00:34.139,1.09152,1.09157,1.87,1.69
2017.04.12 20:00:34.619,1.09153,1.09157,3.75,1.69
2017.04.12 20:00:34.923,1.09151,1.09155,1.50,1.69
2017.04.12 20:00:35.632,1.0915,1.09156,5.25,1.19
2017.04.12 20:00:35.879,1.09151,1.09156,1.00,1.19
2017.04.12 20:00:36.133,1.09152,1.09157,2.25,2.06
2017.04.12 20:00:36.640,1.09153,1.09157,1.37,1.25
2017.04.12 20:00:37.966,1.09153,1.09157,1.00,1.25
2017.04.12 20:00:38.474,1.09151,1.09157,1.12,5.51
2017.04.12 20:00:38.815,1.09152,1.09156,1.37,1.31
2017.04.12 20:00:39.474,1.09153,1.09158,1.37,2.44
2017.04.12 20:00:40.124,1.09153,1.09157,1.00,1.50
2017.04.12 20:00:40.480,1.09154,1.09158,3.00,1.75
2017.04.12 20:00:40.531,1.09154,1.09158,4.12,1.00
2017.04.12 20:00:41.041,1.09153,1.09157,1.87,1.00
2017.04.12 20:00:41.552,1.09153,1.09158,1.87,1.00
2017.04.12 20:00:42.152,1.09153,1.09158,1.50,1.69
2017.04.12 20:00:42.662,1.09153,1.09158,1.50,1.69
2017.04.12 20:00:43.917,1.09152,1.09158,3.37,1.69
2017.04.12 20:00:45.881,1.09152,1.09156,1.95,1.69
2017.04.12 20:00:45.983,1.09151,1.09155,2.25,2.06
2017.04.12 20:00:46.538,1.0915,1.09154,2.32,1.00
2017.04.12 20:00:46.799,1.09151,1.09156,1.37,4.69
2017.04.12 20:00:47.002,1.0915,1.09155,1.50,3.56
2017.04.12 20:00:47.205,1.09152,1.09155,1.00,1.50
2017.04.12 20:00:47.510,1.09163,1.09167,5.62,2.06
2017.04.12 20:00:48.352,1.09163,1.09167,1.87,2.81
2017.04.12 20:00:49.112,1.09161,1.09167,2.62,4.31
2017.04.12 20:00:50.637,1.09162,1.09167,1.37,1.31
2017.04.12 20:00:51.042,1.09163,1.09169,5.62,2.81
2017.04.12 20:00:51.548,1.09168,1.09169,1.00,1.25
2017.04.12 20:00:51.855,1.0918,1.09181,2.25,3.19
2017.04.12 20:00:51.908,1.0918,1.09183,1.00,1.87
2017.04.12 20:00:52.415,1.0918,1.09184,1.37,1.00
2017.04.12 20:00:53.319,1.09182,1.09184,2.62,1.00
2017.04.12 20:00:53.371,1.09184,1.09188,1.37,2.81
2017.04.12 20:00:53.472,1.09185,1.09189,1.00,1.00
2017.04.12 20:00:53.980,1.09185,1.09191,1.50,5.06
2017.04.12 20:00:54.764,1.09185,1.09189,1.12,2.44
2017.04.12 20:00:55.169,1.09184,1.09187,1.00,2.06
2017.04.12 20:00:55.476,1.09178,1.09181,7.12,9.49
2017.04.12 20:00:55.527,1.09175,1.0918,1.37,1.87
2017.04.12 20:00:56.163,1.09174,1.09179,1.87,1.50
2017.04.12 20:00:56.369,1.09176,1.09181,1.87,1.87
2017.04.12 20:00:56.555,1.0918,1.09184,1.12,1.38
2017.04.12 20:00:58.515,1.09179,1.09181,1.00,1.00
2017.04.12 20:00:58.667,1.09175,1.09181,1.75,5.14
2017.04.12 20:00:59.099,1.09175,1.0918,1.00,5.81
2017.04.12 20:00:59.917,1.09175,1.0918,3.00,2.70
2017.04.12 20:00:59.968,1.09177,1.09182,1.37,6.56
2017.04.12 20:01:00.070,1.09177,1.09182,1.50,2.44
2017.04.12 20:01:00.301,1.09177,1.0918,1.00,1.01
2017.04.12 20:01:00.605,1.09174,1.09179,1.37,2.06
2017.04.12 20:01:01.061,1.09172,1.09176,1.75,1.69
2017.04.12 20:01:01.112,1.09172,1.09176,1.00,1.69
2017.04.12 20:01:01.214,1.09172,1.09176,2.40,1.50
2017.04.12 20:01:01.350,1.09172,1.09178,3.00,2.06
2017.04.12 20:01:01.920,1.09173,1.09179,1.87,2.81
2017.04.12 20:01:02.428,1.09173,1.09179,2.25,1.25
2017.04.12 20:01:03.073,1.09173,1.09179,2.62,1.31
2017.04.12 20:01:03.606,1.09173,1.09179,2.77,2.06
2017.04.12 20:01:04.113,1.09173,1.09179,2.62,2.06
2017.04.12 20:01:04.662,1.09173,1.09176,1.37,1.19
2017.04.12 20:01:04.714,1.09172,1.09176,1.00,1.69
2017.04.12 20:01:05.264,1.09171,1.09176,1.00,2.44
2017.04.12 20:01:07.494,1.09175,1.09176,1.50,1.50
2017.04.12 20:01:07.801,1.09185,1.0919,1.12,9.56
2017.04.12 20:01:08.055,1.09185,1.0919,3.00,1.31
2017.04.12 20:01:09.271,1.09188,1.09191,1.37,1.00
2017.04.12 20:01:09.373,1.0919,1.09195,1.12,6.94
2017.04.12 20:01:09.475,1.09191,1.09195,1.50,1.50
2017.04.12 20:01:10.010,1.09191,1.09196,2.25,2.44
2017.04.12 20:01:10.314,1.0919,1.09193,2.62,1.31
2017.04.12 20:01:10.466,1.09189,1.09192,1.00,2.06
2017.04.12 20:01:10.720,1.09191,1.09192,1.20,1.00
2017.04.12 20:01:10.771,1.09191,1.09196,1.20,6.56
2017.04.12 20:01:10.872,1.09192,1.09196,1.00,1.25
2017.04.12 20:01:12.330,1.09194,1.09197,1.00,1.69
2017.04.12 20:01:13.141,1.09194,1.09199,4.50,1.62
2017.04.12 20:01:13.561,1.09199,1.09203,3.37,1.19
2017.04.12 20:01:14.069,1.09199,1.09203,1.87,1.69
2017.04.12 20:01:14.525,1.092,1.09204,1.00,1.76
2017.04.12 20:01:16.438,1.09202,1.09205,1.12,1.00
2017.04.12 20:01:16.945,1.09201,1.09204,1.50,1.50
2017.04.12 20:01:17.047,1.09201,1.09206,1.50,2.44
2017.04.12 20:01:17.649,1.09201,1.09207,2.36,6.23
2017.04.12 20:01:17.803,1.09204,1.09209,1.50,1.50
2017.04.12 20:01:18.309,1.09204,1.09209,2.10,1.87
2017.04.12 20:01:18.917,1.09204,1.09206,1.35,1.50
2017.04.12 20:01:19.071,1.09193,1.09194,8.62,4.01
2017.04.12 20:01:19.122,1.09189,1.09191,3.00,1.00
2017.04.12 20:01:19.224,1.09183,1.09189,5.06,1.94
2017.04.12 20:01:19.670,1.09183,1.09189,2.81,5.06
2017.04.12 20:01:20.380,1.09183,1.09189,3.30,3.94
2017.04.12 20:01:20.926,1.09183,1.09189,2.36,3.94
2017.04.12 20:01:21.481,1.09181,1.09187,1.69,1.31
2017.04.12 20:01:24.836,1.09182,1.09188,2.44,1.31
2017.04.12 20:01:25.141,1.0918,1.09185,1.00,2.06
2017.04.12 20:01:26.175,1.09179,1.09185,3.19,1.31
2017.04.12 20:01:28.749,1.09181,1.09185,1.00,1.12
2017.04.12 20:01:28.801,1.09181,1.09185,1.87,1.00
2017.04.12 20:01:29.003,1.09182,1.09186,1.31,1.37
2017.04.12 20:01:29.257,1.09186,1.0919,1.00,1.87
2017.04.12 20:01:29.866,1.09186,1.0919,1.00,1.00
2017.04.12 20:01:32.198,1.09185,1.0919,1.50,2.44
2017.04.12 20:01:34.509,1.09185,1.0919,1.12,1.62
2017.04.12 20:01:35.016,1.09185,1.0919,1.12,2.00
2017.04.12 20:01:35.825,1.09185,1.0919,1.50,3.56
2017.04.12 20:01:36.408,1.09186,1.0919,1.00,1.62
2017.04.12 20:01:38.907,1.09186,1.09191,1.12,5.44
2017.04.12 20:01:39.414,1.09186,1.09191,1.12,6.19
2017.04.12 20:01:44.336,1.09186,1.0919,1.12,1.50
2017.04.12 20:01:45.768,1.09186,1.09191,1.50,1.31
2017.04.12 20:01:46.279,1.09186,1.09191,1.00,4.69
2017.04.12 20:01:46.833,1.09186,1.09191,1.50,2.06
2017.04.12 20:01:47.740,1.09185,1.09188,1.12,1.19
2017.04.12 20:01:47.792,1.09185,1.09188,1.87,6.00
2017.04.12 20:01:47.894,1.09185,1.0919,1.12,1.12
2017.04.12 20:01:48.401,1.09186,1.09191,1.50,3.00
2017.04.12 20:01:49.281,1.09186,1.09191,1.50,2.25
2017.04.12 20:01:50.030,1.09186,1.0919,1.00,1.00
2017.04.12 20:01:50.639,1.09186,1.09191,1.00,3.00
2017.04.12 20:01:52.794,1.09186,1.09191,1.00,2.06
2017.04.12 20:01:57.317,1.09188,1.09191,1.00,1.25
2017.04.12 20:01:57.572,1.09186,1.09191,1.00,1.69
2017.04.12 20:01:58.079,1.09186,1.09191,1.87,1.00
2017.04.12 20:01:59.524,1.09186,1.0919,1.24,1.12
2017.04.12 20:02:00.031,1.09185,1.0919,1.87,1.00
2017.04.12 20:02:00.668,1.09187,1.09191,1.25,2.25
2017.04.12 20:02:00.978,1.09191,1.09195,1.00,2.81
2017.04.12 20:02:01.485,1.09192,1.09195,1.00,1.75
2017.04.12 20:02:01.789,1.0919,1.09193,1.00,2.00
2017.04.12 20:02:02.308,1.0919,1.09194,1.37,2.44
2017.04.12 20:02:03.473,1.09192,1.09196,1.00,3.75
2017.04.12 20:02:03.575,1.09192,1.09196,1.00,1.87
2017.04.12 20:02:03.950,1.0919,1.09194,1.62,1.72
2017.04.12 20:02:04.002,1.09188,1.09194,3.94,4.72
2017.04.12 20:02:04.182,1.0919,1.09195,2.06,1.12
2017.04.12 20:02:05.644,1.09194,1.09196,1.87,1.50
2017.04.12 20:02:05.695,1.09194,1.09205,1.37,12.99
2017.04.12 20:02:05.870,1.09193,1.09206,62.03,4.50
2017.04.12 20:02:05.921,1.09207,1.0921,2.10,3.00
2017.04.12 20:02:05.972,1.09206,1.09208,3.22,1.00
2017.04.12 20:02:06.124,1.09204,1.09206,3.19,4.76
2017.04.12 20:02:06.176,1.09205,1.09207,1.00,2.44
2017.04.12 20:02:06.227,1.09202,1.09204,1.76,2.55
2017.04.12 20:02:06.735,1.09202,1.09205,1.31,1.00
2017.04.12 20:02:07.241,1.09202,1.09204,1.25,1.00
2017.04.12 20:02:07.775,1.09202,1.09203,1.25,1.00
2017.04.12 20:02:08.283,1.09201,1.09203,1.00,1.00
2017.04.12 20:02:09.423,1.09202,1.09204,1.12,1.12
2017.04.12 20:02:09.729,1.09203,1.09205,1.50,1.12
2017.04.12 20:02:10.769,1.09203,1.09205,1.12,1.12
2017.04.12 20:02:11.275,1.09204,1.09206,1.12,1.50
2017.04.12 20:02:11.377,1.09205,1.09207,1.12,1.12
2017.04.12 20:02:11.478,1.09206,1.09208,1.50,1.50
2017.04.12 20:02:11.935,1.09208,1.09211,1.00,1.12
2017.04.12 20:02:12.441,1.09208,1.09212,2.62,1.50
2017.04.12 20:02:13.177,1.09209,1.09211,1.50,1.00
2017.04.12 20:02:13.329,1.09208,1.09211,1.00,1.00
2017.04.12 20:02:13.846,1.09208,1.09211,1.50,1.00
2017.04.12 20:02:14.352,1.09208,1.09212,1.87,1.00
2017.04.12 20:02:14.859,1.09209,1.09212,2.81,1.00
2017.04.12 20:02:15.157,1.09212,1.09216,1.50,1.00
2017.04.12 20:02:15.411,1.09212,1.09213,1.00,1.00
2017.04.12 20:02:15.563,1.09208,1.09212,6.00,1.00
2017.04.12 20:02:15.665,1.09208,1.09212,2.25,1.00
2017.04.12 20:02:16.182,1.09208,1.09211,3.00,1.00
2017.04.12 20:02:16.738,1.09208,1.0921,1.50,1.00
2017.04.12 20:02:17.330,1.09208,1.0921,1.00,1.00
2017.04.12 20:02:18.138,1.09208,1.09211,1.00,1.00
2017.04.12 20:02:19.313,1.09207,1.0921,1.12,1.00
2017.04.12 20:02:20.517,1.09206,1.09207,1.87,1.12
2017.04.12 20:02:20.568,1.09197,1.09212,17.86,44.29
2017.04.12 20:02:20.619,1.09186,1.09187,14.44,1.00
2017.04.12 20:02:20.721,1.09179,1.09181,3.19,1.00
2017.04.12 20:02:20.824,1.09177,1.09178,1.12,1.12
2017.04.12 20:02:21.033,1.09176,1.09178,1.69,1.12
2017.04.12 20:02:21.187,1.09177,1.09181,1.57,1.87
2017.04.12 20:02:21.695,1.09177,1.09181,2.32,1.10
2017.04.12 20:02:23.376,1.09177,1.09181,1.50,1.00
2017.04.12 20:02:23.865,1.09177,1.09179,1.50,1.00
2017.04.12 20:02:23.967,1.09176,1.09181,5.06,1.12
2017.04.12 20:02:24.018,1.09176,1.09181,5.81,1.00
2017.04.12 20:02:24.403,1.0917,1.09172,1.69,3.37
2017.04.12 20:02:24.459,1.09169,1.09172,2.62,5.81
2017.04.12 20:02:24.713,1.0917,1.09172,1.50,5.25
2017.04.12 20:02:24.764,1.0917,1.09171,1.00,1.12
2017.04.12 20:02:24.866,1.0917,1.09171,1.12,1.01
2017.04.12 20:02:25.372,1.09166,1.09171,3.37,1.19
2017.04.12 20:02:26.369,1.09167,1.09169,1.00,1.20
2017.04.12 20:02:26.471,1.09164,1.09168,1.50,1.00
2017.04.12 20:02:27.041,1.09164,1.09167,1.81,1.00
2017.04.12 20:02:27.548,1.09164,1.09167,2.11,1.00
2017.04.12 20:02:27.969,1.09165,1.0917,1.74,1.31
2017.04.12 20:02:28.492,1.09165,1.0917,1.36,1.31
2017.04.12 20:02:29.963,1.09166,1.09171,3.67,1.12
2017.04.12 20:02:30.479,1.09167,1.09172,5.74,1.12
2017.04.12 20:02:30.985,1.09167,1.09174,3.86,3.94
2017.04.12 20:02:31.289,1.09168,1.09174,1.61,2.06
2017.04.12 20:02:31.763,1.09168,1.09173,1.15,1.31
2017.04.12 20:02:31.842,1.09166,1.09172,1.50,2.06
2017.04.12 20:02:32.050,1.09168,1.09173,1.12,2.06
2017.04.12 20:02:32.557,1.09167,1.09173,2.36,1.31
2017.04.12 20:02:33.079,1.09168,1.09174,1.50,2.06
2017.04.12 20:02:35.385,1.09169,1.09174,1.99,1.25
2017.04.12 20:02:35.905,1.09169,1.09175,2.44,1.87
2017.04.12 20:02:37.063,1.09169,1.0917,2.55,1.00
2017.04.12 20:02:37.216,1.09164,1.09168,2.25,7.31
2017.04.12 20:02:37.667,1.09161,1.09167,2.25,5.44
2017.04.12 20:02:38.426,1.09162,1.09167,1.12,6.94
2017.04.12 20:02:39.121,1.09162,1.09167,1.87,4.69
2017.04.12 20:02:39.628,1.0916,1.09167,5.13,8.81
2017.04.12 20:02:40.843,1.0916,1.09166,3.63,1.00
2017.04.12 20:02:41.468,1.0916,1.09166,4.75,1.00
2017.04.12 20:02:41.984,1.09161,1.09166,1.12,1.50
2017.04.12 20:02:42.496,1.0916,1.09167,4.00,9.37
2017.04.12 20:02:43.516,1.09161,1.09167,3.60,6.75
2017.04.12 20:02:44.025,1.09162,1.09167,1.80,5.81
2017.04.12 20:02:44.499,1.09164,1.09167,1.85,4.87
2017.04.12 20:02:45.067,1.09164,1.09167,1.37,4.12
2017.04.12 20:02:46.130,1.09164,1.09168,1.75,6.00
2017.04.12 20:02:46.233,1.09164,1.09167,2.25,3.75
2017.04.12 20:02:46.774,1.09166,1.09169,1.75,2.25
2017.04.12 20:02:46.876,1.09167,1.09171,1.50,2.25
2017.04.12 20:02:47.511,1.09169,1.09171,1.12,1.12
2017.04.12 20:02:47.562,1.09171,1.09173,1.12,1.50
2017.04.12 20:02:48.072,1.09173,1.09174,1.00,3.00
2017.04.12 20:02:48.123,1.09174,1.09177,1.50,1.69
2017.04.12 20:02:48.367,1.09176,1.09179,1.75,1.69
2017.04.12 20:02:48.519,1.09176,1.09181,1.87,1.25
2017.04.12 20:02:49.026,1.09177,1.0918,1.12,1.00
2017.04.12 20:02:50.340,1.09177,1.09181,1.87,1.00
2017.04.12 20:02:52.107,1.09178,1.09182,1.31,3.00
2017.04.12 20:02:52.158,1.09179,1.09181,1.00,3.00
2017.04.12 20:02:52.664,1.09179,1.09182,1.50,3.00
2017.04.12 20:02:56.956,1.09179,1.0918,1.00,1.12
2017.04.12 20:02:57.552,1.09177,1.0918,2.81,1.12
2017.04.12 20:02:58.147,1.09177,1.09181,5.06,1.12
2017.04.12 20:02:58.856,1.09177,1.0918,2.06,1.12
2017.04.12 20:02:59.060,1.09172,1.09177,1.12,5.81
2017.04.12 20:02:59.603,1.09172,1.09175,1.69,1.12
2017.04.12 20:03:00.277,1.09172,1.09174,1.62,1.12
2017.04.12 20:03:00.785,1.09172,1.09174,1.25,1.12
2017.04.12 20:03:01.297,1.09172,1.09175,1.62,1.12
2017.04.12 20:03:02.099,1.09172,1.09176,1.62,1.12
2017.04.12 20:03:02.935,1.09172,1.09176,1.62,1.37
2017.04.12 20:03:03.442,1.09172,1.09177,1.62,1.91
2017.04.12 20:03:03.810,1.09172,1.09176,1.62,3.75
2017.04.12 20:03:04.189,1.09169,1.09175,2.06,3.19
2017.04.12 20:03:06.174,1.0917,1.09176,1.62,4.69
2017.04.12 20:03:06.704,1.0917,1.09176,1.31,4.31
2017.04.12 20:03:08.600,1.0917,1.09174,1.31,1.50
2017.04.12 20:03:08.702,1.09169,1.09174,1.47,3.94
2017.04.12 20:03:08.753,1.09168,1.09174,1.00,4.69
2017.04.12 20:03:10.103,1.09176,1.09179,4.12,1.50
2017.04.12 20:03:10.407,1.09177,1.09182,2.51,1.75
2017.04.12 20:03:10.918,1.09178,1.09183,3.45,1.91
2017.04.12 20:03:11.657,1.09178,1.09183,1.87,1.54
2017.04.12 20:03:15.718,1.09181,1.09184,1.00,3.56
2017.04.12 20:03:18.274,1.09178,1.09184,1.87,5.62
2017.04.12 20:03:18.792,1.09178,1.09184,1.87,5.25
2017.04.12 20:03:21.101,1.09178,1.09181,1.87,1.00
2017.04.12 20:03:21.406,1.09173,1.09177,3.75,1.25
2017.04.12 20:03:21.508,1.09173,1.09177,1.00,3.19
2017.04.12 20:03:26.722,1.09174,1.09177,1.00,1.69
2017.04.12 20:03:27.247,1.09173,1.09178,1.87,2.25
2017.04.12 20:03:27.947,1.09173,1.09178,1.69,3.56
2017.04.12 20:03:28.048,1.09173,1.09178,2.06,3.19
2017.04.12 20:03:31.407,1.09173,1.09178,2.06,3.37
2017.04.12 20:03:32.087,1.09173,1.09178,2.06,3.19
2017.04.12 20:03:37.440,1.09173,1.09175,1.12,6.38
2017.04.12 20:03:37.696,1.09165,1.09168,1.50,1.31
2017.04.12 20:03:37.950,1.09164,1.0917,2.06,5.06
2017.04.12 20:03:38.306,1.09169,1.09171,1.50,1.12
2017.04.12 20:03:38.634,1.09173,1.09177,1.50,4.16
2017.04.12 20:03:38.837,1.0917,1.09174,1.87,1.95
2017.04.12 20:03:38.947,1.09173,1.09176,1.75,2.62
2017.04.12 20:03:39.457,1.09173,1.09177,1.50,1.69
2017.04.12 20:03:40.138,1.09174,1.09177,1.50,1.12
2017.04.12 20:03:40.644,1.09175,1.09179,1.12,4.54
2017.04.12 20:03:41.182,1.09176,1.0918,1.12,4.57
2017.04.12 20:03:41.499,1.09178,1.0918,1.12,1.00
2017.04.12 20:03:42.996,1.09176,1.0918,2.62,2.62
2017.04.12 20:03:43.548,1.09178,1.09181,1.87,2.85
2017.04.12 20:03:45.214,1.09178,1.09182,1.87,1.69
2017.04.12 20:03:45.517,1.09176,1.0918,1.87,2.62
2017.04.12 20:03:46.033,1.09176,1.0918,1.12,1.22
2017.04.12 20:03:46.236,1.09176,1.09181,1.12,4.69
2017.04.12 20:03:46.495,1.09176,1.09179,1.12,1.00
2017.04.12 20:03:47.417,1.09177,1.09179,1.00,1.30
2017.04.12 20:03:48.036,1.09176,1.09181,3.00,9.04
2017.04.12 20:03:48.543,1.09175,1.0918,2.62,3.60
2017.04.12 20:03:49.188,1.09175,1.0918,2.25,5.10
2017.04.12 20:03:50.257,1.09175,1.0918,2.25,6.75
2017.04.12 20:03:50.811,1.09175,1.09178,2.25,1.00
2017.04.12 20:03:51.325,1.09175,1.0918,2.25,4.72
2017.04.12 20:03:53.714,1.09175,1.09178,2.25,1.12
2017.04.12 20:03:54.196,1.09172,1.09174,4.50,1.00
2017.04.12 20:03:54.247,1.09172,1.09173,2.62,2.25
2017.04.12 20:03:54.479,1.09173,1.09176,1.00,2.44
2017.04.12 20:03:54.581,1.09174,1.09177,1.00,1.12
2017.04.12 20:03:55.087,1.09174,1.09178,1.00,1.00
2017.04.12 20:03:55.594,1.09175,1.09179,1.00,1.67
2017.04.12 20:03:56.254,1.09174,1.09179,3.37,1.67
2017.04.12 20:03:56.608,1.09176,1.09179,1.00,1.67
2017.04.12 20:03:57.065,1.09176,1.09181,2.25,1.25
2017.04.12 20:03:57.573,1.09176,1.09181,2.62,1.12
2017.04.12 20:03:57.878,1.09175,1.0918,3.00,2.32
2017.04.12 20:03:58.382,1.09175,1.0918,2.62,1.39
2017.04.12 20:03:58.585,1.09175,1.0918,2.25,2.14
2017.04.12 20:03:58.687,1.09177,1.09181,3.00,1.37
2017.04.12 20:03:59.195,1.09177,1.09181,1.50,1.00
2017.04.12 20:03:59.702,1.09177,1.09181,4.50,1.12
2017.04.12 20:04:00.244,1.09177,1.0918,1.00,1.00
2017.04.12 20:04:01.805,1.09176,1.09181,1.50,2.44
2017.04.12 20:04:02.830,1.09176,1.0918,1.00,4.39
2017.04.12 20:04:03.337,1.09175,1.09179,1.87,1.00
2017.04.12 20:04:06.837,1.09179,1.09181,1.50,1.12
2017.04.12 20:04:06.888,1.0918,1.09184,1.12,1.00
2017.04.12 20:04:07.806,1.09181,1.09185,1.00,1.62
2017.04.12 20:04:08.353,1.0918,1.09184,1.00,2.06
2017.04.12 20:04:08.506,1.09183,1.09184,1.00,1.00
2017.04.12 20:04:08.607,1.09184,1.09187,1.00,1.37
2017.04.12 20:04:08.841,1.09184,1.09189,1.00,1.69
2017.04.12 20:04:11.381,1.09185,1.09189,1.00,1.69
2017.04.12 20:04:13.198,1.09184,1.09189,2.25,1.62
2017.04.12 20:04:13.299,1.09186,1.09189,1.00,1.37
2017.04.12 20:04:13.812,1.09186,1.0919,1.12,2.06
2017.04.12 20:04:13.985,1.09187,1.09191,1.00,1.50
2017.04.12 20:04:14.087,1.0919,1.09192,1.00,1.12
2017.04.12 20:04:14.189,1.09191,1.09193,1.12,1.50
2017.04.12 20:04:14.293,1.09191,1.09195,1.12,3.37
2017.04.12 20:04:15.811,1.09192,1.09196,1.00,1.12
2017.04.12 20:04:15.914,1.09193,1.09198,1.00,1.12
2017.04.12 20:04:17.598,1.09193,1.09197,1.00,3.19
2017.04.12 20:04:18.137,1.09191,1.09196,1.50,2.81
2017.04.12 20:04:19.178,1.0919,1.09194,2.25,1.00
2017.04.12 20:04:19.533,1.09192,1.09196,1.37,2.06
2017.04.12 20:04:21.046,1.09192,1.09197,4.12,1.25
2017.04.12 20:04:21.097,1.09194,1.09198,2.62,4.12
2017.04.12 20:04:21.665,1.09194,1.09198,3.19,1.00
2017.04.12 20:04:23.330,1.09194,1.09199,1.12,4.69
2017.04.12 20:04:25.815,1.09194,1.09196,1.12,1.37
2017.04.12 20:04:25.866,1.09195,1.09197,1.00,1.87
2017.04.12 20:04:26.069,1.09196,1.092,1.00,2.06
2017.04.12 20:04:33.869,1.09196,1.09201,1.31,1.25
2017.04.12 20:04:34.375,1.09196,1.09201,1.69,1.25
2017.04.12 20:04:38.954,1.09196,1.09201,1.69,1.25
2017.04.12 20:04:42.213,1.09196,1.09201,1.00,2.63
2017.04.12 20:04:42.315,1.09195,1.09197,1.37,1.48
2017.04.12 20:04:42.468,1.09193,1.09198,1.62,6.11
2017.04.12 20:04:43.307,1.09194,1.09198,2.44,1.00
2017.04.12 20:04:43.813,1.09193,1.09197,1.37,1.31
2017.04.12 20:04:45.227,1.09192,1.09194,2.06,1.00
2017.04.12 20:04:45.431,1.09174,1.09176,1.50,8.62
2017.04.12 20:04:45.891,1.09175,1.09177,1.31,7.91
2017.04.12 20:04:46.399,1.09174,1.09177,2.81,7.91
2017.04.12 20:04:48.853,1.09174,1.0918,1.31,3.41
2017.04.12 20:04:51.663,1.09174,1.09179,1.69,1.42
2017.04.12 20:04:53.768,1.09171,1.09177,4.28,1.12
2017.04.12 20:04:54.778,1.09173,1.09178,3.94,1.41
2017.04.12 20:04:57.673,1.09173,1.09178,1.00,3.00
2017.04.12 20:04:58.180,1.09173,1.09178,1.00,1.12
2017.04.12 20:05:00.555,1.09173,1.09178,1.50,1.37
2017.04.12 20:05:01.057,1.09173,1.09178,2.62,1.00
2017.04.12 20:05:10.675,1.09173,1.09179,2.06,2.28
2017.04.12 20:05:17.536,1.09172,1.09178,5.59,1.28
2017.04.12 20:05:18.829,1.09172,1.09178,5.97,1.28
2017.04.12 20:05:22.208,1.09172,1.09174,1.50,1.76
2017.04.12 20:05:22.309,1.09171,1.09175,3.00,1.25
2017.04.12 20:05:22.765,1.09173,1.09178,1.69,1.00
2017.04.12 20:05:22.918,1.09175,1.09179,4.69,1.50
2017.04.12 20:05:23.426,1.09173,1.09179,7.31,3.19
2017.04.12 20:05:26.941,1.09173,1.09178,1.31,2.44
2017.04.12 20:05:27.482,1.09173,1.09178,1.31,2.06
2017.04.12 20:05:34.019,1.09175,1.09179,1.00,4.69
2017.04.12 20:05:35.015,1.09175,1.09178,1.87,1.00
2017.04.12 20:05:36.351,1.09174,1.09178,1.87,1.69
2017.04.12 20:05:37.707,1.09173,1.09178,1.69,2.06
2017.04.12 20:05:38.815,1.09174,1.09178,2.06,1.12
2017.04.12 20:05:39.428,1.09174,1.09179,2.81,3.19
2017.04.12 20:05:47.218,1.09174,1.09178,2.44,1.50
2017.04.12 20:05:57.184,1.09174,1.09178,2.44,1.16
2017.04.12 20:05:58.344,1.09175,1.0918,1.50,3.59
2017.04.12 20:05:59.677,1.09175,1.0918,1.31,2.47
2017.04.12 20:06:00.218,1.09173,1.09179,3.94,2.09
2017.04.12 20:06:02.992,1.09173,1.09178,2.06,1.53
2017.04.12 20:06:04.480,1.09173,1.09179,2.44,2.47
2017.04.12 20:06:06.247,1.09173,1.09179,3.94,2.84
2017.04.12 20:06:10.778,1.09173,1.09178,2.06,1.34
2017.04.12 20:06:12.472,1.09173,1.09179,3.19,4.72
2017.04.12 20:06:17.457,1.09173,1.09179,2.06,6.56
2017.04.12 20:06:21.459,1.09173,1.09178,3.19,1.62
2017.04.12 20:06:22.485,1.09173,1.09178,2.06,1.62
2017.04.12 20:06:23.477,1.09173,1.09179,3.94,4.69
2017.04.12 20:06:26.747,1.09176,1.09179,1.87,1.87
2017.04.12 20:06:26.849,1.09176,1.09181,1.12,1.25
2017.04.12 20:06:26.951,1.09175,1.09181,5.32,7.35
2017.04.12 20:06:27.273,1.09173,1.09178,1.12,1.37
2017.04.12 20:06:28.155,1.09173,1.09179,3.37,6.94
2017.04.12 20:06:30.169,1.09173,1.09179,2.25,7.69
2017.04.12 20:06:33.190,1.09173,1.09177,1.37,1.00
2017.04.12 20:06:35.187,1.09173,1.09177,1.50,1.00
2017.04.12 20:06:41.175,1.09173,1.09177,1.37,1.00
2017.04.12 20:06:51.559,1.09173,1.09175,1.50,1.87
2017.04.12 20:06:51.712,1.09169,1.09173,3.00,1.00
2017.04.12 20:06:52.242,1.09169,1.09174,3.00,1.12
2017.04.12 20:06:53.725,1.09169,1.09175,4.12,8.06
2017.04.12 20:06:55.805,1.0917,1.09173,1.12,1.12
2017.04.12 20:06:57.631,1.09169,1.09173,1.12,2.62
2017.04.12 20:06:59.259,1.09168,1.09172,4.12,1.00
2017.04.12 20:06:59.715,1.09167,1.09169,4.50,3.25
2017.04.12 20:06:59.868,1.09164,1.09167,4.50,1.00
2017.04.12 20:06:59.919,1.09164,1.09167,1.00,1.00
2017.04.12 20:07:00.122,1.09163,1.09166,1.00,1.31
2017.04.12 20:07:00.806,1.09162,1.09166,1.50,1.31
2017.04.12 20:07:03.999,1.09161,1.09165,1.00,1.25
2017.04.12 20:07:06.119,1.0916,1.09165,3.25,1.31
2017.04.12 20:07:06.694,1.0916,1.09164,3.44,1.69
2017.04.12 20:07:10.371,1.09159,1.09164,3.94,1.31
2017.04.12 20:07:10.898,1.09159,1.09164,2.50,1.31
2017.04.12 20:07:12.555,1.0916,1.09165,4.00,2.06
2017.04.12 20:07:13.069,1.0916,1.09165,4.38,1.12
2017.04.12 20:07:24.401,1.0916,1.09165,4.19,1.31
2017.04.12 20:07:25.515,1.0916,1.09165,1.94,1.31
2017.04.12 20:07:28.436,1.09159,1.09162,3.25,1.00
2017.04.12 20:07:28.976,1.09157,1.09161,7.38,1.00
2017.04.12 20:07:29.179,1.09158,1.09162,4.87,1.50
2017.04.12 20:07:29.281,1.09157,1.09162,6.63,1.50
2017.04.12 20:07:29.941,1.09159,1.09162,4.00,1.50
2017.04.12 20:07:30.093,1.0916,1.09165,1.65,1.50
2017.04.12 20:07:30.599,1.0916,1.09164,1.50,1.31
2017.04.12 20:07:43.411,1.09157,1.09158,3.63,1.12
2017.04.12 20:07:43.463,1.09155,1.09157,5.25,1.87
2017.04.12 20:07:43.514,1.09153,1.09158,1.72,1.87
2017.04.12 20:07:43.616,1.09155,1.09158,1.69,1.87
2017.04.12 20:07:43.769,1.09158,1.09162,2.06,3.00
2017.04.12 20:07:44.275,1.09159,1.09164,1.00,4.12
2017.04.12 20:07:44.377,1.09158,1.09162,4.31,1.00
2017.04.12 20:07:44.824,1.09156,1.09159,1.37,1.00
2017.04.12 20:07:44.915,1.09155,1.09159,1.00,1.00
2017.04.12 20:07:45.423,1.09156,1.09161,1.87,1.62
2017.04.12 20:07:49.290,1.09157,1.0916,1.00,1.12
2017.04.12 20:07:50.030,1.09157,1.09159,1.00,1.00
2017.04.12 20:07:51.399,1.09155,1.09157,1.12,1.00
2017.04.12 20:07:51.905,1.09154,1.09156,1.00,1.12
2017.04.12 20:07:52.838,1.09153,1.09155,1.00,2.62
2017.04.12 20:07:53.142,1.09149,1.09152,1.72,1.12
2017.04.12 20:07:53.645,1.09149,1.09152,1.28,1.50
2017.04.12 20:07:54.032,1.09148,1.09152,1.00,1.12
2017.04.12 20:07:59.004,1.09148,1.09153,1.50,1.00
2017.04.12 20:07:59.441,1.09148,1.09149,1.00,1.50
2017.04.12 20:07:59.691,1.09139,1.09143,3.56,1.00
2017.04.12 20:08:00.025,1.0914,1.09145,1.25,3.00
2017.04.12 20:08:00.633,1.0914,1.09145,1.25,2.25
2017.04.12 20:08:01.995,1.09141,1.09145,1.00,3.37
2017.04.12 20:08:02.452,1.09138,1.09142,2.81,1.50
2017.04.12 20:08:02.504,1.09138,1.0914,1.50,1.50
2017.04.12 20:08:02.555,1.09135,1.09139,1.87,1.50
2017.04.12 20:08:02.657,1.09134,1.09139,2.81,1.87
2017.04.12 20:08:02.758,1.09136,1.09142,1.00,6.00
2017.04.12 20:08:03.289,1.09137,1.09142,1.25,1.50
2017.04.12 20:08:03.819,1.09137,1.09143,1.31,3.75
2017.04.12 20:08:04.336,1.09137,1.09143,1.31,3.37
2017.04.12 20:08:04.962,1.09137,1.09143,1.31,3.37
2017.04.12 20:08:11.378,1.09137,1.09143,1.31,2.62
2017.04.12 20:08:11.683,1.09132,1.09138,3.94,2.62
2017.04.12 20:08:12.218,1.09132,1.09138,3.56,3.00
2017.04.12 20:08:13.510,1.09132,1.09138,1.31,3.75
2017.04.12 20:08:14.038,1.09133,1.09138,1.12,3.37
2017.04.12 20:08:15.186,1.09132,1.09137,1.00,1.25
2017.04.12 20:08:16.336,1.09132,1.09134,1.12,1.00
2017.04.12 20:08:16.590,1.09124,1.09128,1.00,1.25
2017.04.12 20:08:17.092,1.09123,1.09128,2.62,1.56
2017.04.12 20:08:18.862,1.09125,1.09127,1.87,1.00
2017.04.12 20:08:18.964,1.09123,1.09127,1.87,1.00
2017.04.12 20:08:19.761,1.09122,1.09128,4.76,9.75
2017.04.12 20:08:20.372,1.09122,1.09127,1.69,3.37
2017.04.12 20:08:20.878,1.09122,1.09127,1.25,1.87
2017.04.12 20:08:23.419,1.09122,1.09126,1.25,1.37
2017.04.12 20:08:23.572,1.09122,1.09127,1.69,2.62
2017.04.12 20:08:24.078,1.09122,1.09126,1.25,1.00
2017.04.12 20:08:24.830,1.09121,1.09126,1.69,1.00
2017.04.12 20:08:25.550,1.09122,1.09126,1.00,1.19
2017.04.12 20:08:25.652,1.0912,1.09125,1.87,1.31
2017.04.12 20:08:26.158,1.0912,1.09126,4.50,1.62
2017.04.12 20:08:26.664,1.09121,1.09126,1.12,1.69
2017.04.12 20:08:28.866,1.0912,1.09124,3.37,2.25
2017.04.12 20:08:29.412,1.0912,1.09124,1.12,4.50
2017.04.12 20:08:31.002,1.09122,1.09124,4.88,4.50
2017.04.12 20:08:31.257,1.09121,1.09124,1.00,2.25
2017.04.12 20:08:31.359,1.0912,1.09121,2.25,2.25
2017.04.12 20:08:31.865,1.09119,1.09121,1.00,4.50
2017.04.12 20:08:32.569,1.0912,1.09121,1.00,4.50
2017.04.12 20:08:32.945,1.09121,1.09124,2.62,4.50
2017.04.12 20:08:33.965,1.09122,1.09123,1.12,2.25
2017.04.12 20:08:34.017,1.09121,1.09124,1.00,4.87
2017.04.12 20:08:34.560,1.09121,1.09124,2.62,4.50
2017.04.12 20:08:37.283,1.09123,1.09124,1.12,4.50
2017.04.12 20:08:37.946,1.09122,1.09124,2.25,3.75
2017.04.12 20:08:38.099,1.0912,1.09122,3.07,2.25
2017.04.12 20:08:39.038,1.0912,1.09122,1.50,2.25
2017.04.12 20:08:40.727,1.09121,1.09122,1.00,2.25
2017.04.12 20:08:40.779,1.09121,1.09124,3.00,5.62
2017.04.12 20:08:40.881,1.09123,1.09124,1.12,4.50
2017.04.12 20:08:41.476,1.09122,1.09124,1.50,4.50
2017.04.12 20:08:43.212,1.09122,1.09124,2.62,4.50
2017.04.12 20:08:45.227,1.09122,1.09124,1.12,4.50
2017.04.12 20:08:46.365,1.09123,1.09124,1.12,1.00
2017.04.12 20:08:46.416,1.09123,1.09127,1.12,2.44
2017.04.12 20:08:47.378,1.09123,1.09127,3.26,1.12
2017.04.12 20:08:47.929,1.09123,1.09129,4.01,3.56
2017.04.12 20:08:49.710,1.09122,1.09126,4.39,1.00
2017.04.12 20:08:50.211,1.09121,1.09126,3.19,1.87
2017.04.12 20:08:51.252,1.09123,1.09128,1.35,4.50
2017.04.12 20:08:51.454,1.09124,1.09129,1.37,3.00
2017.04.12 20:08:52.267,1.09124,1.09129,1.12,2.25
2017.04.12 20:08:56.911,1.09123,1.09129,6.64,1.87
2017.04.12 20:08:58.172,1.09124,1.09129,1.12,1.50
2017.04.12 20:08:58.576,1.09123,1.09128,2.81,1.87
2017.04.12 20:08:58.729,1.09123,1.09128,2.81,1.50
2017.04.12 20:08:59.298,1.09124,1.09128,2.62,1.12
2017.04.12 20:08:59.820,1.09123,1.09128,4.39,1.12
2017.04.12 20:09:02.872,1.09124,1.09129,2.62,1.87
2017.04.12 20:09:03.873,1.09123,1.09129,6.64,1.50
2017.04.12 20:09:06.872,1.09123,1.09128,1.69,1.12
2017.04.12 20:09:08.580,1.09123,1.09128,2.81,1.12
2017.04.12 20:09:09.094,1.09123,1.09128,3.37,1.50
2017.04.12 20:09:10.055,1.09123,1.09128,2.06,2.25
2017.04.12 20:09:10.570,1.09123,1.09128,1.31,1.50
2017.04.12 20:09:11.092,1.09123,1.09128,3.94,1.12
2017.04.12 20:09:13.268,1.09123,1.09127,3.94,1.00
2017.04.12 20:09:13.319,1.09121,1.09127,3.94,7.95
2017.04.12 20:09:13.825,1.09121,1.09127,5.44,10.12
2017.04.12 20:09:14.334,1.09122,1.09127,1.69,9.75
2017.04.12 20:09:15.199,1.09122,1.09127,1.31,9.00
2017.04.12 20:09:17.226,1.09122,1.09127,3.19,7.12
2017.04.12 20:09:18.020,1.09122,1.09127,3.19,1.50
2017.04.12 20:09:23.308,1.09125,1.09128,2.62,4.50
2017.04.12 20:09:23.514,1.09127,1.09132,3.00,1.37
2017.04.12 20:09:24.021,1.09127,1.09132,3.75,1.00
2017.04.12 20:09:24.224,1.09129,1.09132,1.19,1.00
2017.04.12 20:09:24.427,1.0913,1.09135,2.44,1.50
2017.04.12 20:09:27.028,1.09131,1.09135,3.56,1.37
2017.04.12 20:09:28.043,1.09131,1.09135,2.81,1.37
2017.04.12 20:09:33.499,1.09131,1.09136,1.31,2.25
2017.04.12 20:09:34.029,1.09131,1.09136,3.94,1.00
2017.04.12 20:09:36.375,1.09131,1.09136,3.19,1.37
2017.04.12 20:09:36.881,1.09131,1.09136,3.19,1.00
2017.04.12 20:09:39.254,1.09132,1.09137,4.50,1.69
2017.04.12 20:09:40.466,1.09132,1.09137,6.75,1.12
2017.04.12 20:09:41.509,1.09133,1.09137,1.87,1.37
2017.04.12 20:09:42.251,1.09133,1.09137,1.87,1.00
2017.04.12 20:09:43.445,1.09134,1.09138,1.87,1.37
2017.04.12 20:09:43.547,1.09135,1.09139,1.87,1.00
2017.04.12 20:09:44.050,1.09135,1.0914,1.87,1.25
2017.04.12 20:09:44.562,1.09134,1.0914,4.12,6.00
2017.04.12 20:09:47.214,1.09135,1.09139,2.62,1.25
2017.04.12 20:09:47.805,1.09134,1.0914,5.25,2.44
2017.04.12 20:09:48.261,1.09134,1.09137,1.87,1.00
2017.04.12 20:09:48.465,1.09132,1.09137,1.00,2.62
2017.04.12 20:09:49.196,1.09133,1.09137,1.00,1.00
2017.04.12 20:09:51.361,1.09133,1.09137,1.00,3.00
2017.04.12 20:09:51.888,1.09133,1.09137,1.00,2.62
2017.04.12 20:09:52.583,1.09134,1.09137,1.00,1.87
2017.04.12 20:09:53.150,1.09133,1.09137,1.12,1.87
2017.04.12 20:09:53.660,1.09132,1.09137,1.12,2.62
2017.04.12 20:09:53.761,1.09132,1.09136,1.12,1.37
2017.04.12 20:09:55.090,1.09133,1.09137,1.00,7.12
2017.04.12 20:09:57.624,1.09132,1.09137,2.62,6.37
2017.04.12 20:09:58.132,1.09132,1.09137,2.62,6.37
2017.04.12 20:09:58.696,1.09132,1.09137,3.00,1.12
2017.04.12 20:09:59.290,1.09132,1.09137,3.00,1.12
2017.04.12 20:09:59.888,1.09131,1.09137,3.19,6.37
2017.04.12 20:10:00.569,1.09131,1.09136,3.19,1.37
2017.04.12 20:10:01.114,1.09132,1.09136,1.31,1.00
2017.04.12 20:10:03.250,1.09133,1.09137,1.00,1.37
2017.04.12 20:10:03.758,1.09133,1.09138,1.12,2.25
2017.04.12 20:10:04.693,1.09133,1.09138,1.50,1.50
2017.04.12 20:10:04.747,1.09135,1.09138,1.69,1.00
2017.04.12 20:10:04.798,1.09136,1.0914,4.31,1.87
2017.04.12 20:10:04.900,1.09137,1.09142,2.81,2.25
2017.04.12 20:10:05.434,1.09137,1.09142,2.62,1.87
2017.04.12 20:10:05.942,1.09136,1.09142,3.94,3.37
2017.04.12 20:10:06.750,1.09136,1.09142,2.06,3.00
2017.04.12 20:10:07.676,1.09136,1.09142,6.19,2.25
2017.04.12 20:10:08.082,1.09136,1.09141,1.00,6.37
2017.04.12 20:10:11.009,1.09135,1.09139,1.00,1.12
2017.04.12 20:10:11.515,1.09134,1.09139,2.81,1.95
2017.04.12 20:10:12.409,1.09136,1.09141,1.12,6.75
2017.04.12 20:10:18.397,1.09136,1.09141,2.62,6.56
2017.04.12 20:10:18.955,1.09136,1.09141,2.62,1.69
2017.04.12 20:10:20.528,1.09137,1.09141,2.62,1.31
2017.04.12 20:10:26.502,1.09137,1.09142,1.12,1.69
2017.04.12 20:10:27.523,1.09137,1.09142,2.62,1.69
2017.04.12 20:10:28.056,1.09139,1.09143,1.12,4.87
2017.04.12 20:10:28.377,1.0914,1.09145,1.12,3.19
2017.04.12 20:10:28.591,1.09142,1.09145,3.00,1.00
2017.04.12 20:10:28.743,1.09143,1.09147,1.12,1.00
2017.04.12 20:10:29.644,1.09144,1.09148,1.12,1.25
2017.04.12 20:10:30.159,1.09148,1.0915,1.00,3.75
2017.04.12 20:10:30.261,1.09149,1.09153,1.12,1.87
2017.04.12 20:10:30.312,1.09149,1.09153,1.87,1.50
2017.04.12 20:10:31.172,1.09149,1.09154,1.87,2.44
2017.04.12 20:10:31.841,1.09149,1.09154,1.00,6.94
2017.04.12 20:10:31.971,1.09147,1.09153,1.87,5.25
2017.04.12 20:10:32.588,1.09146,1.09152,8.44,1.50
2017.04.12 20:10:32.741,1.09149,1.09153,1.12,3.19
2017.04.12 20:10:33.260,1.09147,1.09153,4.50,4.05
2017.04.12 20:10:33.766,1.09147,1.09153,1.50,4.57
2017.04.12 20:10:34.300,1.09146,1.09152,1.87,2.06
2017.04.12 20:10:34.766,1.09145,1.09149,1.87,1.00
2017.04.12 20:10:35.070,1.09139,1.09143,2.62,2.62
2017.04.12 20:10:35.657,1.09138,1.09143,2.62,2.62
2017.04.12 20:10:39.110,1.09138,1.09144,4.87,3.07
2017.04.12 20:10:40.058,1.09139,1.09145,2.62,4.69
2017.04.12 20:10:40.925,1.09139,1.09144,1.50,1.25
2017.04.12 20:10:41.345,1.09138,1.09143,1.37,3.56
2017.04.12 20:10:41.650,1.09137,1.09141,1.50,1.50
2017.04.12 20:10:42.166,1.09136,1.09141,1.87,1.95
2017.04.12 20:10:42.724,1.09136,1.09141,1.87,1.72
2017.04.12 20:10:43.467,1.09136,1.09141,3.37,1.50
2017.04.12 20:10:44.212,1.09136,1.09141,4.87,1.00
2017.04.12 20:10:47.139,1.09137,1.09142,3.00,1.72
2017.04.12 20:10:49.152,1.09137,1.09142,1.12,2.47
2017.04.12 20:11:00.510,1.09136,1.09141,4.31,3.79
2017.04.12 20:11:07.281,1.09136,1.09139,3.56,1.00
2017.04.12 20:11:08.282,1.09136,1.09139,1.12,1.25
2017.04.12 20:11:09.328,1.09135,1.09138,1.00,3.19
2017.04.12 20:11:09.430,1.09133,1.09138,1.50,4.31
2017.04.12 20:11:10.715,1.09133,1.09139,2.81,4.39
2017.04.12 20:11:12.319,1.09133,1.09139,2.81,3.49
2017.04.12 20:11:17.343,1.09133,1.09139,3.19,3.49
2017.04.12 20:11:18.156,1.09132,1.09137,3.00,2.48
2017.04.12 20:11:18.257,1.09131,1.09135,1.87,1.50
2017.04.12 20:11:18.916,1.0913,1.09135,1.50,1.50
2017.04.12 20:11:19.479,1.0913,1.09135,1.00,3.00
2017.04.12 20:11:19.986,1.09131,1.09135,1.00,1.12
2017.04.12 20:11:22.444,1.0913,1.09135,1.00,2.62
2017.04.12 20:11:24.141,1.0913,1.09134,1.00,1.00
2017.04.12 20:11:24.648,1.09129,1.09134,1.87,2.29
2017.04.12 20:11:25.172,1.09129,1.09134,1.12,2.29
2017.04.12 20:11:25.375,1.09129,1.09134,1.87,2.06
2017.04.12 20:11:25.882,1.09129,1.09134,1.12,2.29
2017.04.12 20:11:26.422,1.09129,1.09134,1.87,2.06
2017.04.12 20:11:27.083,1.09129,1.09134,1.87,3.04
2017.04.12 20:11:28.414,1.0913,1.09135,1.00,3.19
2017.04.12 20:11:31.351,1.09129,1.09134,1.12,1.69
2017.04.12 20:11:31.962,1.09129,1.09134,1.12,3.04
2017.04.12 20:11:34.866,1.09129,1.09134,1.50,2.29
2017.04.12 20:11:35.368,1.0913,1.09135,1.00,2.81
2017.04.12 20:11:36.767,1.0913,1.09135,1.00,3.19
2017.04.12 20:11:41.777,1.09133,1.09137,2.25,1.97
2017.04.12 20:11:41.879,1.09132,1.09138,4.50,2.81
2017.04.12 20:11:41.930,1.09132,1.09138,3.75,3.19
2017.04.12 20:11:44.321,1.09133,1.09138,1.50,1.16
2017.04.12 20:11:46.839,1.09133,1.09138,2.25,2.25
2017.04.12 20:11:47.999,1.09132,1.09137,1.69,2.10
2017.04.12 20:11:48.438,1.09131,1.09136,2.06,2.47
2017.04.12 20:11:48.955,1.09131,1.09136,2.44,2.25
2017.04.12 20:11:51.489,1.09134,1.09137,1.31,1.72
2017.04.12 20:11:51.718,1.09137,1.09142,1.50,2.62
2017.04.12 20:11:52.620,1.09137,1.09142,1.87,1.35
2017.04.12 20:11:53.316,1.0914,1.09142,3.37,1.30
2017.04.12 20:11:53.469,1.09144,1.09148,1.69,1.50
2017.04.12 20:11:53.521,1.09144,1.09149,1.69,1.50
2017.04.12 20:11:54.136,1.09144,1.09149,1.31,1.12
2017.04.12 20:11:54.645,1.09143,1.09148,3.94,1.00
2017.04.12 20:11:55.605,1.09143,1.09147,1.25,1.50
2017.04.12 20:11:56.380,1.09143,1.09147,1.25,3.60
2017.04.12 20:11:56.482,1.09141,1.09147,1.69,3.60
2017.04.12 20:11:57.762,1.09141,1.09147,1.56,1.30
2017.04.12 20:12:03.675,1.09143,1.09148,1.25,2.85
2017.04.12 20:12:04.711,1.09143,1.09148,1.25,3.60
2017.04.12 20:12:06.344,1.09142,1.09144,2.06,1.00
2017.04.12 20:12:06.446,1.09139,1.09143,2.25,1.87
2017.04.12 20:12:06.497,1.09137,1.09143,2.06,2.62
2017.04.12 20:12:09.930,1.09137,1.09141,1.69,1.00
2017.04.12 20:12:11.590,1.09139,1.09142,2.81,1.01
2017.04.12 20:12:11.743,1.09141,1.09146,5.06,4.12
2017.04.12 20:12:11.794,1.09141,1.09147,5.44,2.25
2017.04.12 20:12:12.384,1.09142,1.09148,2.25,2.51
2017.04.12 20:12:12.594,1.09142,1.09148,6.56,1.76
2017.04.12 20:12:12.936,1.09146,1.09149,4.31,1.87
2017.04.12 20:12:13.190,1.09152,1.09155,3.75,1.00
2017.04.12 20:12:13.444,1.09152,1.09153,4.50,1.00
2017.04.12 20:12:13.495,1.0915,1.09153,1.12,1.12
2017.04.12 20:12:14.189,1.0915,1.09154,1.12,1.12
2017.04.12 20:12:14.990,1.09151,1.09154,1.00,1.12
2017.04.12 20:12:15.041,1.09153,1.09155,4.31,2.25
2017.04.12 20:12:15.194,1.09154,1.09158,1.69,1.50
2017.04.12 20:12:15.295,1.09154,1.09159,2.44,1.12
2017.04.12 20:12:16.215,1.09158,1.09161,2.06,3.37
2017.04.12 20:12:16.316,1.09159,1.09164,2.06,1.75
2017.04.12 20:12:16.418,1.09159,1.09164,2.44,1.00
2017.04.12 20:12:17.076,1.0916,1.09164,3.56,1.00
2017.04.12 20:12:17.279,1.09161,1.09166,2.44,2.25
2017.04.12 20:12:18.173,1.0916,1.09165,2.06,1.00
2017.04.12 20:12:18.275,1.0916,1.09165,1.25,2.25
2017.04.12 20:12:18.803,1.09159,1.09165,3.94,3.00
2017.04.12 20:12:19.828,1.0916,1.09163,1.25,1.00
2017.04.12 20:12:19.966,1.09159,1.0916,1.25,1.00
2017.04.12 20:12:20.144,1.09155,1.09159,1.50,1.25
2017.04.12 20:12:20.787,1.09154,1.09159,2.81,1.31
2017.04.12 20:12:21.303,1.09155,1.09158,1.37,1.12
2017.04.12 20:12:21.809,1.09156,1.0916,1.12,1.69
2017.04.12 20:12:22.974,1.09155,1.09159,1.69,1.12
2017.04.12 20:12:24.373,1.09154,1.09158,4.31,1.00
2017.04.12 20:12:24.900,1.09154,1.09158,3.00,3.94
2017.04.12 20:12:25.438,1.09154,1.09158,1.50,3.94
2017.04.12 20:12:28.032,1.09154,1.09158,3.37,1.50
2017.04.12 20:12:31.042,1.09154,1.09157,1.87,1.12
2017.04.12 20:12:32.156,1.09153,1.09156,3.19,1.50
2017.04.12 20:12:32.211,1.0915,1.09153,1.25,2.25
2017.04.12 20:12:35.146,1.0915,1.09156,7.61,12.37
2017.04.12 20:12:35.248,1.09152,1.09157,1.69,4.87
2017.04.12 20:12:35.401,1.09153,1.09158,1.25,2.25
2017.04.12 20:12:38.404,1.09152,1.09157,3.56,1.12
2017.04.12 20:12:38.628,1.09151,1.09155,5.44,1.00
2017.04.12 20:12:39.203,1.09151,1.09156,3.94,1.00
2017.04.12 20:12:39.725,1.09152,1.09157,2.06,1.50
2017.04.12 20:12:42.632,1.09152,1.09155,1.39,1.00
2017.04.12 20:12:42.784,1.0915,1.09155,2.44,1.00
2017.04.12 20:12:44.925,1.09151,1.09156,2.44,3.75
2017.04.12 20:12:45.431,1.09151,1.09156,3.94,1.12
2017.04.12 20:12:45.736,1.09149,1.09154,1.69,1.12
2017.04.12 20:12:46.612,1.09149,1.09153,1.69,1.00
2017.04.12 20:12:47.169,1.09149,1.09155,2.06,6.00
2017.04.12 20:12:49.281,1.09149,1.09151,2.44,1.50
2017.04.12 20:12:49.434,1.09148,1.0915,1.00,3.00
2017.04.12 20:12:49.485,1.09145,1.09149,2.06,1.00
2017.04.12 20:12:49.537,1.09145,1.09151,2.44,4.69
2017.04.12 20:12:49.639,1.09145,1.09151,1.31,5.06
2017.04.12 20:12:50.934,1.09145,1.09151,1.25,6.56
2017.04.12 20:12:51.606,1.09146,1.09151,1.76,1.50
2017.04.12 20:12:51.759,1.09146,1.09152,2.51,1.87
2017.04.12 20:12:52.554,1.09147,1.09152,1.12,1.12
2017.04.12 20:12:55.815,1.09148,1.09152,1.00,2.25
2017.04.12 20:12:56.613,1.09147,1.09152,3.19,1.87
2017.04.12 20:12:59.385,1.09148,1.09152,1.00,1.12
2017.04.12 20:12:59.538,1.09145,1.09147,16.31,3.00
2017.04.12 20:12:59.691,1.09141,1.09144,1.87,2.66
2017.04.12 20:12:59.923,1.09137,1.0914,4.31,1.00
2017.04.12 20:13:00.432,1.09138,1.09142,1.00,1.72
2017.04.12 20:13:00.938,1.09138,1.09142,1.00,1.00
2017.04.12 20:13:01.453,1.09138,1.09143,1.00,1.87
2017.04.12 20:13:04.274,1.09137,1.09142,2.06,1.35
2017.04.12 20:13:04.505,1.09136,1.09141,1.12,3.37
2017.04.12 20:13:05.012,1.09135,1.0914,1.69,1.12
2017.04.12 20:13:06.076,1.09135,1.0914,1.69,3.37
2017.04.12 20:13:06.380,1.09137,1.09141,2.44,1.00
2017.04.12 20:13:06.904,1.09138,1.09142,1.00,1.00
2017.04.12 20:13:07.461,1.09139,1.09143,2.81,1.50
2017.04.12 20:13:07.664,1.09142,1.09147,1.00,1.12
2017.04.12 20:13:10.502,1.09142,1.09147,1.00,1.37
2017.04.12 20:13:11.301,1.09141,1.09147,3.19,4.87
2017.04.12 20:13:14.053,1.09141,1.09147,2.06,5.62
2017.04.12 20:13:14.566,1.09143,1.09148,1.00,1.87
2017.04.12 20:13:15.080,1.09143,1.09148,1.00,1.12
2017.04.12 20:13:19.132,1.09142,1.09147,5.81,1.50
2017.04.12 20:13:19.697,1.09143,1.09148,1.31,1.50
2017.04.12 20:13:20.204,1.09142,1.09148,3.94,5.92
2017.04.12 20:13:20.760,1.09142,1.09147,2.62,3.37
2017.04.12 20:13:21.165,1.09141,1.09145,2.62,1.00
2017.04.12 20:13:21.693,1.09142,1.09145,1.00,1.05
2017.04.12 20:13:22.202,1.09144,1.09146,1.00,1.00
2017.04.12 20:13:23.016,1.09144,1.09148,1.00,3.30
2017.04.12 20:13:23.521,1.09144,1.09148,1.00,1.00
2017.04.12 20:13:25.655,1.09143,1.09147,2.44,3.75
2017.04.12 20:13:26.211,1.09144,1.09147,1.00,1.00
2017.04.12 20:13:26.718,1.09144,1.09148,1.25,1.12
2017.04.12 20:13:29.303,1.09143,1.09147,2.44,1.00
2017.04.12 20:13:29.810,1.09144,1.09147,1.00,1.05
2017.04.12 20:13:30.455,1.09145,1.09148,2.62,1.87
2017.04.12 20:13:30.756,1.0915,1.09155,1.00,3.75
2017.04.12 20:13:31.263,1.09151,1.09154,1.00,1.00
2017.04.12 20:13:31.848,1.0915,1.09154,1.50,1.00
2017.04.12 20:13:32.373,1.0915,1.09154,1.50,1.37
2017.04.12 20:13:32.922,1.09151,1.09155,1.00,2.62
2017.04.12 20:13:33.450,1.09151,1.09155,1.00,2.25
2017.04.12 20:13:33.653,1.09152,1.09156,1.12,1.12
2017.04.12 20:13:34.688,1.09151,1.09155,1.50,1.12
2017.04.12 20:13:35.202,1.09151,1.09155,1.00,1.87
2017.04.12 20:13:35.609,1.09149,1.09151,2.44,1.00
2017.04.12 20:13:35.864,1.09151,1.09155,1.12,4.87
2017.04.12 20:13:36.472,1.0915,1.09154,1.31,1.50
2017.04.12 20:13:37.060,1.0915,1.09154,1.12,4.87
2017.04.12 20:13:37.911,1.09148,1.0915,5.06,2.29
2017.04.12 20:13:38.155,1.09145,1.09148,1.00,1.00
2017.04.12 20:13:38.256,1.09143,1.09147,3.94,1.00
2017.04.12 20:13:38.762,1.09143,1.09147,1.25,4.12
2017.04.12 20:13:39.883,1.09142,1.09147,2.44,4.50
2017.04.12 20:13:40.394,1.09142,1.09146,1.50,1.37
2017.04.12 20:13:40.990,1.09143,1.09147,1.00,1.00
2017.04.12 20:13:41.497,1.09144,1.09148,1.00,2.25
2017.04.12 20:13:42.004,1.09144,1.09148,1.00,1.50
2017.04.12 20:13:42.511,1.09144,1.09148,1.00,1.50
2017.04.12 20:13:43.014,1.09143,1.09147,1.12,4.87
2017.04.12 20:13:43.116,1.09141,1.09144,5.62,1.00
2017.04.12 20:13:43.268,1.0914,1.09144,1.00,2.25
2017.04.12 20:13:43.886,1.09139,1.09143,1.00,1.00
2017.04.12 20:13:44.784,1.09142,1.09144,1.00,1.50
2017.04.12 20:13:45.053,1.09144,1.09148,1.00,3.37
2017.04.12 20:13:45.559,1.09143,1.09147,1.00,1.00
2017.04.12 20:13:46.103,1.09143,1.09147,1.00,1.37
2017.04.12 20:13:46.622,1.09143,1.09147,1.00,1.00
2017.04.12 20:13:47.145,1.09143,1.09147,1.00,1.37
2017.04.12 20:13:47.848,1.09142,1.09145,1.12,1.00
2017.04.12 20:13:48.533,1.09142,1.09146,1.00,3.79
2017.04.12 20:13:48.737,1.0914,1.09145,2.06,1.41
2017.04.12 20:13:49.548,1.09139,1.09144,2.25,2.29
2017.04.12 20:13:51.565,1.09139,1.09144,1.00,6.75
2017.04.12 20:13:52.085,1.09139,1.09144,1.00,4.54
2017.04.12 20:13:54.182,1.09139,1.09144,1.00,7.54
2017.04.12 20:13:54.284,1.09139,1.09144,1.00,4.95
2017.04.12 20:13:54.487,1.09139,1.09144,1.00,5.62
2017.04.12 20:13:54.701,1.09139,1.09144,1.00,4.54
2017.04.12 20:13:54.803,1.09139,1.09144,1.00,7.12
2017.04.12 20:13:55.011,1.09139,1.09144,1.00,4.54
2017.04.12 20:13:55.755,1.0914,1.09144,1.00,1.91
2017.04.12 20:13:55.806,1.0914,1.09144,1.00,1.12
2017.04.12 20:13:56.239,1.09137,1.09139,11.06,1.00
2017.04.12 20:13:56.341,1.09137,1.09138,1.00,1.00
2017.04.12 20:13:56.443,1.09138,1.0914,1.25,1.50
2017.04.12 20:13:56.545,1.09138,1.09142,1.25,1.12
2017.04.12 20:13:57.189,1.09137,1.09141,1.00,1.30
2017.04.12 20:13:57.351,1.09138,1.09139,1.25,1.00
2017.04.12 20:13:57.402,1.09137,1.09141,2.06,1.00
2017.04.12 20:13:57.706,1.09137,1.0914,1.00,1.54
2017.04.12 20:14:01.047,1.09139,1.0914,1.25,1.05
2017.04.12 20:14:01.149,1.09139,1.09143,1.25,1.12
2017.04.12 20:14:02.155,1.09138,1.09142,2.06,1.00
2017.04.12 20:14:02.982,1.09138,1.09143,2.06,1.87
2017.04.12 20:14:03.488,1.09138,1.09142,1.69,1.16
2017.04.12 20:14:04.068,1.09137,1.09142,2.44,2.66
2017.04.12 20:14:04.587,1.09137,1.09142,2.81,1.12
2017.04.12 20:14:05.044,1.09137,1.0914,1.69,1.00
2017.04.12 20:14:05.298,1.09132,1.09137,6.56,1.87
2017.04.12 20:14:05.815,1.09132,1.09137,2.44,1.87
2017.04.12 20:14:05.867,1.09131,1.09134,6.00,1.50
2017.04.12 20:14:06.375,1.09131,1.09136,2.44,3.60
2017.04.12 20:14:06.476,1.09131,1.09136,2.81,1.87
2017.04.12 20:14:07.186,1.09131,1.09136,2.81,3.37
2017.04.12 20:14:07.714,1.09131,1.09136,2.06,3.37
2017.04.12 20:14:08.221,1.09131,1.09136,2.06,2.47
2017.04.12 20:14:09.360,1.09131,1.09136,2.81,2.62
2017.04.12 20:14:09.768,1.0913,1.09135,2.81,3.22
2017.04.12 20:14:10.074,1.09131,1.09136,1.25,1.87
2017.04.12 20:14:10.580,1.09131,1.09136,1.25,2.47
2017.04.12 20:14:11.445,1.0913,1.09136,3.19,1.87
2017.04.12 20:14:12.293,1.0913,1.09136,3.19,2.47
2017.04.12 20:14:12.799,1.09129,1.09134,4.69,1.72
2017.04.12 20:14:13.356,1.09129,1.09134,3.19,1.72
2017.04.12 20:14:13.899,1.0913,1.09135,1.31,3.22
2017.04.12 20:14:14.405,1.0913,1.09136,3.94,2.10
2017.04.12 20:14:14.674,1.09132,1.09137,1.00,2.25
2017.04.12 20:14:15.182,1.09133,1.09138,1.00,3.37
2017.04.12 20:14:15.363,1.09134,1.09139,4.69,1.87
2017.04.12 20:14:15.870,1.09135,1.0914,2.06,1.50
2017.04.12 20:14:17.317,1.09135,1.0914,3.94,1.12
2017.04.12 20:14:19.353,1.09137,1.09141,1.00,1.50
2017.04.12 20:14:19.879,1.09137,1.09142,1.00,3.00
2017.04.12 20:14:20.385,1.09136,1.09141,3.56,1.35
2017.04.12 20:14:25.122,1.09136,1.09141,2.06,3.60
2017.04.12 20:14:25.729,1.09136,1.0914,1.00,1.60
2017.04.12 20:14:25.958,1.09133,1.09138,1.00,5.62
2017.04.12 20:14:26.465,1.09134,1.09139,2.81,1.00
2017.04.12 20:14:27.316,1.09134,1.09138,2.81,1.87
2017.04.12 20:14:27.368,1.09133,1.09136,5.44,1.00
2017.04.12 20:14:27.690,1.09129,1.09131,2.06,1.00
2017.04.12 20:14:27.944,1.09129,1.09133,2.06,1.87
2017.04.12 20:14:28.502,1.09129,1.09131,1.69,1.00
2017.04.12 20:14:29.008,1.09129,1.09132,2.06,1.00
2017.04.12 20:14:30.934,1.09127,1.09131,7.31,1.00
2017.04.12 20:14:31.973,1.09127,1.0913,2.44,1.00
2017.04.12 20:14:34.227,1.09127,1.09131,2.06,1.00
2017.04.12 20:14:34.819,1.09128,1.09132,2.06,1.00
2017.04.12 20:14:35.074,1.0913,1.09134,1.25,1.50
2017.04.12 20:14:35.125,1.0913,1.09132,3.75,1.00
2017.04.12 20:14:35.278,1.09127,1.0913,5.06,1.00
2017.04.12 20:14:36.636,1.09127,1.09132,3.19,4.12
2017.04.12 20:14:38.668,1.09127,1.09128,1.00,2.25
2017.04.12 20:14:38.769,1.09125,1.09128,1.00,5.25
2017.04.12 20:14:39.073,1.09125,1.09131,2.06,5.25
2017.04.12 20:14:39.832,1.09125,1.09131,5.44,3.00
2017.04.12 20:14:40.725,1.09125,1.09131,4.31,6.75
2017.04.12 20:14:41.230,1.09125,1.09131,1.69,7.12
2017.04.12 20:14:42.354,1.09125,1.09127,1.50,1.87
2017.04.12 20:14:42.810,1.09125,1.09129,1.25,1.00
2017.04.12 20:14:43.216,1.09125,1.09128,1.00,3.00
2017.04.12 20:14:44.421,1.09124,1.09129,1.69,4.87
2017.04.12 20:14:44.929,1.09124,1.09127,1.69,1.00
2017.04.12 20:14:45.435,1.09124,1.09126,1.37,1.87
2017.04.12 20:14:46.175,1.09122,1.09125,1.50,1.00
2017.04.12 20:14:47.078,1.09121,1.09125,2.81,1.37
2017.04.12 20:14:47.736,1.09121,1.09125,2.81,1.87
2017.04.12 20:14:47.939,1.09123,1.09125,1.00,1.50
2017.04.12 20:14:48.091,1.09123,1.09127,1.69,1.00
2017.04.12 20:14:48.597,1.09121,1.09126,2.44,6.00
2017.04.12 20:14:49.104,1.09123,1.09127,2.06,1.00
2017.04.12 20:14:49.638,1.09123,1.09127,3.19,1.00
2017.04.12 20:14:50.856,1.09123,1.09128,1.69,2.62
2017.04.12 20:14:51.009,1.09123,1.09127,1.25,3.00
2017.04.12 20:14:51.528,1.09122,1.09125,1.12,1.00
2017.04.12 20:14:52.930,1.0912,1.09125,1.87,1.12
2017.04.12 20:14:53.256,1.0912,1.09123,1.50,1.00
2017.04.12 20:14:53.358,1.09119,1.09123,1.12,1.00
2017.04.12 20:14:53.865,1.09118,1.09122,3.00,1.00
2017.04.12 20:14:54.575,1.09118,1.0912,1.37,1.00
2017.04.12 20:14:54.804,1.09114,1.09118,4.12,1.00
2017.04.12 20:14:55.109,1.09116,1.09119,1.00,2.06
2017.04.12 20:14:55.212,1.09117,1.0912,2.44,1.12
2017.04.12 20:14:55.415,1.09118,1.09122,1.00,1.00
2017.04.12 20:14:55.903,1.09114,1.09119,4.87,1.00
2017.04.12 20:14:56.056,1.09114,1.09119,1.00,1.12
2017.04.12 20:14:56.575,1.09113,1.09119,5.06,1.12
2017.04.12 20:14:57.170,1.09113,1.09119,2.81,1.12
2017.04.12 20:14:57.972,1.09117,1.0912,1.00,2.81
2017.04.12 20:14:58.125,1.09117,1.09123,1.00,2.06
2017.04.12 20:14:58.226,1.09117,1.09123,1.12,1.69
2017.04.12 20:14:58.770,1.09117,1.09123,2.62,2.81
2017.04.12 20:14:58.872,1.09122,1.09123,3.75,1.12
2017.04.12 20:14:58.974,1.09124,1.09128,3.19,1.87
2017.04.12 20:14:59.331,1.09125,1.09131,1.00,2.81
2017.04.12 20:14:59.382,1.09125,1.09128,1.00,2.25
2017.04.12 20:14:59.585,1.0912,1.09126,1.87,2.06
2017.04.12 20:15:00.123,1.0912,1.09126,1.00,2.44
2017.04.12 20:15:00.631,1.09121,1.09127,1.87,1.31
2017.04.12 20:15:00.885,1.0912,1.09126,1.12,2.06
2017.04.12 20:15:01.414,1.09119,1.09126,2.44,2.81
2017.04.12 20:15:02.638,1.09119,1.09125,2.81,1.00
2017.04.12 20:15:03.150,1.09119,1.09125,1.00,2.81
2017.04.12 20:15:06.947,1.0912,1.09125,1.37,1.00
2017.04.12 20:15:07.453,1.09121,1.09126,1.00,3.19
2017.04.12 20:15:07.926,1.09122,1.09126,2.62,1.25
2017.04.12 20:15:08.129,1.09126,1.09131,3.37,1.00
2017.04.12 20:15:08.637,1.09127,1.09132,1.00,1.25
2017.04.12 20:15:09.156,1.09126,1.09132,1.00,6.56
2017.04.12 20:15:09.690,1.09126,1.09132,1.00,6.94
2017.04.12 20:15:11.346,1.09125,1.0913,1.37,2.81
2017.04.12 20:15:11.608,1.09123,1.09128,1.00,1.62
2017.04.12 20:15:12.014,1.09121,1.09126,1.12,2.06
2017.04.12 20:15:13.315,1.0912,1.09126,1.12,3.94
2017.04.12 20:15:13.830,1.0912,1.09126,1.12,4.31
2017.04.12 20:15:14.338,1.0912,1.09126,1.87,3.19
2017.04.12 20:15:15.142,1.09123,1.09126,1.37,1.12
2017.04.12 20:15:15.396,1.09121,1.09126,1.12,2.06
2017.04.12 20:15:15.946,1.09121,1.09126,1.00,2.81
2017.04.12 20:15:17.778,1.0912,1.09126,2.25,2.44
2017.04.12 20:15:21.377,1.09119,1.09123,5.44,1.00
2017.04.12 20:15:21.755,1.09118,1.0912,1.37,2.25
2017.04.12 20:15:21.924,1.09113,1.09116,1.00,1.00
2017.04.12 20:15:25.564,1.09112,1.09116,1.87,1.12
2017.04.12 20:15:32.070,1.09111,1.09116,2.62,1.12
2017.04.12 20:15:32.583,1.0911,1.09115,2.62,2.06
2017.04.12 20:15:33.029,1.09109,1.09114,1.37,3.19
2017.04.12 20:15:33.181,1.09108,1.09114,1.00,5.06
2017.04.12 20:15:35.000,1.09107,1.09113,3.37,1.31
2017.04.12 20:15:36.101,1.09107,1.09113,1.12,7.31
2017.04.12 20:15:36.607,1.09109,1.09113,1.00,4.87
2017.04.12 20:15:36.709,1.09109,1.09115,1.50,5.44
2017.04.12 20:15:36.811,1.09109,1.09115,1.87,5.06
2017.04.12 20:15:37.620,1.09109,1.09115,2.62,3.56
2017.04.12 20:15:42.673,1.09108,1.09114,6.75,4.12
2017.04.12 20:15:45.153,1.09109,1.09112,1.00,1.12
2017.04.12 20:15:45.255,1.09106,1.0911,3.00,1.00
2017.04.12 20:15:45.919,1.09106,1.0911,2.25,1.00
2017.04.12 20:15:46.745,1.09105,1.09108,2.62,2.06
2017.04.12 20:15:47.119,1.09102,1.09104,1.00,1.10
2017.04.12 20:15:47.626,1.09101,1.09104,1.50,1.00
2017.04.12 20:15:48.129,1.091,1.09104,2.25,1.00
2017.04.12 20:15:53.304,1.091,1.09104,2.25,1.12
2017.04.12 20:15:54.449,1.09104,1.09106,2.62,1.69
2017.04.12 20:15:54.753,1.09105,1.09107,1.87,1.50
2017.04.12 20:15:57.458,1.09103,1.09107,1.37,2.44
2017.04.12 20:15:57.560,1.09101,1.09107,2.62,4.31
2017.04.12 20:15:58.829,1.09101,1.09107,2.62,6.19
2017.04.12 20:15:59.359,1.09101,1.09106,1.87,1.19
2017.04.12 20:16:01.198,1.09101,1.09107,2.25,5.06
2017.04.12 20:16:02.329,1.091,1.09106,4.12,1.19
2017.04.12 20:16:02.922,1.091,1.09106,4.31,1.25
2017.04.12 20:16:12.460,1.09101,1.09105,2.06,1.00
2017.04.12 20:16:12.966,1.091,1.09105,2.25,1.50
2017.04.12 20:16:13.562,1.09101,1.09106,1.87,1.87
2017.04.12 20:16:17.684,1.091,1.09106,3.94,1.50
2017.04.12 20:16:18.197,1.09101,1.09106,1.00,1.50
2017.04.12 20:16:18.732,1.09101,1.09106,1.87,1.12
2017.04.12 20:16:19.239,1.09101,1.09106,1.50,1.12
2017.04.12 20:16:23.795,1.091,1.09106,4.31,1.12
2017.04.12 20:16:24.298,1.09101,1.09106,1.00,1.12
2017.04.12 20:16:26.960,1.09101,1.09106,1.37,1.00
2017.04.12 20:16:27.493,1.09101,1.09106,1.00,1.00
2017.04.12 20:16:30.916,1.091,1.09106,1.25,3.75
2017.04.12 20:16:36.335,1.091,1.09106,2.25,4.69
2017.04.12 20:16:38.353,1.091,1.09106,3.94,2.25
2017.04.12 20:16:38.506,1.09101,1.09107,1.00,3.56
2017.04.12 20:16:38.557,1.09101,1.09107,3.94,1.50
2017.04.12 20:16:39.066,1.09101,1.09106,3.94,1.00
2017.04.12 20:16:39.602,1.09101,1.09106,1.12,1.00
2017.04.12 20:16:43.224,1.091,1.09107,3.94,6.19
2017.04.12 20:16:43.729,1.091,1.09107,3.94,6.94
2017.04.12 20:16:46.098,1.09102,1.09108,1.00,9.56
2017.04.12 20:16:47.126,1.09101,1.09107,3.37,1.69
2017.04.12 20:16:50.133,1.09101,1.09107,3.37,1.69
2017.04.12 20:16:52.186,1.09101,1.09108,3.00,9.56
2017.04.12 20:16:55.531,1.09101,1.09108,3.75,6.19
2017.04.12 20:16:58.076,1.09102,1.09105,1.00,1.00
2017.04.12 20:16:58.381,1.09102,1.09107,1.00,1.25
2017.04.12 20:16:59.018,1.09101,1.09105,3.00,1.00
2017.04.12 20:17:02.927,1.09101,1.09102,1.87,1.50
2017.04.12 20:17:03.079,1.09098,1.09102,7.35,1.50
2017.04.12 20:17:03.182,1.09101,1.09102,1.50,1.00
2017.04.12 20:17:03.233,1.09101,1.09104,1.50,1.12
2017.04.12 20:17:03.739,1.09101,1.09105,1.50,1.87
2017.04.12 20:17:04.258,1.091,1.09105,2.25,1.12
2017.04.12 20:17:06.701,1.091,1.09105,2.62,1.12
2017.04.12 20:17:07.207,1.09101,1.09106,1.50,1.00
2017.04.12 20:17:07.410,1.09101,1.09103,2.99,2.25
2017.04.12 20:17:07.680,1.09097,1.09102,4.87,8.81
2017.04.12 20:17:07.731,1.09096,1.09101,2.62,1.50
2017.04.12 20:17:07.814,1.09095,1.091,1.50,1.87
2017.04.12 20:17:08.321,1.09095,1.09099,1.50,1.00
2017.04.12 20:17:08.898,1.09095,1.09099,1.00,1.00
2017.04.12 20:17:10.000,1.09094,1.09098,1.50,1.25
2017.04.12 20:17:10.102,1.09092,1.09096,1.50,1.65
2017.04.12 20:17:10.205,1.0909,1.09096,5.62,2.62
2017.04.12 20:17:10.561,1.0909,1.09096,4.69,3.75
2017.04.12 20:17:11.205,1.0909,1.09096,3.56,2.62
2017.04.12 20:17:12.203,1.09092,1.09097,1.50,3.56
2017.04.12 20:17:12.305,1.09094,1.09097,1.50,1.61
2017.04.12 20:17:12.508,1.09093,1.091,5.06,3.75
2017.04.12 20:17:13.638,1.09094,1.091,2.44,3.75
2017.04.12 20:17:18.104,1.09095,1.091,1.25,1.00
2017.04.12 20:17:18.971,1.09095,1.09101,1.69,3.37
2017.04.12 20:17:20.058,1.09097,1.09102,1.00,3.00
2017.04.12 20:17:20.564,1.09098,1.09102,1.00,1.12
2017.04.12 20:17:21.090,1.09097,1.09102,1.00,1.12
2017.04.12 20:17:21.596,1.09097,1.09102,1.00,3.00
2017.04.12 20:17:24.352,1.09097,1.09098,1.00,1.50
2017.04.12 20:17:24.403,1.09095,1.09098,1.00,1.50
2017.04.12 20:17:24.506,1.09093,1.09098,3.37,2.25
2017.04.12 20:17:25.013,1.09094,1.09098,1.00,2.25
2017.04.12 20:17:25.931,1.09093,1.09098,1.50,4.69
2017.04.12 20:17:28.715,1.09093,1.09097,1.00,1.00
2017.04.12 20:17:29.222,1.09092,1.09098,1.12,4.05
2017.04.12 20:17:31.820,1.09092,1.09097,1.00,4.69
2017.04.12 20:17:32.345,1.09091,1.09096,1.50,1.37
2017.04.12 20:17:32.498,1.09091,1.09097,1.00,3.56
2017.04.12 20:17:33.004,1.09091,1.09097,1.37,1.31
2017.04.12 20:17:34.208,1.09091,1.09097,1.12,3.94
2017.04.12 20:17:34.562,1.0909,1.09096,1.37,3.56
2017.04.12 20:17:35.068,1.0909,1.09096,1.00,3.94
2017.04.12 20:17:36.664,1.0909,1.09096,1.69,3.75
2017.04.12 20:17:39.287,1.0909,1.09095,1.31,1.00
2017.04.12 20:17:39.794,1.0909,1.09096,1.62,1.00
2017.04.12 20:17:42.007,1.0909,1.09096,1.69,1.87
2017.04.12 20:17:48.735,1.0909,1.09096,1.69,3.00
2017.04.12 20:17:49.768,1.09092,1.09097,1.00,2.81
2017.04.12 20:17:50.276,1.09092,1.09098,2.62,1.54
2017.04.12 20:17:53.002,1.09092,1.09097,1.00,1.00
2017.04.12 20:17:53.526,1.09092,1.09098,1.00,3.79
2017.04.12 20:17:54.113,1.09092,1.09098,1.50,3.41
2017.04.12 20:17:59.055,1.09092,1.09097,1.50,1.00
2017.04.12 20:17:59.601,1.09092,1.09097,1.00,1.00
2017.04.12 20:18:07.865,1.09091,1.09096,1.69,1.00
2017.04.12 20:18:08.449,1.09091,1.09096,1.31,1.00
2017.04.12 20:18:09.879,1.09091,1.09095,1.00,1.00
2017.04.12 20:18:11.223,1.0909,1.09095,2.62,1.00
2017.04.12 20:18:15.220,1.09093,1.09097,2.62,2.25
2017.04.12 20:18:15.474,1.09097,1.09101,3.00,2.59
2017.04.12 20:18:15.992,1.09098,1.091,3.37,1.12
2017.04.12 20:18:16.094,1.091,1.09104,1.69,4.50
2017.04.12 20:18:16.195,1.091,1.09105,3.19,1.91
2017.04.12 20:18:16.246,1.091,1.09105,3.19,4.69
2017.04.12 20:18:16.398,1.091,1.09105,3.19,1.25
2017.04.12 20:18:19.273,1.09101,1.09106,1.50,1.56
2017.04.12 20:18:20.770,1.091,1.09106,6.94,1.56
2017.04.12 20:18:21.279,1.091,1.09106,2.06,1.37
2017.04.12 20:18:23.333,1.09101,1.09106,1.25,1.00
2017.04.12 20:18:25.846,1.09102,1.09106,2.25,1.00
2017.04.12 20:18:26.050,1.09102,1.09108,5.06,3.37
2017.04.12 20:18:26.556,1.09103,1.09108,1.37,4.12
2017.04.12 20:18:26.708,1.09102,1.09107,1.87,1.87
2017.04.12 20:18:27.214,1.09101,1.09107,2.44,3.75
2017.04.12 20:18:27.552,1.09102,1.09108,2.06,3.00
2017.04.12 20:18:27.654,1.09102,1.09106,1.50,1.00
2017.04.12 20:18:28.163,1.09101,1.09106,1.62,1.00
2017.04.12 20:18:29.679,1.09101,1.09106,1.91,1.00
2017.04.12 20:18:31.314,1.09101,1.09106,3.79,1.00
2017.04.12 20:18:32.291,1.09101,1.09106,3.04,1.00
2017.04.12 20:18:33.285,1.09101,1.09106,5.29,1.00
2017.04.12 20:18:33.691,1.09105,1.09108,1.00,3.00
2017.04.12 20:18:33.972,1.09108,1.09113,3.94,6.00
2017.04.12 20:18:34.530,1.09107,1.09112,3.94,1.12
2017.04.12 20:18:42.044,1.09106,1.0911,1.50,1.00
2017.04.12 20:18:42.378,1.09104,1.09108,2.81,1.00
2017.04.12 20:18:44.940,1.09103,1.09107,10.12,1.87
2017.04.12 20:18:45.092,1.09102,1.09105,3.19,1.00
2017.04.12 20:18:45.295,1.09103,1.09108,1.25,1.50
2017.04.12 20:18:47.181,1.09102,1.09108,1.50,6.75
2017.04.12 20:18:47.283,1.09105,1.09107,1.50,1.37
2017.04.12 20:18:47.486,1.09105,1.0911,2.44,3.37
2017.04.12 20:18:47.588,1.09105,1.09107,1.50,1.00
2017.04.12 20:18:47.690,1.09105,1.09109,2.06,1.87
2017.04.12 20:18:49.420,1.09104,1.0911,5.29,2.25
2017.04.12 20:18:49.946,1.09105,1.0911,3.94,1.00
2017.04.12 20:18:50.453,1.09106,1.09111,1.69,2.02
2017.04.12 20:18:55.244,1.09107,1.09112,1.00,3.00
2017.04.12 20:18:56.262,1.09106,1.09112,3.94,2.62
2017.04.12 20:18:56.516,1.09105,1.09109,1.12,1.00
2017.04.12 20:18:57.120,1.09106,1.0911,1.25,1.00
2017.04.12 20:18:57.698,1.09105,1.09111,5.06,1.50
2017.04.12 20:19:00.922,1.09106,1.09111,2.44,1.00
2017.04.12 20:19:01.226,1.09106,1.09111,3.26,1.00
2017.04.12 20:19:02.591,1.09106,1.09112,3.26,1.87
2017.04.12 20:19:02.692,1.09106,1.09112,2.44,1.87
2017.04.12 20:19:03.259,1.09106,1.09112,1.25,1.50
2017.04.12 20:19:07.168,1.09107,1.09112,1.87,1.37
2017.04.12 20:19:07.729,1.09107,1.09113,3.19,1.76
2017.04.12 20:19:08.246,1.09108,1.09113,1.69,1.00
2017.04.12 20:19:09.397,1.09109,1.09114,1.00,1.49
2017.04.12 20:19:10.005,1.09108,1.09114,4.69,1.52
2017.04.12 20:19:11.546,1.0911,1.09114,1.69,1.61
2017.04.12 20:19:12.060,1.0911,1.09114,2.44,1.24
2017.04.12 20:19:12.980,1.0911,1.09114,1.69,1.61
2017.04.12 20:19:14.236,1.09112,1.09114,1.25,1.25
2017.04.12 20:19:14.439,1.09115,1.09119,1.25,2.62
2017.04.12 20:19:14.509,1.09113,1.09118,3.94,1.87
2017.04.12 20:19:19.643,1.09112,1.09117,3.00,1.00
2017.04.12 20:19:20.301,1.09113,1.09117,3.37,1.00
2017.04.12 20:19:20.823,1.09114,1.09119,2.44,2.62
2017.04.12 20:19:22.732,1.09116,1.09119,1.25,1.69
2017.04.12 20:19:22.783,1.09118,1.09119,1.25,1.00
2017.04.12 20:19:22.834,1.09119,1.09122,1.00,1.12
2017.04.12 20:19:22.936,1.09119,1.09123,3.00,1.00
2017.04.12 20:19:23.442,1.09119,1.09124,3.00,1.12
2017.04.12 20:19:26.778,1.0912,1.09121,1.00,1.00
2017.04.12 20:19:26.887,1.09119,1.09124,3.00,1.87
2017.04.12 20:19:34.324,1.09121,1.09124,2.44,1.00
2017.04.12 20:19:34.832,1.09121,1.09124,7.31,1.00
2017.04.12 20:19:35.555,1.09121,1.09126,7.31,3.75
2017.04.12 20:19:36.138,1.09121,1.09124,7.31,1.00
2017.04.12 20:19:37.541,1.0912,1.09124,6.94,1.00
2017.04.12 20:19:41.126,1.0912,1.09126,5.81,4.12
2017.04.12 20:19:41.632,1.0912,1.09126,5.81,3.37
2017.04.12 20:19:44.002,1.0912,1.09123,5.06,1.00
2017.04.12 20:19:44.154,1.09118,1.09122,1.31,6.37
2017.04.12 20:19:44.379,1.09116,1.09122,2.25,6.97
2017.04.12 20:19:45.704,1.09116,1.09121,3.37,1.87
2017.04.12 20:19:46.210,1.09116,1.0912,1.50,1.00
2017.04.12 20:19:50.811,1.09116,1.09121,1.87,2.25
2017.04.12 20:19:55.203,1.09115,1.09117,3.00,1.00
2017.04.12 20:19:55.270,1.09111,1.09114,4.12,1.50
2017.04.12 20:19:55.422,1.09113,1.09116,1.00,1.50
2017.04.12 20:19:55.952,1.09112,1.09117,3.94,1.12
2017.04.12 20:19:56.811,1.09113,1.09118,1.50,1.31
2017.04.12 20:19:59.199,1.09113,1.09118,1.87,1.31
2017.04.12 20:19:59.723,1.09113,1.09117,1.50,1.00
2017.04.12 20:20:00.298,1.09112,1.09117,1.62,1.00
2017.04.12 20:20:01.989,1.09112,1.09118,2.06,2.25
2017.04.12 20:20:02.686,1.09113,1.09119,3.19,1.50
2017.04.12 20:20:03.585,1.09113,1.09119,3.19,2.25
2017.04.12 20:20:04.589,1.09114,1.0912,1.31,2.25
2017.04.12 20:20:05.136,1.09114,1.0912,1.31,1.87
2017.04.12 20:20:07.832,1.09114,1.0912,1.69,3.00
2017.04.12 20:20:16.312,1.09114,1.09118,1.31,1.12
2017.04.12 20:20:22.239,1.09114,1.09117,1.25,1.00
2017.04.12 20:20:22.833,1.09112,1.09117,3.19,1.00
2017.04.12 20:20:26.167,1.09112,1.09114,1.37,1.00
2017.04.12 20:20:26.218,1.0911,1.09112,1.20,1.00
2017.04.12 20:20:26.326,1.09108,1.09112,1.00,1.50
2017.04.12 20:20:29.194,1.09107,1.09112,1.87,1.50
2017.04.12 20:20:30.192,1.09107,1.09112,1.87,1.50
2017.04.12 20:20:30.819,1.09109,1.09112,1.00,1.50
2017.04.12 20:20:30.921,1.09109,1.09113,3.00,1.00
2017.04.12 20:20:31.023,1.09111,1.09116,1.50,1.50
2017.04.12 20:20:31.328,1.09109,1.09116,2.81,2.81
2017.04.12 20:20:31.842,1.09109,1.09116,3.19,1.25
2017.04.12 20:20:32.343,1.09109,1.09116,2.06,2.06
2017.04.12 20:20:32.850,1.09108,1.09114,3.37,1.25
2017.04.12 20:20:34.598,1.09108,1.09114,1.87,1.25
2017.04.12 20:20:36.719,1.09107,1.09113,4.24,2.06
2017.04.12 20:20:37.225,1.09105,1.09112,5.66,1.62
2017.04.12 20:20:37.732,1.09107,1.09113,1.00,1.19
2017.04.12 20:20:38.069,1.09108,1.09114,3.60,1.25
2017.04.12 20:20:38.575,1.09107,1.09114,3.94,1.62
2017.04.12 20:20:38.880,1.09106,1.09113,4.05,4.31
2017.04.12 20:20:39.386,1.09106,1.09111,2.62,2.44
2017.04.12 20:20:39.917,1.09106,1.09112,3.37,1.19
2017.04.12 20:20:43.411,1.09106,1.09109,1.50,1.50
2017.04.12 20:20:43.665,1.09103,1.09107,1.00,1.31
2017.04.12 20:20:44.373,1.09104,1.0911,1.50,2.06
2017.04.12 20:20:44.778,1.09105,1.0911,2.10,1.31
2017.04.12 20:20:45.294,1.09105,1.09111,1.50,2.44
2017.04.12 20:20:50.889,1.09105,1.09111,1.50,1.69
2017.04.12 20:20:51.401,1.09105,1.09111,1.50,1.25
2017.04.12 20:20:51.907,1.09105,1.09111,3.75,1.25
2017.04.12 20:20:52.565,1.09105,1.09111,1.87,1.62
2017.04.12 20:20:53.071,1.09105,1.09111,2.62,1.31
2017.04.12 20:20:53.677,1.09105,1.09112,3.37,2.06
2017.04.12 20:20:54.688,1.09105,1.09111,1.87,1.31
2017.04.12 20:20:55.233,1.09104,1.09111,5.06,2.06
2017.04.12 20:20:55.873,1.09104,1.09111,5.06,2.06
2017.04.12 20:20:56.682,1.09104,1.09111,5.06,2.44
2017.04.12 20:21:03.384,1.09104,1.09111,7.91,1.62
2017.04.12 20:21:05.156,1.09105,1.09106,1.00,1.00
2017.04.12 20:21:05.309,1.09099,1.09106,5.84,3.64
2017.04.12 20:21:05.410,1.091,1.09105,1.00,1.19
2017.04.12 20:21:05.929,1.09098,1.09104,1.03,2.06
2017.04.12 20:21:06.550,1.09098,1.09104,1.00,2.06
2017.04.12 20:21:09.730,1.09097,1.091,1.00,1.00
2017.04.12 20:21:10.086,1.09096,1.09102,2.17,2.44
2017.04.12 20:21:10.591,1.09096,1.09103,4.24,4.69
2017.04.12 20:21:11.103,1.09096,1.09103,4.24,4.69
2017.04.12 20:21:13.344,1.09097,1.09102,1.50,2.81
2017.04.12 20:21:13.973,1.09097,1.09102,1.50,2.81
2017.04.12 20:21:14.519,1.09096,1.09102,2.25,2.81
2017.04.12 20:21:17.395,1.09096,1.09102,3.67,2.44
2017.04.12 20:21:18.913,1.09096,1.09102,3.37,1.62
2017.04.12 20:21:19.015,1.09095,1.091,2.55,1.00
2017.04.12 20:21:19.521,1.09094,1.091,3.94,1.12
2017.04.12 20:21:20.039,1.09095,1.091,1.50,1.12
2017.04.12 20:21:24.603,1.09095,1.09102,3.75,15.94
2017.04.12 20:21:25.537,1.09095,1.09101,2.81,1.50
2017.04.12 20:21:29.969,1.09096,1.09101,1.12,2.62
2017.04.12 20:21:30.475,1.09095,1.091,2.44,1.87
2017.04.12 20:21:31.393,1.09094,1.09099,1.37,2.44
2017.04.12 20:21:31.495,1.09091,1.09098,9.19,2.44
2017.04.12 20:21:32.010,1.09091,1.09098,5.25,3.19
2017.04.12 20:21:32.625,1.09092,1.09098,1.50,2.81
2017.04.12 20:21:33.201,1.09092,1.09098,3.37,1.25
2017.04.12 20:21:33.758,1.09093,1.091,9.19,5.62
2017.04.12 20:21:33.961,1.09094,1.091,4.12,1.37
2017.04.12 20:21:35.714,1.09097,1.09101,1.50,3.56
2017.04.12 20:21:35.816,1.09096,1.09101,5.29,1.12
2017.04.12 20:21:36.344,1.09095,1.091,2.81,1.50
2017.04.12 20:21:38.952,1.09095,1.091,2.81,1.87
2017.04.12 20:21:39.672,1.09094,1.091,4.31,1.87
2017.04.12 20:21:40.196,1.09094,1.09099,2.62,1.00
2017.04.12 20:21:45.517,1.09094,1.09099,1.50,1.00
2017.04.12 20:21:46.030,1.09094,1.09099,1.12,1.87
2017.04.12 20:21:50.098,1.09094,1.09096,1.12,1.00
2017.04.12 20:21:50.250,1.09091,1.09095,3.00,1.00
2017.04.12 20:21:50.402,1.0909,1.09094,1.00,1.00
2017.04.12 20:21:50.908,1.09089,1.09094,2.44,1.12
2017.04.12 20:21:51.921,1.09089,1.09093,2.44,1.00
2017.04.12 20:22:00.264,1.09088,1.09093,6.37,2.25
2017.04.12 20:22:00.315,1.09088,1.09093,6.56,1.87
2017.04.12 20:22:04.369,1.09088,1.09093,8.81,1.87
2017.04.12 20:22:04.420,1.09088,1.09093,8.81,1.00
2017.04.12 20:22:04.775,1.09087,1.09089,8.44,3.25
2017.04.12 20:22:04.877,1.09088,1.0909,1.19,1.50
2017.04.12 20:22:05.081,1.09089,1.09093,3.19,1.12
2017.04.12 20:22:09.079,1.09089,1.09092,1.37,2.25
2017.04.12 20:22:09.590,1.09088,1.09093,9.41,1.12
2017.04.12 20:22:10.378,1.09089,1.09094,1.62,2.25
2017.04.12 20:22:10.897,1.09089,1.09094,1.62,1.00
2017.04.12 20:22:12.469,1.0909,1.09095,1.25,1.12
2017.04.12 20:22:12.672,1.09091,1.09095,1.37,1.00
2017.04.12 20:22:14.713,1.09091,1.09096,1.37,1.87
2017.04.12 20:22:18.902,1.0909,1.09095,4.31,1.00
2017.04.12 20:22:19.990,1.09089,1.09095,3.56,1.87
2017.04.12 20:22:20.899,1.09089,1.09094,2.06,1.00
2017.04.12 20:22:21.346,1.09093,1.09095,1.87,1.87
2017.04.12 20:22:21.650,1.09094,1.09096,4.31,1.00
2017.04.12 20:22:21.752,1.09094,1.09098,3.56,2.25
2017.04.12 20:22:22.308,1.09094,1.09098,1.00,1.00
2017.04.12 20:22:23.393,1.09094,1.09099,1.12,1.69
2017.04.12 20:22:23.902,1.09094,1.09099,3.19,1.00
2017.04.12 20:22:24.339,1.09094,1.09097,2.44,1.00
2017.04.12 20:22:25.809,1.09092,1.09097,2.44,3.07
2017.04.12 20:22:26.321,1.09092,1.09097,1.69,3.45
2017.04.12 20:22:27.411,1.09093,1.09097,1.31,1.95
2017.04.12 20:22:27.918,1.09093,1.09097,2.29,1.00
2017.04.12 20:22:28.585,1.09093,1.09098,2.06,1.12
2017.04.12 20:22:29.092,1.09093,1.09097,2.06,1.00
2017.04.12 20:22:29.631,1.09091,1.09097,3.19,2.25
2017.04.12 20:22:30.164,1.09091,1.09096,1.69,1.87
2017.04.12 20:22:31.830,1.09091,1.09096,1.31,1.50
2017.04.12 20:22:32.480,1.09091,1.09096,1.25,3.75
2017.04.12 20:22:36.561,1.09092,1.09096,1.10,1.87
2017.04.12 20:22:38.549,1.09091,1.09096,2.89,1.50
2017.04.12 20:22:39.886,1.09091,1.09096,3.68,1.00
2017.04.12 20:22:40.392,1.09092,1.09097,2.92,1.12
2017.04.12 20:22:43.036,1.09091,1.09097,3.56,3.00
2017.04.12 20:22:44.581,1.09093,1.09097,3.41,2.62
2017.04.12 20:22:44.779,1.09093,1.09098,8.81,1.12
2017.04.12 20:22:45.233,1.09095,1.09099,1.19,6.00
2017.04.12 20:22:45.777,1.09095,1.09099,1.19,3.00
2017.04.12 20:22:46.290,1.09095,1.09099,1.25,1.87
2017.04.12 20:22:47.334,1.09093,1.09099,1.31,3.75
2017.04.12 20:22:48.251,1.09094,1.09099,2.62,3.37
2017.04.12 20:22:49.965,1.09094,1.09099,3.00,1.31
2017.04.12 20:22:57.899,1.09096,1.091,1.62,1.37
2017.04.12 20:22:58.426,1.09096,1.09101,1.69,3.00
2017.04.12 20:23:01.901,1.09096,1.09101,1.69,1.50
2017.04.12 20:23:02.924,1.09096,1.09101,3.19,3.00
2017.04.12 20:23:03.459,1.09096,1.09101,3.19,2.25
2017.04.12 20:23:14.630,1.09098,1.09102,1.12,6.00
2017.04.12 20:23:14.946,1.09105,1.09108,1.31,3.75
2017.04.12 20:23:15.002,1.09105,1.0911,4.69,1.00
2017.04.12 20:23:15.637,1.09105,1.09112,4.69,5.62
2017.04.12 20:23:17.089,1.09106,1.09112,2.81,3.37
2017.04.12 20:23:22.113,1.09107,1.09113,5.06,1.50
2017.04.12 20:23:22.840,1.09107,1.09113,3.94,2.25
2017.04.12 20:23:23.347,1.09107,1.09113,1.69,3.00
2017.04.12 20:23:24.245,1.09107,1.09113,1.69,3.37
2017.04.12 20:23:24.599,1.09107,1.09109,1.00,1.00
2017.04.12 20:23:24.650,1.09106,1.09111,1.62,1.87
2017.04.12 20:23:25.157,1.09106,1.09111,1.25,1.87
2017.04.12 20:23:26.776,1.09111,1.09112,1.00,1.31
2017.04.12 20:23:27.080,1.09116,1.09119,3.94,1.12
2017.04.12 20:23:27.131,1.09117,1.09122,1.00,1.87
2017.04.12 20:23:29.616,1.09116,1.09121,1.24,1.50
2017.04.12 20:23:31.179,1.09115,1.09121,1.24,6.56
2017.04.12 20:23:31.436,1.09114,1.09119,3.37,1.62
2017.04.12 20:23:32.196,1.09114,1.09119,1.87,1.62
2017.04.12 20:23:34.186,1.09114,1.09119,3.19,1.37
2017.04.12 20:23:34.692,1.09114,1.0912,3.56,1.87
2017.04.12 20:23:35.926,1.09114,1.0912,3.37,7.12
2017.04.12 20:23:36.432,1.09114,1.0912,1.00,8.25
2017.04.12 20:23:40.771,1.09115,1.09119,1.87,1.37
2017.04.12 20:23:41.599,1.09115,1.09119,1.87,1.00
2017.04.12 20:23:42.642,1.09116,1.09119,1.62,1.00
2017.04.12 20:23:42.693,1.09117,1.09122,3.19,1.37
2017.04.12 20:23:42.796,1.09117,1.09123,5.44,2.25
2017.04.12 20:23:43.337,1.09119,1.09124,3.75,1.37
2017.04.12 20:23:43.490,1.09122,1.09128,3.94,1.37
2017.04.12 20:23:44.003,1.09123,1.09128,1.25,1.12
2017.04.12 20:23:44.673,1.09123,1.09127,1.00,1.50
2017.04.12 20:23:45.212,1.09121,1.09126,3.94,1.00
2017.04.12 20:23:45.763,1.09123,1.09127,1.00,3.37
2017.04.12 20:23:48.893,1.09123,1.09127,1.50,3.75
2017.04.12 20:23:50.300,1.09123,1.09128,2.81,1.00
2017.04.12 20:23:50.806,1.09124,1.09129,1.50,1.37
2017.04.12 20:23:51.382,1.09124,1.09131,2.44,4.50
2017.04.12 20:23:51.585,1.09124,1.09127,1.37,1.20
2017.04.12 20:23:51.688,1.09123,1.09127,1.87,1.95
2017.04.12 20:23:53.390,1.09123,1.09127,3.94,1.00
2017.04.12 20:23:53.492,1.09124,1.09129,2.62,1.00
2017.04.12 20:23:54.896,1.09125,1.09131,1.50,3.94
2017.04.12 20:23:55.149,1.09126,1.09131,1.00,1.00
2017.04.12 20:23:55.960,1.09126,1.09128,1.00,1.00
2017.04.12 20:23:56.505,1.09125,1.09129,1.87,1.00
2017.04.12 20:23:57.407,1.09125,1.09129,1.50,2.92
2017.04.12 20:23:58.027,1.09125,1.09129,1.50,1.50
2017.04.12 20:23:59.032,1.09125,1.09129,2.62,1.87
2017.04.12 20:23:59.318,1.09124,1.09129,1.87,1.12
2017.04.12 20:24:00.156,1.09124,1.09128,1.00,3.56
2017.04.12 20:24:00.688,1.09123,1.09127,1.12,2.25
2017.04.12 20:24:00.890,1.09124,1.09129,2.62,4.31
2017.04.12 20:24:01.446,1.09124,1.0913,5.06,1.12
2017.04.12 20:24:02.857,1.09127,1.0913,4.50,1.12
2017.04.12 20:24:04.885,1.09127,1.0913,3.00,1.37
2017.04.12 20:24:05.772,1.09125,1.09129,3.37,1.00
2017.04.12 20:24:07.804,1.09124,1.09129,1.00,1.12
2017.04.12 20:24:10.772,1.09125,1.09129,1.50,1.87
2017.04.12 20:24:12.944,1.09125,1.0913,3.37,3.37
2017.04.12 20:24:13.160,1.09125,1.0913,2.62,3.00
2017.04.12 20:24:13.853,1.09125,1.09129,1.87,1.00
2017.04.12 20:24:17.691,1.09128,1.0913,3.62,3.00
2017.04.12 20:24:17.945,1.09128,1.09131,1.37,3.19
2017.04.12 20:24:18.490,1.09128,1.09131,1.37,3.56
2017.04.12 20:24:24.445,1.09128,1.09131,1.37,2.62
2017.04.12 20:24:27.562,1.09129,1.09132,1.50,2.62
2017.04.12 20:24:34.022,1.09123,1.09125,32.51,2.50
2017.04.12 20:24:34.323,1.0912,1.09125,3.19,6.00
2017.04.12 20:24:34.374,1.09121,1.09123,1.50,1.00
2017.04.12 20:24:34.476,1.0912,1.09124,4.31,2.25
2017.04.12 20:24:34.579,1.09121,1.09124,1.50,2.25
2017.04.12 20:24:35.109,1.09121,1.09125,1.50,4.12
2017.04.12 20:24:35.766,1.09123,1.09125,1.50,1.87
2017.04.12 20:24:35.868,1.09123,1.09126,1.87,1.12
2017.04.12 20:24:37.041,1.09122,1.09126,1.31,1.12
2017.04.12 20:24:40.063,1.09121,1.09126,3.64,1.50
2017.04.12 20:24:40.634,1.09122,1.09126,1.62,1.12
2017.04.12 20:24:42.040,1.09125,1.09126,1.50,1.00
2017.04.12 20:24:42.193,1.09127,1.09132,1.62,5.25
2017.04.12 20:24:50.654,1.09128,1.09133,1.31,4.20
2017.04.12 20:24:51.915,1.0913,1.09133,1.19,1.10
2017.04.12 20:24:52.019,1.09131,1.09137,1.19,5.62
2017.04.12 20:24:52.113,1.09131,1.09137,1.31,4.50
2017.04.12 20:24:52.622,1.09131,1.09137,1.19,2.62
2017.04.12 20:24:55.671,1.09132,1.09138,2.06,2.25
2017.04.12 20:24:57.726,1.09133,1.09139,2.44,5.25
2017.04.12 20:24:58.013,1.09133,1.09136,4.12,1.00
2017.04.12 20:24:58.216,1.09131,1.09135,1.25,1.80
2017.04.12 20:24:58.318,1.09132,1.09136,1.31,1.20
2017.04.12 20:24:58.419,1.09132,1.09138,2.44,2.62
2017.04.12 20:24:58.925,1.09132,1.09138,3.56,2.62
2017.04.12 20:25:01.352,1.09133,1.09139,1.69,6.37
2017.04.12 20:25:01.606,1.09134,1.09139,1.62,2.62
2017.04.12 20:25:02.115,1.09135,1.09139,3.56,1.10
2017.04.12 20:25:02.621,1.09135,1.0914,2.89,1.95
2017.04.12 20:25:03.638,1.09135,1.0914,2.89,1.95
2017.04.12 20:25:05.650,1.09135,1.0914,2.51,1.95
2017.04.12 20:25:05.802,1.09135,1.09141,2.51,4.12
2017.04.12 20:25:06.345,1.09136,1.09141,1.12,2.62
2017.04.12 20:25:07.141,1.09137,1.09141,2.06,1.12
2017.04.12 20:25:07.243,1.09137,1.09143,3.19,1.87
2017.04.12 20:25:07.851,1.09138,1.09143,1.62,1.50
2017.04.12 20:25:08.389,1.09138,1.09144,1.69,3.00
2017.04.12 20:25:10.090,1.09139,1.09144,3.04,1.00
2017.04.12 20:25:10.244,1.09141,1.09147,1.69,5.25
2017.04.12 20:25:10.751,1.09141,1.09147,1.76,3.37
2017.04.12 20:25:11.257,1.09141,1.09147,4.31,2.25
2017.04.12 20:25:12.939,1.09141,1.09147,1.69,3.75
2017.04.12 20:25:14.086,1.09141,1.09146,1.31,2.32
2017.04.12 20:25:15.935,1.09141,1.09146,1.69,2.32
2017.04.12 20:25:20.734,1.09141,1.09146,1.00,3.07
2017.04.12 20:25:26.388,1.0914,1.09145,1.50,3.07
2017.04.12 20:25:27.001,1.0914,1.09145,1.12,1.95
2017.04.12 20:25:28.758,1.0914,1.09145,3.00,3.45
2017.04.12 20:25:29.644,1.0914,1.09144,3.00,1.50
2017.04.12 20:25:30.180,1.09141,1.09144,1.37,1.50
2017.04.12 20:25:31.898,1.09141,1.09145,1.37,2.32
2017.04.12 20:25:35.259,1.09141,1.09145,1.00,2.32
2017.04.12 20:25:40.212,1.0914,1.09145,1.00,6.07
2017.04.12 20:25:41.424,1.0914,1.09144,1.00,1.50
2017.04.12 20:25:41.930,1.09139,1.09145,4.69,5.32
2017.04.12 20:25:44.222,1.09139,1.09145,4.31,5.70
2017.04.12 20:25:45.089,1.09139,1.09143,1.12,2.25
2017.04.12 20:25:45.612,1.09138,1.09142,3.56,1.50
2017.04.12 20:25:45.713,1.09138,1.09144,3.56,4.50
2017.04.12 20:25:46.801,1.09139,1.09142,1.00,1.50
2017.04.12 20:25:47.307,1.09138,1.09142,1.50,1.50
2017.04.12 20:25:47.815,1.09138,1.09143,3.00,2.25
2017.04.12 20:25:48.877,1.09138,1.09143,1.50,3.00
2017.04.12 20:25:54.811,1.09138,1.09142,1.50,1.00
2017.04.12 20:25:55.397,1.09138,1.09143,1.12,3.75
2017.04.12 20:25:58.851,1.09138,1.09143,3.19,3.00
2017.04.12 20:26:02.612,1.09138,1.09144,3.56,3.75
2017.04.12 20:26:03.120,1.09138,1.09144,1.25,3.00
2017.04.12 20:26:04.088,1.09138,1.09143,1.25,1.50
2017.04.12 20:26:04.631,1.09138,1.09142,1.25,1.57
2017.04.12 20:26:05.551,1.09138,1.09144,2.06,5.32
2017.04.12 20:26:06.074,1.09138,1.09143,1.31,1.57
2017.04.12 20:26:06.637,1.09138,1.09142,1.25,1.57
2017.04.12 20:26:07.144,1.09137,1.09142,2.06,4.95
2017.04.12 20:26:10.465,1.09137,1.09141,1.31,1.20
2017.04.12 20:26:12.240,1.09137,1.09141,2.06,2.70
2017.04.12 20:26:12.723,1.09138,1.09142,1.62,1.50
2017.04.12 20:26:13.280,1.09138,1.09142,1.62,1.07
2017.04.12 20:26:13.944,1.09138,1.09142,1.62,1.50
2017.04.12 20:26:14.481,1.09139,1.09144,1.37,4.50
2017.04.12 20:26:15.151,1.09139,1.09144,1.62,4.12
2017.04.12 20:26:15.511,1.09139,1.09143,1.62,1.57
2017.04.12 20:26:16.174,1.09138,1.09143,1.31,2.32
2017.04.12 20:26:16.730,1.09138,1.09143,1.62,1.57
2017.04.12 20:26:21.126,1.09138,1.09142,1.62,3.07
2017.04.12 20:26:21.634,1.09137,1.09142,4.69,1.50
2017.04.12 20:26:21.837,1.09137,1.09142,3.94,2.32
2017.04.12 20:26:22.363,1.09137,1.09142,5.06,1.57
2017.04.12 20:26:25.783,1.09137,1.09143,6.19,1.87
2017.04.12 20:26:30.690,1.09138,1.09144,1.69,4.50
2017.04.12 20:26:31.657,1.09138,1.09144,1.69,4.50
2017.04.12 20:26:34.679,1.09138,1.09143,1.69,1.50
2017.04.12 20:26:37.016,1.09135,1.09137,4.87,2.62
2017.04.12 20:26:37.168,1.09134,1.09136,4.12,4.87
2017.04.12 20:26:37.219,1.09135,1.09137,1.87,1.50
2017.04.12 20:26:37.327,1.09136,1.09138,5.06,1.12
2017.04.12 20:26:37.531,1.09133,1.09137,1.00,2.25
2017.04.12 20:26:38.402,1.09132,1.09137,3.19,1.87
2017.04.12 20:26:40.415,1.09133,1.09138,1.12,2.81
2017.04.12 20:26:40.668,1.09139,1.09141,1.00,15.19
2017.04.12 20:26:40.821,1.09146,1.09149,5.44,1.87
2017.04.12 20:26:40.872,1.09149,1.09151,2.62,1.12
2017.04.12 20:26:41.025,1.09147,1.09149,1.00,2.62
2017.04.12 20:26:41.076,1.09144,1.09148,3.56,1.12
2017.04.12 20:26:42.140,1.09144,1.09149,3.19,1.87
2017.04.12 20:26:44.169,1.09144,1.09149,3.19,5.62
2017.04.12 20:26:44.676,1.09144,1.09148,2.06,1.12
2017.04.12 20:26:45.257,1.09144,1.09148,2.06,1.12
2017.04.12 20:26:45.359,1.09148,1.09151,3.00,1.12
2017.04.12 20:26:45.461,1.09148,1.09149,1.87,1.00
2017.04.12 20:26:45.664,1.09145,1.09149,8.06,1.00
2017.04.12 20:26:45.716,1.09145,1.09149,3.19,1.00
2017.04.12 20:26:49.495,1.09145,1.0915,1.69,7.12
2017.04.12 20:26:57.472,1.09145,1.0915,3.94,1.87
2017.04.12 20:26:57.943,1.09144,1.09149,2.44,2.62
2017.04.12 20:27:00.786,1.09144,1.0915,3.94,9.19
2017.04.12 20:27:02.789,1.09144,1.0915,2.06,5.06
2017.04.12 20:27:03.804,1.09144,1.0915,3.56,4.31
2017.04.12 20:27:11.536,1.09143,1.09146,5.06,1.00
2017.04.12 20:27:11.638,1.09141,1.09146,3.94,1.00
2017.04.12 20:27:12.144,1.09141,1.09146,2.81,1.50
2017.04.12 20:27:14.786,1.09141,1.09146,2.06,1.00
2017.04.12 20:27:15.596,1.09141,1.09146,2.44,1.00
2017.04.12 20:27:19.207,1.09141,1.09147,2.44,4.69
2017.04.12 20:27:19.537,1.09141,1.09146,1.31,2.25
2017.04.12 20:27:24.224,1.09141,1.09147,2.44,3.56
2017.04.12 20:27:28.272,1.09141,1.09147,1.69,3.56
2017.04.12 20:27:28.940,1.09141,1.09147,7.69,1.12
2017.04.12 20:27:28.991,1.09141,1.09148,9.04,2.44
2017.04.12 20:27:29.906,1.09142,1.09148,1.62,1.62
2017.04.12 20:27:37.923,1.09143,1.09148,1.50,3.19
2017.04.12 20:27:38.932,1.09143,1.09148,1.50,3.19
2017.04.12 20:27:41.944,1.09143,1.09148,3.00,3.19
2017.04.12 20:27:45.958,1.09143,1.09147,2.06,1.12
2017.04.12 20:27:46.481,1.09142,1.09147,1.69,1.87
2017.04.12 20:27:51.338,1.09141,1.09145,1.69,1.00
2017.04.12 20:27:51.974,1.0914,1.09145,2.06,1.12
2017.04.12 20:27:53.130,1.09139,1.09144,2.25,2.25
2017.04.12 20:27:53.637,1.09139,1.09144,1.12,3.37
2017.04.12 20:27:54.276,1.09144,1.09145,1.00,1.50
2017.04.12 20:27:54.548,1.09145,1.0915,3.94,1.12
2017.04.12 20:27:55.329,1.09145,1.0915,1.31,4.12
2017.04.12 20:27:57.892,1.09144,1.09149,3.19,4.87
2017.04.12 20:27:58.398,1.09144,1.09149,1.69,2.70
2017.04.12 20:27:58.942,1.09144,1.09149,2.06,5.25
2017.04.12 20:28:00.416,1.09143,1.09147,9.56,1.50
2017.04.12 20:28:00.720,1.09144,1.0915,4.31,4.12
2017.04.12 20:28:01.257,1.09144,1.0915,2.06,3.97
2017.04.12 20:28:02.389,1.09143,1.09149,11.06,6.00
2017.04.12 20:28:02.896,1.09144,1.09146,1.12,1.00
2017.04.12 20:28:02.998,1.09144,1.0915,2.06,4.31
2017.04.12 20:28:03.519,1.09144,1.0915,2.06,4.61
2017.04.12 20:28:04.063,1.09144,1.09149,2.44,2.17
2017.04.12 20:28:07.963,1.09144,1.0915,2.06,4.24
2017.04.12 20:28:08.469,1.09143,1.09148,8.81,2.25
2017.04.12 20:28:08.976,1.09144,1.09149,2.44,1.05
2017.04.12 20:28:23.081,1.09148,1.0915,3.04,1.91
2017.04.12 20:28:23.234,1.09151,1.09153,1.05,1.37
2017.04.12 20:28:23.740,1.0915,1.09153,2.66,1.00
2017.04.12 20:28:27.729,1.0915,1.09155,2.66,1.00
2017.04.12 20:28:34.076,1.0915,1.09155,1.19,3.41
2017.04.12 20:28:34.178,1.09149,1.09153,3.22,1.00
2017.04.12 20:28:34.685,1.0915,1.09153,1.25,3.00
2017.04.12 20:28:34.787,1.09149,1.09151,1.00,3.37
2017.04.12 20:28:34.838,1.09147,1.0915,1.30,1.87
2017.04.12 20:28:35.397,1.09144,1.0915,4.69,6.00
2017.04.12 20:28:36.164,1.09144,1.0915,2.44,8.25
2017.04.12 20:28:39.454,1.09144,1.0915,1.25,8.62
2017.04.12 20:28:40.094,1.09143,1.0915,12.56,8.62
2017.04.12 20:28:40.616,1.09143,1.0915,12.56,7.87
2017.04.12 20:28:41.134,1.09144,1.0915,1.69,7.12
2017.04.12 20:28:42.619,1.09144,1.09149,3.19,2.62
2017.04.12 20:28:43.505,1.09144,1.0915,2.44,7.12
2017.04.12 20:28:46.461,1.09144,1.0915,3.56,6.75
2017.04.12 20:28:46.981,1.09145,1.0915,1.12,6.75
2017.04.12 20:28:47.508,1.09145,1.0915,1.31,3.75
2017.04.12 20:28:51.845,1.09145,1.09149,1.19,1.12
2017.04.12 20:28:57.087,1.09145,1.09149,1.00,1.12
2017.04.12 20:28:57.631,1.09143,1.09149,11.44,1.12
2017.04.12 20:29:00.565,1.09145,1.09149,1.00,1.12
2017.04.12 20:29:02.175,1.09145,1.0915,1.00,4.12
2017.04.12 20:29:04.349,1.09144,1.0915,4.69,3.75
2017.04.12 20:29:04.993,1.09145,1.0915,1.00,3.37
2017.04.12 20:29:05.523,1.09144,1.0915,4.31,3.37
2017.04.12 20:29:06.227,1.09145,1.0915,1.00,3.37
2017.04.12 20:29:06.787,1.09144,1.0915,4.31,3.37
2017.04.12 20:29:07.483,1.09144,1.0915,3.56,3.75
2017.04.12 20:29:08.004,1.09145,1.09149,1.12,1.12
2017.04.12 20:29:09.983,1.09144,1.09149,5.25,1.12
2017.04.12 20:29:10.511,1.09144,1.0915,1.87,6.56
2017.04.12 20:29:10.861,1.09144,1.09147,1.00,1.50
2017.04.12 20:29:11.412,1.09143,1.09147,6.37,1.50
2017.04.12 20:29:11.944,1.09144,1.09148,1.00,1.50
2017.04.12 20:29:12.548,1.09144,1.09149,1.00,4.50
2017.04.12 20:29:16.601,1.09145,1.09149,1.00,3.00
2017.04.12 20:29:16.823,1.09145,1.09151,3.97,7.69
2017.04.12 20:29:17.430,1.09146,1.09151,1.72,2.81
2017.04.12 20:29:18.895,1.09146,1.09151,1.35,2.81
2017.04.12 20:29:21.346,1.09146,1.09151,1.50,2.81
2017.04.12 20:29:21.499,1.09149,1.09152,2.10,4.50
2017.04.12 20:29:21.651,1.09149,1.09154,2.10,5.06
2017.04.12 20:29:22.450,1.09148,1.09153,5.47,1.69
2017.04.12 20:29:22.978,1.09147,1.09152,3.00,1.00
2017.04.12 20:29:23.435,1.09148,1.09153,3.60,1.12
2017.04.12 20:29:24.000,1.09149,1.09154,2.10,2.25
2017.04.12 20:29:25.170,1.09148,1.09153,9.22,1.50
2017.04.12 20:29:25.222,1.09147,1.09151,1.12,1.25
2017.04.12 20:29:26.969,1.09146,1.0915,2.62,1.00
2017.04.12 20:29:27.491,1.09145,1.09149,1.87,1.00
2017.04.12 20:29:28.001,1.09145,1.0915,1.87,1.12
2017.04.12 20:29:28.510,1.09145,1.0915,1.00,1.12
2017.04.12 20:29:30.564,1.09145,1.0915,1.00,1.31
2017.04.12 20:29:31.102,1.09144,1.0915,5.10,1.12
2017.04.12 20:29:31.883,1.09144,1.0915,5.85,1.31
2017.04.12 20:29:32.404,1.09145,1.0915,1.25,1.12
2017.04.12 20:29:33.899,1.09145,1.09151,4.91,3.82
2017.04.12 20:29:34.441,1.09145,1.09151,2.06,3.82
2017.04.12 20:29:38.892,1.09146,1.09151,3.56,1.00
2017.04.12 20:29:40.766,1.09146,1.09152,3.79,1.87
2017.04.12 20:29:47.765,1.09146,1.09151,2.29,1.50
2017.04.12 20:29:51.680,1.09146,1.09151,1.62,1.00
2017.04.12 20:29:52.219,1.09146,1.09151,1.31,1.00
2017.04.12 20:29:52.583,1.09147,1.09152,4.35,1.00
2017.04.12 20:29:53.090,1.09148,1.09151,1.00,1.00
2017.04.12 20:29:54.429,1.09147,1.09152,2.44,1.00
2017.04.12 20:29:54.963,1.09147,1.09151,2.44,1.50
2017.04.12 20:29:55.490,1.09152,1.09153,1.50,3.00
2017.04.12 20:29:55.642,1.09148,1.09151,1.37,1.25
2017.04.12 20:29:55.868,1.09147,1.09151,1.00,1.25
2017.04.12 20:29:56.411,1.09147,1.0915,1.00,1.00
2017.04.12 20:29:57.016,1.09146,1.0915,3.19,1.00
2017.04.12 20:30:00.558,1.09147,1.09152,3.00,6.37
2017.04.12 20:30:00.609,1.09147,1.09151,2.62,1.00
2017.04.12 20:30:00.711,1.09146,1.09151,3.56,1.25
2017.04.12 20:30:01.219,1.09145,1.09151,2.81,1.25
2017.04.12 20:30:01.606,1.09148,1.09152,3.00,1.31
2017.04.12 20:30:02.260,1.09148,1.09152,1.50,1.31
2017.04.12 20:30:02.705,1.09147,1.09151,1.50,5.06
2017.04.12 20:30:03.061,1.09146,1.09148,1.50,1.50
2017.04.12 20:30:03.574,1.09146,1.09149,1.00,1.12
2017.04.12 20:30:04.182,1.09146,1.09151,7.50,4.01
2017.04.12 20:30:04.234,1.09148,1.09151,3.00,2.14
2017.04.12 20:30:09.943,1.09147,1.09149,1.50,1.12
2017.04.12 20:30:09.994,1.09147,1.09149,1.12,1.31
2017.04.12 20:30:10.505,1.09146,1.09149,1.00,2.06
2017.04.12 20:30:11.155,1.09146,1.09149,1.00,2.81
2017.04.12 20:30:12.548,1.09144,1.09148,2.25,2.44
2017.04.12 20:30:13.070,1.09145,1.09148,1.50,1.00
2017.04.12 20:30:13.549,1.09143,1.09147,7.31,1.00
2017.04.12 20:30:14.018,1.09143,1.09145,5.62,1.00
2017.04.12 20:30:14.171,1.09141,1.09144,1.00,1.25
2017.04.12 20:30:14.677,1.09139,1.09144,2.70,2.06
2017.04.12 20:30:15.156,1.09138,1.09142,3.08,1.12
2017.04.12 20:30:15.258,1.09138,1.09142,3.76,1.12
2017.04.12 20:30:16.178,1.09138,1.09143,2.26,1.87
2017.04.12 20:30:19.546,1.09139,1.09142,1.12,1.12
2017.04.12 20:30:20.124,1.0914,1.09142,1.00,1.12
2017.04.12 20:30:21.039,1.0914,1.09141,1.00,1.00
2017.04.12 20:30:21.589,1.0914,1.09141,1.00,1.35
2017.04.12 20:30:21.691,1.09138,1.0914,1.01,1.00
2017.04.12 20:30:22.214,1.09138,1.09141,1.00,1.12
2017.04.12 20:30:22.718,1.09138,1.0914,1.00,1.00
2017.04.12 20:30:25.286,1.09138,1.09141,1.00,1.30
2017.04.12 20:30:26.361,1.09137,1.09141,1.12,1.30
2017.04.12 20:30:28.353,1.09137,1.09138,1.12,2.44
2017.04.12 20:30:28.607,1.09133,1.09137,3.75,1.37
2017.04.12 20:30:31.086,1.09133,1.09137,4.12,1.50
2017.04.12 20:30:32.100,1.09133,1.09137,4.12,1.50
2017.04.12 20:30:34.276,1.09133,1.09137,4.12,2.10
2017.04.12 20:30:34.842,1.09132,1.09134,6.19,2.50
2017.04.12 20:30:35.161,1.09125,1.0913,1.58,2.44
2017.04.12 20:30:38.044,1.09125,1.09128,3.52,1.37
2017.04.12 20:30:41.068,1.09125,1.09128,3.52,1.12
2017.04.12 20:30:41.580,1.09125,1.09128,1.52,1.50
2017.04.12 20:30:41.887,1.09124,1.09127,1.64,1.69
2017.04.12 20:30:42.219,1.09121,1.09124,1.87,2.62
2017.04.12 20:30:42.271,1.09122,1.09124,5.25,1.00
2017.04.12 20:30:42.797,1.09122,1.09125,2.25,1.87
2017.04.12 20:30:43.311,1.0912,1.09124,5.44,1.50
2017.04.12 20:30:43.895,1.0912,1.09124,3.94,1.37
2017.04.12 20:30:45.391,1.09118,1.09121,1.12,4.31
2017.04.12 20:30:45.594,1.09114,1.09118,1.12,1.87
2017.04.12 20:30:46.138,1.09114,1.09116,1.12,1.00
2017.04.12 20:30:46.621,1.09109,1.0911,1.12,1.00
2017.04.12 20:30:46.672,1.09106,1.0911,1.75,1.25
2017.04.12 20:30:46.723,1.09105,1.09109,1.00,2.25
2017.04.12 20:30:46.825,1.09105,1.09111,1.87,1.87
2017.04.12 20:30:46.978,1.09104,1.09109,4.95,2.44
2017.04.12 20:30:47.193,1.09103,1.09109,5.25,9.56
2017.04.12 20:30:47.345,1.09105,1.09109,1.00,9.56
2017.04.12 20:30:47.446,1.09103,1.09109,4.50,11.06
2017.04.12 20:30:48.048,1.09103,1.09109,5.62,8.06
2017.04.12 20:30:48.251,1.09103,1.09107,4.12,2.81
2017.04.12 20:30:48.803,1.09101,1.09107,2.25,4.69
2017.04.12 20:30:52.442,1.09101,1.09107,2.25,5.44
2017.04.12 20:30:53.304,1.09101,1.09107,2.25,3.19
2017.04.12 20:30:59.490,1.09101,1.09105,2.25,1.00
2017.04.12 20:30:59.693,1.091,1.09104,3.37,1.00
2017.04.12 20:31:03.124,1.091,1.09106,3.75,4.31
2017.04.12 20:31:03.378,1.09103,1.09105,1.00,1.05
2017.04.12 20:31:03.530,1.09104,1.09108,4.39,1.00
2017.04.12 20:31:06.028,1.09105,1.0911,1.00,3.19
2017.04.12 20:31:08.730,1.09105,1.0911,2.25,1.84
2017.04.12 20:31:09.467,1.09105,1.0911,2.25,1.84
2017.04.12 20:31:11.522,1.09105,1.0911,1.50,1.84
2017.04.12 20:31:13.314,1.09105,1.09111,1.87,3.34
2017.04.12 20:31:15.551,1.09108,1.09111,1.50,2.14
2017.04.12 20:31:15.653,1.09109,1.09113,1.87,1.57
2017.04.12 20:31:15.856,1.09108,1.09114,1.50,1.01
2017.04.12 20:31:16.363,1.09109,1.09114,1.00,1.76
2017.04.12 20:31:16.833,1.09107,1.09112,3.75,1.37
2017.04.12 20:31:16.935,1.09106,1.09111,3.37,1.62
2017.04.12 20:31:32.193,1.09105,1.09108,1.00,1.50
2017.04.12 20:31:32.296,1.09101,1.09108,5.25,4.31
2017.04.12 20:31:32.901,1.09101,1.09107,3.37,1.32
2017.04.12 20:31:34.388,1.09101,1.09107,1.87,3.26
2017.04.12 20:31:34.921,1.09101,1.09107,1.87,3.26
2017.04.12 20:31:36.422,1.09101,1.09106,1.00,1.39
2017.04.12 20:31:37.654,1.09101,1.09107,2.62,2.89
2017.04.12 20:31:38.396,1.09105,1.09107,1.50,1.20
2017.04.12 20:31:38.498,1.09105,1.0911,2.62,2.14
2017.04.12 20:31:39.005,1.09106,1.09111,1.12,2.14
2017.04.12 20:31:39.389,1.09104,1.0911,2.62,1.56
2017.04.12 20:31:39.921,1.09104,1.09109,2.62,1.32
2017.04.12 20:31:42.101,1.09102,1.09108,3.75,2.06
2017.04.12 20:31:42.152,1.09102,1.09108,1.87,3.56
2017.04.12 20:31:42.660,1.09101,1.09108,3.00,4.76
2017.04.12 20:31:43.870,1.091,1.09107,4.50,2.89
2017.04.12 20:31:47.734,1.091,1.09107,3.00,4.39
2017.04.12 20:31:57.069,1.09103,1.09107,1.12,1.57
2017.04.12 20:31:57.120,1.09103,1.09109,1.12,3.19
2017.04.12 20:31:58.124,1.09102,1.09108,3.37,1.31
2017.04.12 20:31:58.631,1.09102,1.09108,1.12,5.14
2017.04.12 20:32:02.702,1.09102,1.09108,1.37,2.89
2017.04.12 20:32:03.240,1.09102,1.09108,1.12,2.89
2017.04.12 20:32:06.168,1.09101,1.09107,1.87,1.69
2017.04.12 20:32:08.179,1.091,1.09107,5.25,1.76
2017.04.12 20:32:11.485,1.091,1.09106,4.12,1.62
2017.04.12 20:32:12.022,1.09101,1.09107,1.12,3.26
2017.04.12 20:32:14.048,1.09101,1.09107,3.75,1.29
2017.04.12 20:32:15.747,1.09101,1.09107,5.62,1.69
2017.04.12 20:32:16.290,1.09105,1.09108,1.12,1.57
2017.04.12 20:32:16.442,1.09105,1.0911,1.12,1.01
2017.04.12 20:32:18.193,1.09106,1.09111,1.50,4.01
2017.04.12 20:32:20.555,1.09105,1.09111,1.00,5.51
2017.04.12 20:32:21.940,1.09105,1.0911,1.00,1.26
2017.04.12 20:32:24.169,1.09103,1.09109,3.00,2.44
2017.04.12 20:32:24.676,1.09103,1.09108,1.12,1.01
2017.04.12 20:32:27.362,1.09102,1.09108,1.50,1.76
2017.04.12 20:32:28.071,1.09102,1.09108,1.50,2.51
2017.04.12 20:32:31.131,1.09107,1.09109,1.37,2.32
2017.04.12 20:32:31.182,1.09108,1.0911,4.69,1.37
2017.04.12 20:32:31.284,1.09108,1.09114,5.81,3.64
2017.04.12 20:32:31.790,1.09108,1.09114,5.44,2.14
2017.04.12 20:32:48.573,1.09107,1.09112,1.00,1.87
2017.04.12 20:32:49.079,1.09106,1.09112,1.00,4.76
2017.04.12 20:32:52.632,1.09106,1.09112,1.00,3.64
2017.04.12 20:32:58.295,1.09106,1.09111,1.00,1.01
2017.04.12 20:33:00.454,1.09104,1.09111,3.45,1.69
2017.04.12 20:33:01.004,1.09104,1.0911,1.12,4.01
2017.04.12 20:33:06.306,1.09105,1.0911,2.25,1.57
2017.04.12 20:33:06.714,1.09105,1.09111,3.37,1.01
2017.04.12 20:33:07.244,1.09106,1.09111,1.50,1.01
2017.04.12 20:33:07.853,1.09105,1.09112,3.37,3.64
2017.04.12 20:33:09.270,1.09105,1.0911,1.12,3.94
2017.04.12 20:33:09.599,1.09103,1.09109,1.00,3.26
2017.04.12 20:33:11.940,1.09103,1.09108,1.00,3.37
2017.04.12 20:33:12.618,1.09101,1.09108,1.62,3.37
2017.04.12 20:33:15.308,1.091,1.09108,5.81,4.87
2017.04.12 20:33:26.263,1.09101,1.09108,2.81,3.82
2017.04.12 20:33:27.992,1.09101,1.09107,1.12,1.57
2017.04.12 20:33:28.514,1.091,1.09107,1.50,7.20
2017.04.12 20:33:30.396,1.09099,1.09105,1.87,1.00
2017.04.12 20:33:30.903,1.09099,1.09105,1.50,1.57
2017.04.12 20:33:31.447,1.09098,1.09103,4.12,3.07
2017.04.12 20:33:37.274,1.09098,1.09102,3.75,2.06
2017.04.12 20:33:37.325,1.09096,1.09102,1.50,4.69
2017.04.12 20:33:37.832,1.09094,1.091,2.25,3.19
2017.04.12 20:33:38.984,1.09094,1.09099,1.12,1.00
2017.04.12 20:33:47.222,1.09093,1.09099,2.25,1.12
2017.04.12 20:33:47.747,1.09093,1.09098,2.25,1.12
2017.04.12 20:33:48.248,1.09093,1.09099,2.25,1.50
2017.04.12 20:33:48.804,1.09093,1.09098,2.62,1.12
2017.04.12 20:33:52.219,1.0909,1.09094,1.75,1.31
2017.04.12 20:33:52.523,1.09088,1.0909,6.19,2.25
2017.04.12 20:33:52.574,1.09088,1.09093,6.00,3.56
2017.04.12 20:33:53.100,1.09088,1.09093,6.00,4.31
2017.04.12 20:33:54.211,1.09086,1.09092,1.37,3.26
2017.04.12 20:33:54.313,1.09086,1.09091,1.00,2.06
2017.04.12 20:33:54.617,1.09086,1.09088,1.00,2.25
2017.04.12 20:33:54.981,1.09088,1.0909,5.25,3.75
2017.04.12 20:33:56.513,1.09088,1.0909,4.69,2.25
2017.04.12 20:33:57.044,1.09088,1.0909,3.94,2.25
2017.04.12 20:34:01.215,1.09087,1.09089,1.00,2.25
2017.04.12 20:34:01.745,1.09086,1.09089,1.50,2.44
2017.04.12 20:34:02.217,1.09088,1.09089,3.75,2.25
2017.04.12 20:34:11.559,1.09087,1.09089,4.12,2.81
2017.04.12 20:34:11.661,1.09086,1.09088,1.00,2.44
2017.04.12 20:34:11.814,1.09088,1.09089,1.00,2.25
2017.04.12 20:34:14.220,1.09087,1.09089,1.87,2.44
2017.04.12 20:34:14.755,1.09086,1.09088,1.37,4.50
2017.04.12 20:34:15.322,1.09088,1.09089,1.00,2.25
2017.04.12 20:34:17.978,1.09088,1.0909,5.25,4.50
2017.04.12 20:34:19.058,1.09088,1.09089,3.75,2.25
2017.04.12 20:34:19.626,1.09087,1.09089,1.50,2.25
2017.04.12 20:34:20.135,1.09088,1.0909,6.94,4.50
2017.04.12 20:34:23.689,1.09088,1.09089,4.12,2.44
2017.04.12 20:34:24.023,1.09085,1.09086,1.00,3.75
2017.04.12 20:34:24.124,1.09086,1.09089,3.56,6.75
2017.04.12 20:34:24.631,1.09085,1.09089,1.50,6.19
2017.04.12 20:34:26.478,1.09084,1.09088,2.62,4.69
2017.04.12 20:34:26.529,1.09084,1.09086,2.25,3.75
2017.04.12 20:34:26.631,1.09085,1.09087,1.00,4.50
2017.04.12 20:34:27.158,1.09085,1.09088,1.12,4.50
2017.04.12 20:34:27.346,1.09084,1.09086,1.00,3.75
2017.04.12 20:34:27.650,1.09085,1.09087,1.50,2.25
2017.04.12 20:34:28.271,1.09087,1.09089,1.00,3.75
2017.04.12 20:34:28.521,1.09087,1.09089,1.00,3.75
2017.04.12 20:34:29.081,1.09086,1.09089,2.62,3.94
2017.04.12 20:34:30.101,1.09084,1.09086,3.37,3.75
2017.04.12 20:34:30.308,1.09088,1.09089,1.87,3.75
2017.04.12 20:34:30.359,1.09087,1.09092,1.75,1.69
2017.04.12 20:34:30.461,1.09087,1.09092,1.12,2.44
2017.04.12 20:34:30.967,1.09088,1.09092,1.00,1.19
2017.04.12 20:34:34.082,1.09086,1.09091,1.50,1.19
2017.04.12 20:34:34.284,1.09087,1.09091,1.69,1.87
2017.04.12 20:34:34.810,1.09088,1.0909,4.69,4.50
2017.04.12 20:34:37.501,1.09088,1.09089,3.94,2.25
2017.04.12 20:34:41.218,1.09087,1.09091,1.95,1.19
2017.04.12 20:34:41.487,1.09086,1.09088,1.87,2.25
2017.04.12 20:34:41.793,1.09084,1.09088,2.25,2.25
2017.04.12 20:34:41.896,1.09087,1.09088,1.50,2.25
2017.04.12 20:34:41.948,1.09088,1.09091,1.00,2.06
2017.04.12 20:34:41.999,1.09087,1.09088,1.12,2.25
2017.04.12 20:34:42.102,1.09085,1.09088,1.00,2.25
2017.04.12 20:34:42.254,1.09087,1.09088,3.56,2.25
2017.04.12 20:34:42.544,1.09085,1.09088,1.50,4.50
2017.04.12 20:34:44.574,1.09084,1.09088,1.50,4.69
2017.04.12 20:34:45.030,1.09086,1.09087,1.00,3.00
2017.04.12 20:34:45.568,1.09086,1.09088,1.00,3.00
2017.04.12 20:34:46.107,1.09086,1.0909,1.00,1.69
2017.04.12 20:34:48.332,1.09087,1.0909,1.00,2.06
2017.04.12 20:34:49.690,1.09085,1.0909,1.87,3.19
2017.04.12 20:34:52.308,1.0909,1.09091,11.29,3.56
2017.04.12 20:34:52.553,1.09092,1.09096,2.25,1.31
2017.04.12 20:34:54.265,1.09093,1.09097,1.00,2.44
2017.04.12 20:34:54.772,1.09093,1.09098,1.12,1.31
2017.04.12 20:34:55.483,1.09092,1.09098,2.32,1.69
2017.04.12 20:34:59.259,1.09093,1.09098,3.75,1.19
2017.04.12 20:34:59.767,1.09094,1.09098,1.57,1.19
2017.04.12 20:35:00.851,1.09092,1.09098,4.12,2.06
2017.04.12 20:35:01.372,1.09092,1.09097,1.95,1.31
2017.04.12 20:35:04.347,1.09093,1.09098,1.50,1.12
2017.04.12 20:35:04.821,1.09093,1.09099,1.95,4.88
2017.04.12 20:35:05.278,1.09091,1.09098,5.25,1.31
2017.04.12 20:35:05.981,1.09091,1.09098,5.32,1.62
2017.04.12 20:35:06.843,1.09092,1.09098,1.95,1.25
2017.04.12 20:35:07.363,1.09091,1.09098,4.12,1.69
2017.04.12 20:35:07.902,1.09092,1.09098,1.95,1.25
2017.04.12 20:35:08.440,1.09091,1.09098,4.95,1.19
2017.04.12 20:35:08.982,1.09092,1.09098,1.87,1.25
2017.04.12 20:35:09.534,1.09091,1.09098,4.95,1.19
2017.04.12 20:35:10.116,1.09091,1.09098,4.95,1.31
2017.04.12 20:35:10.824,1.09093,1.09099,1.12,1.25
2017.04.12 20:35:11.330,1.09093,1.09099,1.12,1.62
2017.04.12 20:35:12.260,1.09093,1.09099,3.75,1.69
2017.04.12 20:35:17.660,1.09093,1.09097,1.87,2.25
2017.04.12 20:35:17.851,1.09089,1.09095,1.37,1.69
2017.04.12 20:35:18.358,1.09089,1.09095,1.00,3.19
2017.04.12 20:35:19.799,1.09087,1.09094,4.95,1.69
2017.04.12 20:35:20.335,1.09087,1.09093,2.40,1.00
2017.04.12 20:35:20.639,1.09088,1.09091,1.00,1.19
2017.04.12 20:35:20.741,1.09085,1.0909,2.62,1.31
2017.04.12 20:35:36.151,1.09084,1.0909,3.37,1.69
2017.04.12 20:35:51.883,1.09084,1.09089,1.87,1.31
2017.04.12 20:35:52.273,1.09083,1.09087,6.00,1.25
2017.04.12 20:35:52.780,1.09083,1.09086,3.75,2.25
2017.04.12 20:35:53.986,1.09083,1.09086,8.81,2.25
2017.04.12 20:35:54.089,1.09084,1.0909,1.37,4.31
2017.04.12 20:35:56.356,1.09084,1.09087,1.66,1.00
2017.04.12 20:35:56.560,1.09083,1.09086,3.75,2.25
2017.04.12 20:35:57.674,1.09084,1.0909,1.50,3.19
2017.04.12 20:35:58.198,1.09084,1.0909,1.50,3.19
2017.04.12 20:35:59.156,1.09083,1.0909,12.37,3.34
2017.04.12 20:35:59.660,1.09084,1.0909,1.50,3.34
2017.04.12 20:36:00.705,1.09084,1.0909,1.69,2.59
2017.04.12 20:36:12.226,1.09084,1.09088,1.31,1.00
2017.04.12 20:36:21.532,1.09084,1.0909,2.44,2.81
2017.04.12 20:36:29.472,1.09083,1.09089,7.69,3.19
2017.04.12 20:36:31.576,1.09084,1.09088,1.31,2.62
2017.04.12 20:36:31.815,1.09083,1.09088,5.44,2.44
2017.04.12 20:36:32.322,1.09083,1.09088,7.31,1.00
2017.04.12 20:36:32.855,1.09083,1.09089,9.56,1.25
2017.04.12 20:36:34.637,1.09083,1.09087,5.44,1.00
2017.04.12 20:36:35.093,1.09083,1.09089,8.06,3.56
2017.04.12 20:36:35.610,1.09083,1.09088,6.56,1.00
2017.04.12 20:36:36.281,1.09083,1.09089,6.56,3.19
2017.04.12 20:36:39.860,1.09083,1.09086,6.19,1.00
2017.04.12 20:36:40.267,1.09081,1.09085,1.00,1.31
2017.04.12 20:36:40.799,1.09079,1.09085,2.89,1.54
2017.04.12 20:36:43.369,1.09083,1.09086,2.44,2.10
2017.04.12 20:36:43.472,1.09083,1.09088,3.19,1.69
2017.04.12 20:36:45.759,1.09082,1.09085,1.87,1.25
2017.04.12 20:36:45.861,1.0908,1.09085,3.26,1.25
2017.04.12 20:36:46.851,1.09079,1.09085,3.94,2.81
2017.04.12 20:36:47.369,1.09079,1.09085,2.81,3.04
2017.04.12 20:36:53.708,1.09079,1.09085,6.94,1.69
2017.04.12 20:36:53.759,1.09081,1.09085,1.12,1.31
2017.04.12 20:36:54.607,1.09083,1.09088,2.06,2.66
2017.04.12 20:36:54.658,1.09083,1.09088,2.06,2.06
2017.04.12 20:36:55.712,1.09083,1.09086,1.12,1.69
2017.04.12 20:36:56.859,1.09084,1.09085,1.00,1.00
2017.04.12 20:36:57.420,1.09081,1.09085,2.06,1.00
2017.04.12 20:36:57.953,1.09081,1.09086,2.44,1.69
2017.04.12 20:37:00.278,1.09083,1.09086,2.81,1.00
2017.04.12 20:37:00.329,1.09083,1.0909,3.00,8.81
2017.04.12 20:37:00.835,1.09083,1.09088,2.25,1.12
2017.04.12 20:37:01.444,1.09082,1.09087,5.06,1.00
2017.04.12 20:37:01.972,1.09082,1.09088,3.56,3.37
2017.04.12 20:37:03.068,1.09082,1.09086,3.19,1.50
2017.04.12 20:37:03.119,1.09081,1.09086,3.37,4.31
2017.04.12 20:37:03.221,1.0908,1.09085,1.37,3.37
2017.04.12 20:37:05.775,1.0908,1.09085,1.75,1.87
2017.04.12 20:37:08.678,1.09079,1.09085,3.19,3.97
2017.04.12 20:37:08.729,1.09079,1.09084,1.69,1.00
2017.04.12 20:37:10.378,1.09078,1.09084,9.19,1.00
2017.04.12 20:37:10.954,1.09078,1.09084,9.19,1.00
2017.04.12 20:37:15.977,1.09078,1.09085,10.69,2.25
2017.04.12 20:37:16.577,1.09078,1.09085,10.69,2.62
2017.04.12 20:37:21.296,1.09078,1.09085,11.06,4.12
2017.04.12 20:37:21.397,1.09078,1.09083,7.12,1.50
2017.04.12 20:37:21.652,1.09073,1.09078,1.50,3.19
2017.04.12 20:37:21.805,1.09073,1.09078,3.56,1.12
