2011.11.02 19:00:00.420,0.7806,0.78069,1.50,1.50
2011.11.02 19:00:01.245,0.78059,0.7807,1.50,4.50
2011.11.02 19:00:02.906,0.78059,0.7807,1.50,1.50
2011.11.02 19:00:03.454,0.78061,0.7807,1.50,1.50
2011.11.02 19:00:05.111,0.78056,0.78068,3.10,1.50
2011.11.02 19:00:05.779,0.78056,0.78068,3.00,1.50
2011.11.02 19:00:06.368,0.78057,0.78068,3.75,2.25
2011.11.02 19:00:06.488,0.78057,0.78068,2.25,2.25
2011.11.02 19:00:10.201,0.78056,0.78067,1.50,2.25
2011.11.02 19:00:10.328,0.78056,0.78066,1.50,1.50
2011.11.02 19:00:12.238,0.78055,0.78066,2.25,2.55
2011.11.02 19:00:12.361,0.78054,0.78065,2.25,1.50
2011.11.02 19:00:12.719,0.78053,0.78065,2.55,2.25
2011.11.02 19:00:12.841,0.78053,0.78066,3.00,1.50
2011.11.02 19:00:13.796,0.78059,0.78069,2.10,5.25
2011.11.02 19:00:13.933,0.78063,0.7807,1.50,3.75
2011.11.02 19:00:14.058,0.7806,0.78071,1.50,2.63
2011.11.02 19:00:14.421,0.78059,0.78071,2.25,2.25
2011.11.02 19:00:15.019,0.78059,0.78071,3.75,3.00
2011.11.02 19:00:15.861,0.78059,0.78068,3.00,2.25
2011.11.02 19:00:15.993,0.78057,0.78066,1.50,5.25
2011.11.02 19:00:16.604,0.78057,0.78066,1.50,1.50
2011.11.02 19:00:17.197,0.78057,0.78067,2.25,1.50
2011.11.02 19:00:17.776,0.78056,0.78066,1.50,1.50
2011.11.02 19:00:18.365,0.78055,0.78066,1.50,1.50
2011.11.02 19:00:18.955,0.78055,0.78066,1.50,2.25
2011.11.02 19:00:19.186,0.78054,0.78066,3.38,1.50
2011.11.02 19:00:19.637,0.78055,0.78066,1.50,1.13
2011.11.02 19:00:20.304,0.78058,0.78068,1.50,2.25
2011.11.02 19:00:20.668,0.78058,0.78068,1.50,1.50
2011.11.02 19:00:22.957,0.78057,0.78069,1.50,2.25
2011.11.02 19:00:23.767,0.78062,0.78069,1.50,3.00
2011.11.02 19:00:24.008,0.78056,0.78069,1.50,2.25
2011.11.02 19:00:24.734,0.78056,0.78069,2.25,2.25
2011.11.02 19:00:25.470,0.78059,0.7807,1.60,2.25
2011.11.02 19:00:25.711,0.78057,0.78069,2.25,1.50
2011.11.02 19:00:32.187,0.78056,0.78067,2.25,1.50
2011.11.02 19:00:32.313,0.78056,0.78067,1.50,2.85
2011.11.02 19:00:32.439,0.78056,0.78068,1.50,1.50
2011.11.02 19:00:33.025,0.78056,0.78068,2.25,1.50
2011.11.02 19:00:34.650,0.78056,0.78066,2.25,4.50
2011.11.02 19:00:35.256,0.78055,0.78068,3.75,1.50
2011.11.02 19:00:36.545,0.78055,0.78067,1.50,1.50
2011.11.02 19:00:39.440,0.78055,0.78066,2.25,1.50
2011.11.02 19:00:39.571,0.78054,0.78066,3.60,2.25
2011.11.02 19:00:39.824,0.78056,0.78068,1.50,1.50
2011.11.02 19:00:41.650,0.78057,0.78069,1.50,3.00
2011.11.02 19:00:47.016,0.78057,0.78069,1.50,3.00
2011.11.02 19:00:48.217,0.78055,0.78068,2.85,4.50
2011.11.02 19:00:48.795,0.78055,0.78068,2.85,3.75
2011.11.02 19:00:49.642,0.78055,0.78069,3.60,3.75
2011.11.02 19:00:53.906,0.78055,0.78069,3.60,3.75
2011.11.02 19:00:56.828,0.78055,0.78069,3.60,3.75
2011.11.02 19:01:15.440,0.78055,0.78069,3.75,3.75
2011.11.02 19:01:16.005,0.78055,0.78069,4.13,3.00
2011.11.02 19:01:16.829,0.78055,0.78069,4.23,3.00
2011.11.02 19:01:18.557,0.78056,0.78069,1.50,3.00
2011.11.02 19:01:19.124,0.78056,0.78069,1.50,3.75
2011.11.02 19:01:29.624,0.78056,0.78069,1.60,3.00
2011.11.02 19:01:31.093,0.78055,0.78069,3.00,3.00
2011.11.02 19:01:34.886,0.78055,0.78068,3.00,2.63
2011.11.02 19:01:35.489,0.78055,0.78066,1.50,2.25
2011.11.02 19:01:40.968,0.78055,0.78068,2.35,3.00
2011.11.02 19:01:42.925,0.78063,0.7807,4.60,2.25
2011.11.02 19:01:43.366,0.78068,0.78075,1.13,2.40
2011.11.02 19:01:43.501,0.78067,0.78078,2.25,1.50
2011.11.02 19:01:46.388,0.78067,0.78078,2.63,2.25
2011.11.02 19:01:46.970,0.78067,0.78078,2.25,1.50
2011.11.02 19:01:47.329,0.78067,0.78078,1.50,1.50
2011.11.02 19:01:47.448,0.78066,0.78078,2.63,3.75
2011.11.02 19:01:48.050,0.78066,0.78077,1.50,1.50
2011.11.02 19:01:51.932,0.78065,0.78076,2.25,1.88
2011.11.02 19:01:52.524,0.78065,0.78076,1.50,3.38
2011.11.02 19:01:55.734,0.78064,0.78076,1.50,1.50
2011.11.02 19:01:56.803,0.78065,0.78076,1.50,1.50
2011.11.02 19:01:57.950,0.78066,0.78077,1.60,1.50
2011.11.02 19:01:58.434,0.78066,0.78078,3.10,1.50
2011.11.02 19:01:59.138,0.78066,0.78078,2.25,1.50
2011.11.02 19:02:06.377,0.78066,0.7808,3.75,3.75
2011.11.02 19:02:29.139,0.78066,0.78077,1.50,1.50
2011.11.02 19:02:29.377,0.78064,0.78075,1.50,1.50
2011.11.02 19:02:38.027,0.78065,0.78077,1.50,4.50
2011.11.02 19:02:38.689,0.78065,0.78077,1.50,3.75
2011.11.02 19:02:44.726,0.78065,0.78078,6.75,3.60
2011.11.02 19:02:51.805,0.78065,0.78078,7.23,2.25
2011.11.02 19:02:52.399,0.78067,0.78078,1.50,1.50
2011.11.02 19:02:53.591,0.78066,0.78078,1.50,1.50
2011.11.02 19:02:55.936,0.78066,0.78079,3.00,3.00
2011.11.02 19:03:19.472,0.78065,0.78076,5.25,4.35
2011.11.02 19:03:19.720,0.78064,0.78076,2.25,1.50
2011.11.02 19:03:26.429,0.78067,0.78078,2.25,2.25
2011.11.02 19:03:26.553,0.78067,0.78079,2.25,3.00
2011.11.02 19:03:28.613,0.78068,0.78079,2.25,1.50
2011.11.02 19:03:41.904,0.78068,0.7808,1.60,1.50
2011.11.02 19:03:55.992,0.7807,0.7808,2.10,1.50
2011.11.02 19:03:56.121,0.78071,0.78082,1.50,5.25
2011.11.02 19:03:56.482,0.78071,0.78084,3.00,2.85
2011.11.02 19:03:57.358,0.78071,0.78083,3.00,1.50
2011.11.02 19:04:01.950,0.7807,0.78081,1.50,1.50
2011.11.02 19:04:02.308,0.7807,0.78082,2.25,3.00
2011.11.02 19:04:04.809,0.78072,0.78085,1.50,7.50
2011.11.02 19:04:05.397,0.78072,0.78085,1.50,7.50
2011.11.02 19:04:06.799,0.78071,0.78085,3.75,10.50
2011.11.02 19:04:07.286,0.7807,0.78082,1.50,1.50
2011.11.02 19:04:10.130,0.78068,0.78082,3.75,3.00
2011.11.02 19:04:10.369,0.78068,0.78081,3.00,2.25
2011.11.02 19:04:11.312,0.78068,0.78077,1.50,5.25
2011.11.02 19:04:11.790,0.78067,0.78079,3.00,1.50
2011.11.02 19:04:12.379,0.78068,0.78079,1.50,1.50
2011.11.02 19:04:14.708,0.78068,0.7808,2.25,1.50
2011.11.02 19:04:15.419,0.78069,0.7808,1.13,1.50
2011.11.02 19:04:17.818,0.78069,0.78081,1.88,4.88
2011.11.02 19:04:18.319,0.7807,0.78081,1.13,3.75
2011.11.02 19:04:19.886,0.78071,0.78081,1.13,2.25
2011.11.02 19:04:20.477,0.78071,0.78083,1.13,3.38
2011.11.02 19:04:21.503,0.78071,0.78082,1.13,1.50
2011.11.02 19:04:21.628,0.7807,0.78082,1.50,5.25
2011.11.02 19:04:22.264,0.7807,0.78081,2.25,1.50
2011.11.02 19:04:34.450,0.7807,0.78081,1.50,2.63
2011.11.02 19:04:36.503,0.78069,0.7808,3.00,1.13
2011.11.02 19:04:42.366,0.78069,0.78081,1.50,3.38
2011.11.02 19:04:45.010,0.78069,0.78079,1.50,1.13
2011.11.02 19:04:46.795,0.78069,0.7808,2.25,1.13
2011.11.02 19:04:47.367,0.7807,0.78081,1.50,2.63
2011.11.02 19:04:50.148,0.7807,0.78081,1.50,1.88
2011.11.02 19:04:56.186,0.7807,0.78082,1.50,8.25
2011.11.02 19:04:56.706,0.78071,0.78082,1.13,2.25
2011.11.02 19:05:02.606,0.7807,0.78082,1.88,2.25
2011.11.02 19:05:03.187,0.7807,0.78082,1.88,2.25
2011.11.02 19:05:06.399,0.7807,0.78082,1.50,2.25
2011.11.02 19:05:06.764,0.78072,0.78084,1.50,8.25
2011.11.02 19:05:08.500,0.78073,0.78084,1.88,2.25
2011.11.02 19:05:09.097,0.78073,0.78084,2.63,1.50
2011.11.02 19:05:15.108,0.78072,0.78084,1.50,2.63
2011.11.02 19:05:17.431,0.78078,0.78085,1.13,2.25
2011.11.02 19:05:17.552,0.78079,0.78089,1.50,2.25
2011.11.02 19:05:22.667,0.78079,0.7809,1.13,2.25
2011.11.02 19:05:24.126,0.78078,0.7809,3.23,2.63
2011.11.02 19:05:26.748,0.78079,0.7809,1.50,2.63
2011.11.02 19:05:29.268,0.78079,0.7809,1.50,2.63
2011.11.02 19:05:34.736,0.78079,0.7809,1.88,2.25
2011.11.02 19:05:36.785,0.78079,0.7809,1.50,1.50
2011.11.02 19:05:37.390,0.78078,0.7809,1.50,2.25
2011.11.02 19:05:46.207,0.7808,0.78091,1.13,1.50
2011.11.02 19:05:46.795,0.7808,0.78092,1.88,2.93
2011.11.02 19:05:49.377,0.78079,0.78091,1.13,1.88
2011.11.02 19:05:50.975,0.78079,0.7809,1.13,1.50
2011.11.02 19:05:51.342,0.78073,0.78084,2.25,1.50
2011.11.02 19:05:51.593,0.78075,0.78085,2.25,2.25
2011.11.02 19:05:52.488,0.78074,0.78086,1.88,3.38
2011.11.02 19:05:53.360,0.78075,0.78086,1.13,2.25
2011.11.02 19:05:53.820,0.78073,0.78085,3.75,1.50
2011.11.02 19:05:54.661,0.78073,0.78085,2.25,3.00
2011.11.02 19:05:57.772,0.78073,0.78084,1.50,7.13
2011.11.02 19:05:58.025,0.7807,0.78082,1.50,1.50
2011.11.02 19:05:58.628,0.78072,0.78082,1.13,1.50
2011.11.02 19:05:59.229,0.78072,0.78083,1.88,1.50
2011.11.02 19:06:00.068,0.78073,0.78084,1.13,3.00
2011.11.02 19:06:01.432,0.78072,0.78084,1.88,2.25
2011.11.02 19:06:02.282,0.78072,0.78082,1.13,3.75
2011.11.02 19:06:02.375,0.78067,0.78078,2.25,1.13
2011.11.02 19:06:02.985,0.78067,0.78078,1.50,1.88
2011.11.02 19:06:16.952,0.78067,0.78079,1.50,2.25
2011.11.02 19:06:17.643,0.78067,0.7808,2.25,3.23
2011.11.02 19:06:18.516,0.78067,0.78079,1.50,1.13
2011.11.02 19:06:21.266,0.78067,0.78079,2.25,1.50
2011.11.02 19:06:24.451,0.78067,0.78079,1.50,1.13
2011.11.02 19:06:26.105,0.78067,0.7808,2.25,4.73
2011.11.02 19:06:31.466,0.7807,0.7808,1.13,2.25
2011.11.02 19:06:31.708,0.78071,0.78082,1.13,1.50
2011.11.02 19:06:32.873,0.78071,0.78082,1.50,1.50
2011.11.02 19:06:34.670,0.78072,0.78083,1.13,3.00
2011.11.02 19:06:35.267,0.78073,0.78084,1.50,2.63
2011.11.02 19:06:39.536,0.78071,0.78081,1.50,1.13
2011.11.02 19:06:40.115,0.7807,0.78081,1.50,3.38
2011.11.02 19:06:40.587,0.78072,0.78082,1.13,3.75
2011.11.02 19:06:41.194,0.78072,0.78082,1.13,1.50
2011.11.02 19:06:46.602,0.78072,0.7808,1.50,2.25
2011.11.02 19:06:46.738,0.78067,0.78075,2.25,1.13
2011.11.02 19:06:47.100,0.78063,0.78074,1.50,2.25
2011.11.02 19:06:47.709,0.78062,0.78074,2.25,3.00
2011.11.02 19:06:48.650,0.78062,0.78074,1.50,4.88
2011.11.02 19:06:49.252,0.78062,0.78074,2.63,3.38
2011.11.02 19:06:54.455,0.78062,0.78074,3.38,2.25
2011.11.02 19:06:55.518,0.78064,0.78074,1.13,2.25
2011.11.02 19:06:56.117,0.78064,0.78075,1.13,3.75
2011.11.02 19:06:57.490,0.78063,0.78075,2.25,4.50
2011.11.02 19:06:58.078,0.78063,0.78074,1.50,1.50
2011.11.02 19:07:04.069,0.78063,0.78075,2.85,4.50
2011.11.02 19:07:04.198,0.78067,0.78076,1.50,5.25
2011.11.02 19:07:04.445,0.78068,0.78078,2.25,1.50
2011.11.02 19:07:14.915,0.78069,0.78081,2.63,2.63
2011.11.02 19:07:16.772,0.78068,0.78077,2.25,1.50
2011.11.02 19:07:18.408,0.78068,0.78077,1.50,2.25
2011.11.02 19:07:18.987,0.78068,0.78077,1.50,2.25
2011.11.02 19:07:19.576,0.78068,0.78077,1.50,2.25
2011.11.02 19:07:20.425,0.78068,0.78077,1.50,2.25
2011.11.02 19:07:31.585,0.78069,0.78079,2.25,1.50
2011.11.02 19:07:38.457,0.78067,0.78079,3.00,1.50
2011.11.02 19:07:38.577,0.78067,0.78078,2.25,3.00
2011.11.02 19:07:38.826,0.78062,0.78075,2.63,3.75
2011.11.02 19:07:39.791,0.78062,0.78074,1.88,3.75
2011.11.02 19:07:40.729,0.78062,0.78074,1.88,5.25
2011.11.02 19:07:42.887,0.78062,0.78072,1.50,1.50
2011.11.02 19:07:43.476,0.78061,0.78072,2.63,1.50
2011.11.02 19:08:00.966,0.78062,0.78071,1.50,2.25
2011.11.02 19:08:02.051,0.78062,0.78072,1.50,2.25
2011.11.02 19:08:02.772,0.78062,0.78072,2.25,1.50
2011.11.02 19:08:03.351,0.78063,0.78075,1.13,3.75
2011.11.02 19:08:05.598,0.78062,0.78074,1.13,1.50
2011.11.02 19:08:14.168,0.78062,0.78074,1.88,1.50
2011.11.02 19:08:28.365,0.78062,0.78074,1.50,2.25
2011.11.02 19:08:29.052,0.78061,0.78071,1.13,1.50
2011.11.02 19:08:29.649,0.7806,0.78071,1.13,3.75
2011.11.02 19:08:30.613,0.78061,0.7807,1.13,1.50
2011.11.02 19:08:31.306,0.7806,0.78071,1.13,5.25
2011.11.02 19:08:32.932,0.78061,0.7807,1.13,3.00
2011.11.02 19:08:33.544,0.78062,0.78071,1.13,1.50
2011.11.02 19:08:34.440,0.78063,0.78071,1.50,1.50
2011.11.02 19:08:34.690,0.78061,0.78073,1.50,2.25
2011.11.02 19:08:35.288,0.78061,0.78073,1.50,3.75
2011.11.02 19:08:35.888,0.7806,0.78073,1.13,3.00
2011.11.02 19:08:38.906,0.78063,0.78073,1.73,2.25
2011.11.02 19:08:39.030,0.78064,0.78074,1.50,3.00
2011.11.02 19:08:40.156,0.78062,0.78073,1.88,1.50
2011.11.02 19:08:40.859,0.78064,0.78074,2.25,2.55
2011.11.02 19:08:41.098,0.78061,0.78073,4.13,1.50
2011.11.02 19:08:44.620,0.78065,0.78074,1.13,1.50
2011.11.02 19:08:44.740,0.78064,0.78074,1.50,1.50
2011.11.02 19:08:53.483,0.78064,0.78074,1.88,1.80
2011.11.02 19:08:53.966,0.78068,0.78077,1.50,1.50
2011.11.02 19:08:56.285,0.78068,0.78079,2.25,3.00
2011.11.02 19:08:56.424,0.78069,0.7808,1.88,3.00
2011.11.02 19:08:57.007,0.78069,0.7808,2.63,1.50
2011.11.02 19:08:57.610,0.7807,0.78081,1.13,3.00
2011.11.02 19:08:59.613,0.78068,0.7808,2.25,4.88
2011.11.02 19:09:04.157,0.78068,0.78079,1.50,1.88
2011.11.02 19:09:06.906,0.78067,0.78076,1.88,3.00
2011.11.02 19:09:07.031,0.78066,0.78076,4.50,2.25
2011.11.02 19:09:07.635,0.78066,0.78076,2.25,1.50
2011.11.02 19:09:12.686,0.78067,0.78077,1.50,1.50
2011.11.02 19:09:13.266,0.78068,0.78078,1.50,2.25
2011.11.02 19:09:14.066,0.78068,0.78078,1.50,2.25
2011.11.02 19:09:20.180,0.78067,0.78077,1.13,1.50
2011.11.02 19:09:20.300,0.78066,0.78077,2.25,1.50
2011.11.02 19:09:28.762,0.78066,0.78078,3.75,2.25
2011.11.02 19:09:29.834,0.78067,0.78078,1.50,1.50
2011.11.02 19:09:30.206,0.78067,0.78079,2.25,2.25
2011.11.02 19:09:30.329,0.78068,0.78079,1.13,2.25
2011.11.02 19:09:33.100,0.78067,0.78078,3.38,1.50
2011.11.02 19:09:34.282,0.78067,0.78078,2.25,1.88
2011.11.02 19:09:35.569,0.78065,0.78075,1.50,1.13
2011.11.02 19:09:35.690,0.78063,0.78074,1.50,2.25
2011.11.02 19:09:36.290,0.78062,0.78074,2.25,5.25
2011.11.02 19:09:44.057,0.78065,0.78074,1.50,1.50
2011.11.02 19:09:44.425,0.78068,0.78074,3.38,1.50
2011.11.02 19:09:44.668,0.78068,0.78076,2.63,3.75
2011.11.02 19:09:45.339,0.78068,0.78079,2.63,1.50
2011.11.02 19:09:45.920,0.78068,0.7808,2.63,2.63
2011.11.02 19:09:46.528,0.78068,0.78081,3.38,4.50
2011.11.02 19:09:49.820,0.78068,0.7808,2.63,2.63
2011.11.02 19:09:50.519,0.78067,0.78079,1.50,1.88
2011.11.02 19:09:51.108,0.78066,0.78078,3.00,1.50
2011.11.02 19:09:51.706,0.78066,0.78078,2.25,1.50
2011.11.02 19:09:52.722,0.78067,0.78078,1.13,1.50
2011.11.02 19:09:53.910,0.78066,0.78076,1.50,2.25
2011.11.02 19:09:54.272,0.78069,0.78079,1.50,3.00
2011.11.02 19:09:55.132,0.78069,0.7808,1.50,1.13
2011.11.02 19:09:55.738,0.78069,0.78079,1.50,1.50
2011.11.02 19:09:57.547,0.78068,0.78079,1.50,1.50
2011.11.02 19:09:58.145,0.78068,0.7808,1.50,3.38
2011.11.02 19:10:00.577,0.78068,0.78079,1.50,1.13
2011.11.02 19:10:08.089,0.78068,0.7808,1.50,3.75
2011.11.02 19:10:09.029,0.78068,0.7808,1.50,3.00
2011.11.02 19:10:10.439,0.78068,0.7808,3.00,2.25
2011.11.02 19:10:11.019,0.78068,0.7808,3.00,2.25
2011.11.02 19:10:11.607,0.78068,0.7808,3.00,2.25
2011.11.02 19:10:14.352,0.78068,0.7808,3.75,2.25
2011.11.02 19:10:14.724,0.78067,0.78078,2.25,1.88
2011.11.02 19:10:15.328,0.78067,0.78078,1.50,2.63
2011.11.02 19:10:15.959,0.78066,0.78076,2.25,1.50
2011.11.02 19:10:16.199,0.78064,0.78076,2.55,6.98
2011.11.02 19:10:16.796,0.78064,0.78076,2.25,8.10
2011.11.02 19:10:18.194,0.78063,0.78075,1.50,3.00
2011.11.02 19:10:20.171,0.78063,0.78074,1.50,1.88
2011.11.02 19:10:21.598,0.78063,0.78074,1.88,1.50
2011.11.02 19:10:22.539,0.78065,0.78075,1.13,2.25
2011.11.02 19:10:23.145,0.78066,0.78077,1.50,2.25
2011.11.02 19:10:24.044,0.78066,0.78077,1.50,2.25
2011.11.02 19:10:24.736,0.78065,0.78077,1.88,2.25
2011.11.02 19:10:25.316,0.78065,0.78077,1.50,3.00
2011.11.02 19:10:26.120,0.78065,0.78077,1.88,2.25
2011.11.02 19:10:35.030,0.78067,0.78077,1.13,1.50
2011.11.02 19:10:35.731,0.78068,0.78079,1.88,3.00
2011.11.02 19:10:36.702,0.78067,0.78079,2.10,3.00
2011.11.02 19:10:42.101,0.78067,0.78079,2.85,2.25
2011.11.02 19:10:44.701,0.78068,0.78079,1.50,1.88
2011.11.02 19:10:52.923,0.78067,0.7808,3.23,3.75
2011.11.02 19:10:53.529,0.78067,0.78079,2.10,2.25
2011.11.02 19:10:54.641,0.78064,0.78074,1.50,2.25
2011.11.02 19:10:55.250,0.78063,0.78074,1.88,2.25
2011.11.02 19:10:56.669,0.78062,0.78074,3.00,2.25
2011.11.02 19:10:59.527,0.78063,0.78074,1.88,1.50
2011.11.02 19:11:00.613,0.78063,0.78074,1.50,3.00
2011.11.02 19:11:01.301,0.78064,0.78076,2.25,3.75
2011.11.02 19:11:01.684,0.78067,0.78079,1.50,2.25
2011.11.02 19:11:03.040,0.78067,0.78078,3.00,1.13
2011.11.02 19:11:03.769,0.78067,0.78078,3.00,1.13
2011.11.02 19:11:04.482,0.78067,0.78078,3.00,1.13
2011.11.02 19:11:05.089,0.78068,0.78079,1.50,2.63
2011.11.02 19:11:08.767,0.78067,0.78078,1.50,1.13
2011.11.02 19:11:11.588,0.78067,0.78078,3.00,1.13
2011.11.02 19:11:11.712,0.78067,0.78078,3.00,1.13
2011.11.02 19:11:11.842,0.78067,0.78079,3.00,2.25
2011.11.02 19:11:13.758,0.78067,0.78078,3.00,1.13
2011.11.02 19:11:14.459,0.78067,0.78079,2.63,1.88
2011.11.02 19:11:15.062,0.78067,0.78078,1.50,1.50
2011.11.02 19:11:16.657,0.78067,0.78079,2.25,3.00
2011.11.02 19:11:17.241,0.78067,0.78079,2.25,3.00
2011.11.02 19:11:20.660,0.78067,0.78079,3.00,1.50
2011.11.02 19:11:22.108,0.78068,0.78079,1.50,1.50
2011.11.02 19:11:22.973,0.78067,0.78079,1.50,3.00
2011.11.02 19:11:28.766,0.78067,0.78078,1.50,2.25
2011.11.02 19:11:30.099,0.78066,0.78077,1.50,1.88
2011.11.02 19:11:30.685,0.78065,0.78077,3.38,1.88
2011.11.02 19:11:34.997,0.78065,0.78078,3.98,3.00
2011.11.02 19:11:35.587,0.78066,0.78078,2.25,3.00
2011.11.02 19:11:36.341,0.78066,0.78078,1.50,2.25
2011.11.02 19:11:37.017,0.78065,0.78078,5.48,1.50
2011.11.02 19:11:37.605,0.78066,0.78078,1.50,2.25
2011.11.02 19:11:38.331,0.78066,0.78078,1.50,2.25
2011.11.02 19:11:39.544,0.78066,0.78078,2.63,2.25
2011.11.02 19:11:39.678,0.78068,0.78078,1.50,1.50
2011.11.02 19:11:39.920,0.78067,0.78078,1.50,1.50
2011.11.02 19:11:40.146,0.78067,0.78078,3.00,1.50
2011.11.02 19:11:40.715,0.78069,0.78078,1.50,1.50
2011.11.02 19:11:44.297,0.78068,0.78079,1.50,2.25
2011.11.02 19:11:44.887,0.78068,0.78079,1.50,2.25
2011.11.02 19:11:45.798,0.78068,0.78079,1.50,2.25
2011.11.02 19:11:47.316,0.7807,0.7808,1.50,2.18
2011.11.02 19:11:47.447,0.78069,0.7808,3.00,1.88
2011.11.02 19:11:48.218,0.78069,0.78079,1.50,3.00
2011.11.02 19:11:48.349,0.78067,0.78079,1.50,3.00
2011.11.02 19:11:50.552,0.78067,0.78079,1.50,3.00
2011.11.02 19:11:51.908,0.78068,0.78079,1.50,3.75
2011.11.02 19:11:52.828,0.78067,0.78079,1.50,3.00
2011.11.02 19:11:53.333,0.78066,0.78079,4.13,3.00
2011.11.02 19:11:54.479,0.78067,0.78079,2.10,2.25
2011.11.02 19:11:55.489,0.78069,0.78079,1.50,2.25
2011.11.02 19:11:56.067,0.78069,0.78079,1.50,2.25
2011.11.02 19:11:56.185,0.78067,0.78079,2.25,2.25
2011.11.02 19:12:05.786,0.78069,0.7808,1.13,1.50
2011.11.02 19:12:06.375,0.78069,0.78081,1.13,3.38
2011.11.02 19:12:08.171,0.78074,0.78081,1.50,1.13
2011.11.02 19:12:08.304,0.78077,0.78083,1.50,1.50
2011.11.02 19:12:09.020,0.78077,0.78086,1.50,1.50
2011.11.02 19:12:17.623,0.78077,0.78087,1.88,1.50
2011.11.02 19:12:17.757,0.78077,0.78088,1.88,2.25
2011.11.02 19:12:18.357,0.78078,0.78089,2.25,1.50
2011.11.02 19:12:19.440,0.78077,0.78087,1.50,1.50
2011.11.02 19:12:19.577,0.78076,0.78086,1.50,1.88
2011.11.02 19:12:20.187,0.78073,0.78085,4.50,2.25
2011.11.02 19:12:24.557,0.78073,0.78085,3.00,3.00
2011.11.02 19:12:33.480,0.78073,0.78084,1.50,1.50
2011.11.02 19:12:34.379,0.78075,0.78085,1.50,6.75
2011.11.02 19:12:34.744,0.78078,0.78089,1.50,1.50
2011.11.02 19:12:42.583,0.78079,0.7809,1.50,3.00
2011.11.02 19:12:58.295,0.78079,0.78091,3.75,1.50
2011.11.02 19:12:58.885,0.78079,0.78091,3.00,1.50
2011.11.02 19:13:04.943,0.78079,0.78091,2.25,3.00
2011.11.02 19:13:17.911,0.78079,0.78089,1.50,1.13
2011.11.02 19:13:18.475,0.78078,0.78089,2.25,1.13
2011.11.02 19:13:20.770,0.78081,0.78091,1.50,1.69
2011.11.02 19:13:21.127,0.78088,0.78095,1.13,1.50
2011.11.02 19:13:21.367,0.78088,0.78098,1.13,1.50
2011.11.02 19:13:21.726,0.78086,0.78098,2.25,1.50
2011.11.02 19:13:21.850,0.78086,0.78097,2.25,1.13
2011.11.02 19:13:22.211,0.78085,0.78096,1.50,1.50
2011.11.02 19:13:28.572,0.78087,0.78096,1.13,1.50
2011.11.02 19:13:29.482,0.78087,0.78098,1.13,3.00
2011.11.02 19:13:31.575,0.78086,0.78098,2.63,3.38
2011.11.02 19:13:32.364,0.78085,0.78098,2.25,3.38
2011.11.02 19:13:33.517,0.78085,0.78097,1.50,1.13
2011.11.02 19:13:34.034,0.78084,0.78097,3.98,1.50
2011.11.02 19:13:35.800,0.78084,0.78097,3.98,1.88
2011.11.02 19:13:40.264,0.78085,0.78097,1.13,1.88
2011.11.02 19:13:43.602,0.78085,0.78096,1.13,2.25
2011.11.02 19:13:44.070,0.78085,0.78096,1.13,3.00
2011.11.02 19:13:46.188,0.78084,0.78095,1.88,1.50
2011.11.02 19:13:46.775,0.78084,0.78095,1.88,2.25
2011.11.02 19:13:47.690,0.78088,0.78096,1.88,5.40
2011.11.02 19:13:47.929,0.78088,0.78098,1.88,1.50
2011.11.02 19:13:49.304,0.78086,0.78097,2.35,1.13
2011.11.02 19:13:53.878,0.78087,0.78098,1.13,3.00
2011.11.02 19:13:55.292,0.78085,0.78097,3.75,1.50
2011.11.02 19:13:55.419,0.78085,0.78097,1.50,1.50
2011.11.02 19:13:57.514,0.78091,0.78098,3.00,3.98
2011.11.02 19:13:57.956,0.78094,0.781,3.00,3.00
2011.11.02 19:13:58.098,0.78094,0.78101,2.25,2.63
2011.11.02 19:13:58.220,0.7809,0.78101,1.50,2.63
2011.11.02 19:14:01.067,0.7809,0.78102,1.50,2.25
2011.11.02 19:14:02.732,0.78089,0.78101,3.00,4.41
2011.11.02 19:14:07.010,0.78087,0.78099,1.50,1.43
2011.11.02 19:14:10.571,0.78088,0.78099,2.63,1.80
2011.11.02 19:14:12.228,0.78087,0.78098,1.50,1.05
2011.11.02 19:14:12.354,0.78086,0.78098,2.25,1.05
2011.11.02 19:14:13.025,0.78085,0.78098,4.50,1.80
2011.11.02 19:14:13.928,0.78088,0.78098,1.13,1.05
2011.11.02 19:14:14.169,0.78088,0.78099,1.13,2.55
2011.11.02 19:14:19.154,0.78088,0.78099,1.88,1.80
2011.11.02 19:14:19.758,0.78088,0.78099,1.13,2.55
2011.11.02 19:14:21.714,0.78091,0.78101,1.13,1.50
2011.11.02 19:14:22.318,0.78091,0.78102,1.13,2.25
2011.11.02 19:14:22.909,0.7809,0.78101,2.63,1.50
2011.11.02 19:14:36.447,0.7809,0.78101,2.25,1.88
2011.11.02 19:14:41.226,0.78088,0.78099,2.48,3.00
2011.11.02 19:14:42.058,0.78088,0.78097,1.13,1.50
2011.11.02 19:14:42.886,0.78088,0.78098,1.13,2.25
2011.11.02 19:14:45.635,0.78087,0.78098,2.25,4.13
2011.11.02 19:14:48.113,0.78086,0.78097,2.25,1.13
2011.11.02 19:14:49.859,0.78086,0.78096,1.50,1.50
2011.11.02 19:14:59.051,0.78084,0.78096,6.75,1.50
2011.11.02 19:14:59.641,0.78084,0.78096,2.25,2.25
2011.11.02 19:15:10.405,0.78085,0.78097,2.25,2.25
2011.11.02 19:15:13.825,0.78088,0.78098,1.13,2.25
2011.11.02 19:15:16.723,0.78097,0.78102,1.13,2.25
2011.11.02 19:15:16.853,0.78098,0.78103,1.13,3.00
2011.11.02 19:15:16.980,0.78098,0.78108,1.13,3.00
2011.11.02 19:15:17.596,0.78098,0.78108,1.13,2.10
2011.11.02 19:15:17.733,0.78099,0.78106,1.13,1.50
2011.11.02 19:15:17.866,0.78099,0.78108,1.13,1.13
2011.11.02 19:15:19.053,0.78097,0.78108,1.88,1.88
2011.11.02 19:15:21.670,0.78098,0.78107,1.13,1.50
2011.11.02 19:15:25.328,0.78099,0.78109,1.13,4.88
2011.11.02 19:15:25.448,0.78099,0.78109,1.13,1.88
2011.11.02 19:15:30.880,0.78099,0.78109,1.13,1.13
2011.11.02 19:16:00.583,0.78097,0.78108,1.50,2.63
2011.11.02 19:16:01.045,0.78096,0.78107,1.13,2.25
2011.11.02 19:16:01.587,0.78096,0.78108,1.13,4.88
2011.11.02 19:16:04.844,0.78096,0.78107,1.13,2.25
2011.11.02 19:16:07.377,0.78096,0.78108,1.13,4.88
2011.11.02 19:16:07.949,0.78096,0.78107,1.13,2.25
2011.11.02 19:16:09.594,0.78096,0.78108,1.13,4.88
2011.11.02 19:16:10.365,0.78096,0.78107,1.13,2.25
2011.11.02 19:16:11.965,0.78096,0.78108,1.13,4.88
2011.11.02 19:16:13.249,0.78096,0.78107,1.13,2.25
2011.11.02 19:16:13.979,0.78096,0.78108,1.13,4.88
2011.11.02 19:16:15.503,0.78096,0.78107,1.13,2.25
2011.11.02 19:16:16.516,0.78096,0.78108,1.13,4.88
2011.11.02 19:16:17.070,0.78096,0.78107,1.13,2.25
2011.11.02 19:16:18.615,0.78096,0.78108,1.13,3.38
2011.11.02 19:16:19.174,0.78096,0.78108,1.13,6.28
2011.11.02 19:16:19.856,0.78095,0.78103,2.10,1.13
2011.11.02 19:16:19.984,0.78093,0.78104,1.13,5.25
2011.11.02 19:16:22.556,0.78097,0.78104,1.13,3.75
2011.11.02 19:16:22.799,0.78097,0.78106,1.13,6.00
2011.11.02 19:16:23.376,0.78097,0.78106,1.13,1.50
2011.11.02 19:16:24.587,0.78095,0.78107,3.23,1.50
2011.11.02 19:16:25.646,0.78094,0.78104,1.13,1.50
2011.11.02 19:16:26.006,0.78092,0.78104,3.38,1.50
2011.11.02 19:16:26.595,0.78092,0.78103,2.63,1.50
2011.11.02 19:16:29.293,0.78098,0.78104,1.13,2.25
2011.11.02 19:16:29.419,0.78096,0.78106,1.13,2.25
2011.11.02 19:16:29.538,0.78096,0.78106,1.13,1.50
2011.11.02 19:16:29.776,0.78098,0.78106,1.13,1.50
2011.11.02 19:16:31.876,0.78096,0.78107,1.88,1.50
2011.11.02 19:16:48.426,0.78096,0.78107,1.50,2.25
2011.11.02 19:16:48.960,0.78097,0.78107,1.13,1.50
2011.11.02 19:16:55.956,0.78096,0.78107,1.88,3.00
2011.11.02 19:16:56.737,0.78094,0.78105,1.13,4.50
2011.11.02 19:16:59.298,0.78094,0.78104,1.13,1.50
2011.11.02 19:17:00.192,0.78098,0.78106,1.88,2.25
2011.11.02 19:17:00.799,0.78098,0.78108,1.13,2.25
2011.11.02 19:17:01.972,0.78098,0.78109,1.13,5.25
2011.11.02 19:17:10.176,0.78098,0.78108,1.13,1.50
2011.11.02 19:17:17.561,0.78097,0.78108,1.50,3.00
2011.11.02 19:17:17.690,0.78097,0.78108,1.50,1.50
2011.11.02 19:17:18.296,0.78095,0.78107,3.00,2.25
2011.11.02 19:17:18.659,0.78095,0.78105,1.50,1.50
2011.11.02 19:17:20.986,0.78095,0.78106,1.50,4.50
2011.11.02 19:17:21.227,0.78092,0.78103,2.63,2.25
2011.11.02 19:17:21.833,0.78093,0.78104,1.50,1.50
2011.11.02 19:17:22.484,0.78094,0.78105,1.88,1.50
2011.11.02 19:17:23.101,0.78094,0.78106,1.13,6.38
2011.11.02 19:17:27.088,0.78096,0.78107,1.50,2.63
2011.11.02 19:17:27.448,0.78096,0.78107,1.50,1.50
2011.11.02 19:17:32.596,0.78096,0.78108,2.63,3.75
2011.11.02 19:17:37.916,0.78097,0.78108,1.50,2.25
2011.11.02 19:18:04.638,0.78096,0.78107,1.50,1.50
2011.11.02 19:18:05.139,0.78095,0.78105,2.25,2.25
2011.11.02 19:18:05.635,0.78094,0.78105,3.00,1.50
2011.11.02 19:18:06.337,0.78094,0.78106,3.00,5.25
2011.11.02 19:18:06.895,0.78094,0.78106,2.25,5.25
2011.11.02 19:18:07.642,0.78094,0.78106,2.25,3.75
2011.11.02 19:18:09.049,0.78094,0.78105,2.25,2.25
2011.11.02 19:18:10.279,0.78094,0.78105,1.50,3.75
2011.11.02 19:18:10.884,0.78093,0.78104,2.25,1.13
2011.11.02 19:18:11.250,0.78092,0.78101,1.88,1.50
2011.11.02 19:18:13.655,0.78092,0.78103,1.13,3.00
2011.11.02 19:18:16.470,0.78092,0.78102,1.13,2.10
2011.11.02 19:18:21.744,0.78091,0.78102,1.88,3.60
2011.11.02 19:18:27.633,0.78092,0.78103,1.50,6.75
2011.11.02 19:19:00.100,0.78092,0.78103,1.50,3.00
2011.11.02 19:19:02.851,0.78092,0.78103,1.50,3.00
2011.11.02 19:19:03.430,0.78093,0.78104,1.50,1.50
2011.11.02 19:19:09.295,0.78093,0.78104,1.50,2.63
2011.11.02 19:19:19.877,0.78091,0.78102,1.13,3.00
2011.11.02 19:19:23.004,0.7809,0.78101,1.50,3.00
2011.11.02 19:19:25.436,0.78091,0.78101,1.13,3.75
2011.11.02 19:19:37.561,0.78092,0.78102,1.13,1.50
2011.11.02 19:19:38.158,0.78092,0.78103,1.13,5.10
2011.11.02 19:19:46.659,0.78093,0.78104,1.50,2.25
2011.11.02 19:19:48.095,0.78092,0.78103,1.13,2.25
2011.11.02 19:19:51.168,0.78092,0.78103,1.13,1.50
2011.11.02 19:19:59.297,0.78092,0.78103,1.13,2.25
2011.11.02 19:20:00.179,0.78092,0.78102,1.13,1.50
2011.11.02 19:20:09.833,0.7809,0.781,1.50,1.50
2011.11.02 19:20:09.964,0.78089,0.781,2.25,1.88
2011.11.02 19:20:10.345,0.78088,0.78098,1.13,3.00
2011.11.02 19:20:10.590,0.78087,0.78098,1.13,2.49
2011.11.02 19:20:11.058,0.78087,0.78097,1.13,1.74
2011.11.02 19:20:12.041,0.78086,0.78097,3.38,1.50
2011.11.02 19:20:12.168,0.78086,0.78096,2.25,1.50
2011.11.02 19:20:17.238,0.78088,0.78097,1.13,1.50
2011.11.02 19:20:18.208,0.78088,0.78099,1.13,4.74
2011.11.02 19:20:18.737,0.78088,0.78099,1.13,2.49
2011.11.02 19:20:19.540,0.78088,0.78099,1.13,2.49
2011.11.02 19:20:20.117,0.78088,0.78099,1.13,2.49
2011.11.02 19:20:21.005,0.78088,0.78099,1.13,2.49
2011.11.02 19:20:22.185,0.78088,0.78099,1.13,2.25
2011.11.02 19:20:24.216,0.78088,0.78099,1.13,4.50
2011.11.02 19:20:25.827,0.78088,0.78099,1.13,2.25
2011.11.02 19:20:26.411,0.78088,0.78099,1.13,3.75
2011.11.02 19:20:26.968,0.78088,0.78099,1.13,2.25
2011.11.02 19:20:27.803,0.78088,0.78099,1.13,3.75
2011.11.02 19:20:28.626,0.78088,0.78099,1.13,5.25
2011.11.02 19:20:29.486,0.78088,0.78098,1.13,2.25
2011.11.02 19:20:30.076,0.78088,0.78099,1.13,5.25
2011.11.02 19:20:30.646,0.78088,0.78098,1.13,2.25
2011.11.02 19:20:31.276,0.78088,0.78099,1.13,4.50
2011.11.02 19:20:32.033,0.78088,0.78098,1.13,2.25
2011.11.02 19:20:36.516,0.78087,0.78098,1.50,1.50
2011.11.02 19:20:37.285,0.78087,0.78099,1.50,3.75
2011.11.02 19:20:37.752,0.78086,0.78096,1.50,1.13
2011.11.02 19:20:38.124,0.78083,0.78089,2.63,2.10
2011.11.02 19:20:38.691,0.78078,0.7809,4.13,1.50
2011.11.02 19:20:38.812,0.78078,0.78092,5.63,4.13
2011.11.02 19:20:39.417,0.78079,0.78091,1.50,1.88
2011.11.02 19:20:41.786,0.78079,0.78091,1.88,1.50
2011.11.02 19:20:49.957,0.78079,0.78092,1.50,3.75
2011.11.02 19:20:50.202,0.78078,0.78089,4.50,1.13
2011.11.02 19:20:50.800,0.78078,0.78089,1.50,1.13
2011.11.02 19:20:54.784,0.78077,0.7809,3.00,3.38
2011.11.02 19:20:55.446,0.78077,0.7809,2.25,2.63
2011.11.02 19:20:55.809,0.78077,0.78087,1.50,1.88
2011.11.02 19:20:57.671,0.78077,0.78088,2.25,1.88
2011.11.02 19:20:58.630,0.78078,0.78088,1.50,1.50
2011.11.02 19:20:59.799,0.78078,0.78089,1.50,1.50
2011.11.02 19:21:00.388,0.78078,0.7809,2.25,3.38
2011.11.02 19:21:04.960,0.78078,0.78087,1.50,1.35
2011.11.02 19:21:05.326,0.78074,0.78084,3.75,3.00
2011.11.02 19:21:05.952,0.78073,0.78083,2.25,2.25
2011.11.02 19:21:06.083,0.78074,0.78083,1.88,1.50
2011.11.02 19:21:06.331,0.78076,0.78087,2.25,3.48
2011.11.02 19:21:06.465,0.78076,0.78087,2.25,1.50
2011.11.02 19:21:06.589,0.78075,0.78086,4.50,1.13
2011.11.02 19:21:06.830,0.78075,0.78086,3.75,1.13
2011.11.02 19:21:07.798,0.78075,0.78087,3.75,2.63
2011.11.02 19:21:07.931,0.78076,0.78086,2.25,1.50
2011.11.02 19:21:17.337,0.78077,0.78087,1.50,1.23
2011.11.02 19:21:26.669,0.78074,0.78085,1.50,1.50
2011.11.02 19:21:27.029,0.78073,0.78083,1.50,1.50
2011.11.02 19:21:32.229,0.78074,0.78085,1.88,3.00
2011.11.02 19:21:33.277,0.78075,0.78085,1.50,3.75
2011.11.02 19:21:37.752,0.78073,0.78085,1.88,2.63
2011.11.02 19:21:39.479,0.78073,0.78084,3.38,1.50
2011.11.02 19:21:39.720,0.78074,0.78085,1.50,1.50
2011.11.02 19:21:40.232,0.78075,0.78085,1.13,1.50
2011.11.02 19:21:40.717,0.78073,0.78085,2.25,1.50
2011.11.02 19:21:43.183,0.78073,0.78085,1.50,3.00
2011.11.02 19:21:46.673,0.78072,0.78085,1.50,3.00
2011.11.02 19:21:48.320,0.78072,0.78085,1.50,3.75
2011.11.02 19:21:48.447,0.78073,0.78084,1.13,2.25
2011.11.02 19:21:49.294,0.78074,0.78085,1.13,3.00
2011.11.02 19:21:49.865,0.78073,0.78084,1.88,1.50
2011.11.02 19:21:53.268,0.78072,0.78084,3.00,1.50
2011.11.02 19:21:56.056,0.78072,0.78084,3.00,2.25
2011.11.02 19:21:56.657,0.78073,0.78084,1.88,2.25
2011.11.02 19:21:57.909,0.78072,0.78084,2.25,2.25
2011.11.02 19:21:58.508,0.78072,0.78083,1.50,2.25
2011.11.02 19:21:59.107,0.78072,0.78083,1.50,1.88
2011.11.02 19:22:03.166,0.7807,0.78082,3.00,5.85
2011.11.02 19:22:03.898,0.78068,0.78078,1.50,1.88
2011.11.02 19:22:04.265,0.78066,0.78078,3.38,1.88
2011.11.02 19:22:06.411,0.78067,0.78078,1.13,2.25
2011.11.02 19:22:07.969,0.78066,0.78079,3.38,3.00
2011.11.02 19:22:08.556,0.78066,0.78077,2.25,1.50
2011.11.02 19:22:10.448,0.78069,0.78077,1.13,1.50
2011.11.02 19:22:10.818,0.78071,0.7808,1.13,3.00
2011.11.02 19:22:17.920,0.78069,0.7808,1.50,1.50
2011.11.02 19:22:22.377,0.7807,0.78081,1.13,6.38
2011.11.02 19:22:23.538,0.78073,0.7808,1.13,1.50
2011.11.02 19:22:23.896,0.78074,0.78082,2.25,1.50
2011.11.02 19:22:24.706,0.78075,0.78084,1.88,1.50
2011.11.02 19:22:25.364,0.78075,0.78084,1.88,1.50
2011.11.02 19:22:25.958,0.78075,0.78084,1.50,1.50
2011.11.02 19:22:34.429,0.78075,0.78084,1.50,2.25
2011.11.02 19:22:35.336,0.78075,0.78084,1.50,1.50
2011.11.02 19:22:47.925,0.78075,0.78085,1.88,1.50
2011.11.02 19:22:48.517,0.78076,0.78086,1.13,4.05
2011.11.02 19:22:48.642,0.78076,0.78086,1.13,1.80
2011.11.02 19:22:50.390,0.78075,0.78086,1.50,1.80
2011.11.02 19:22:50.949,0.78075,0.78087,1.50,5.10
2011.11.02 19:22:52.139,0.78075,0.78087,1.50,5.10
2011.11.02 19:22:52.260,0.78074,0.78083,1.50,1.50
2011.11.02 19:23:09.878,0.78073,0.78084,1.50,1.50
2011.11.02 19:23:09.997,0.78073,0.78085,1.50,3.00
2011.11.02 19:23:10.588,0.78073,0.78085,1.50,2.25
2011.11.02 19:23:15.437,0.78072,0.78085,3.00,1.88
2011.11.02 19:23:16.815,0.78073,0.78085,1.50,1.50
2011.11.02 19:23:17.045,0.78073,0.78085,1.50,2.25
2011.11.02 19:23:17.725,0.78073,0.78084,1.50,1.50
2011.11.02 19:23:22.968,0.7807,0.78082,2.25,3.75
2011.11.02 19:23:23.571,0.78069,0.78081,1.50,3.75
2011.11.02 19:23:24.171,0.78068,0.7808,2.63,2.25
2011.11.02 19:23:32.180,0.78068,0.78079,1.88,3.00
2011.11.02 19:24:29.142,0.78068,0.78079,1.13,2.25
2011.11.02 19:24:58.070,0.78068,0.78079,1.88,2.25
2011.11.02 19:25:17.554,0.78068,0.78081,1.13,2.25
2011.11.02 19:25:20.619,0.78067,0.7808,3.38,1.50
2011.11.02 19:25:43.369,0.78068,0.7808,1.50,2.25
2011.11.02 19:25:43.969,0.78067,0.7808,2.63,1.50
2011.11.02 19:25:44.570,0.78067,0.7808,2.63,3.75
2011.11.02 19:25:50.659,0.78069,0.7808,1.13,3.75
2011.11.02 19:25:51.238,0.78069,0.78081,1.88,1.50
2011.11.02 19:25:51.933,0.78069,0.78081,1.50,2.85
2011.11.02 19:26:04.045,0.7807,0.78081,1.88,1.50
2011.11.02 19:26:51.305,0.7807,0.78082,1.88,4.50
2011.11.02 19:27:31.477,0.78072,0.78082,1.13,3.38
2011.11.02 19:27:52.522,0.7807,0.78081,1.50,1.13
2011.11.02 19:27:53.100,0.78069,0.78081,4.88,1.13
2011.11.02 19:27:56.557,0.78069,0.78082,5.73,2.25
2011.11.02 19:28:06.947,0.7807,0.78082,2.25,1.50
2011.11.02 19:28:07.313,0.78079,0.78088,1.50,1.50
2011.11.02 19:28:07.858,0.78078,0.7809,1.98,2.25
2011.11.02 19:28:10.043,0.78079,0.78091,1.50,1.50
2011.11.02 19:28:10.192,0.78084,0.78093,1.50,1.80
2011.11.02 19:28:10.944,0.78084,0.78094,1.50,1.35
2011.11.02 19:28:11.332,0.78084,0.78095,3.00,1.88
2011.11.02 19:28:12.798,0.78084,0.78096,3.00,2.25
2011.11.02 19:28:13.407,0.78084,0.78096,3.75,2.25
2011.11.02 19:28:14.151,0.78085,0.78096,1.50,2.63
2011.11.02 19:28:14.762,0.78085,0.78096,1.50,2.63
2011.11.02 19:28:22.842,0.78086,0.78097,2.85,1.50
2011.11.02 19:28:22.961,0.78087,0.78099,1.50,2.55
2011.11.02 19:28:26.900,0.78086,0.78098,3.00,1.50
2011.11.02 19:28:27.145,0.78085,0.78097,3.60,1.50
2011.11.02 19:28:27.747,0.78086,0.78097,2.63,1.50
2011.11.02 19:28:29.080,0.78087,0.78098,1.13,4.50
2011.11.02 19:28:29.212,0.78087,0.78098,1.13,2.25
2011.11.02 19:28:37.709,0.78087,0.78098,1.13,2.25
2011.11.02 19:28:37.835,0.78085,0.78095,1.50,1.13
2011.11.02 19:28:38.198,0.78083,0.78094,2.25,2.25
2011.11.02 19:28:38.807,0.78082,0.78094,1.50,2.25
2011.11.02 19:28:39.500,0.78082,0.78094,1.50,2.25
2011.11.02 19:28:40.229,0.78082,0.78094,2.25,2.25
2011.11.02 19:28:40.349,0.78083,0.78094,1.13,1.50
2011.11.02 19:28:42.461,0.78085,0.78096,1.35,2.25
2011.11.02 19:28:43.128,0.78083,0.78094,1.88,1.50
2011.11.02 19:28:45.489,0.78084,0.78095,1.88,1.50
2011.11.02 19:28:55.879,0.78085,0.78096,1.50,1.13
2011.11.02 19:28:56.469,0.78085,0.78097,1.88,1.88
2011.11.02 19:29:00.808,0.78085,0.78098,1.50,1.50
2011.11.02 19:29:01.599,0.78086,0.78099,1.88,6.60
2011.11.02 19:29:04.978,0.78086,0.78098,1.50,1.80
2011.11.02 19:29:05.557,0.78085,0.78097,3.75,1.50
2011.11.02 19:29:11.261,0.78087,0.78098,3.38,1.50
2011.11.02 19:29:11.858,0.78088,0.78099,1.13,1.80
2011.11.02 19:29:33.927,0.78088,0.78099,1.88,1.80
2011.11.02 19:29:35.749,0.78087,0.78098,1.50,1.43
2011.11.02 19:29:35.990,0.78085,0.78098,2.85,2.63
2011.11.02 19:29:44.128,0.78084,0.78097,3.38,1.50
2011.11.02 19:29:45.450,0.78086,0.78097,1.13,1.50
2011.11.02 19:29:54.218,0.78085,0.78096,2.25,1.13
2011.11.02 19:29:57.571,0.78085,0.78098,1.88,1.50
2011.11.02 19:30:02.388,0.78085,0.78096,2.25,1.88
2011.11.02 19:30:02.987,0.78085,0.78096,1.88,1.50
2011.11.02 19:30:13.084,0.78086,0.78098,1.13,1.88
2011.11.02 19:30:16.928,0.78085,0.78098,1.50,3.38
2011.11.02 19:30:19.956,0.78084,0.78097,3.75,1.13
2011.11.02 19:30:20.550,0.78084,0.78097,3.75,1.88
2011.11.02 19:30:39.092,0.78083,0.78096,2.25,1.88
2011.11.02 19:30:39.691,0.78083,0.78095,1.50,1.50
2011.11.02 19:30:43.450,0.78084,0.78095,1.50,1.50
2011.11.02 19:30:44.760,0.78084,0.78094,1.50,1.13
2011.11.02 19:30:45.929,0.78083,0.78094,1.50,1.13
2011.11.02 19:30:47.784,0.78083,0.78094,1.88,1.50
2011.11.02 19:30:52.627,0.78082,0.78095,2.25,2.63
2011.11.02 19:30:57.778,0.78081,0.78094,4.13,1.50
2011.11.02 19:31:00.059,0.78082,0.78095,1.13,3.75
2011.11.02 19:31:03.641,0.78081,0.78094,3.38,1.50
2011.11.02 19:31:08.277,0.78082,0.78095,1.13,4.50
2011.11.02 19:31:09.110,0.78082,0.78093,1.13,6.00
2011.11.02 19:31:09.349,0.78081,0.78092,1.50,1.13
2011.11.02 19:31:22.000,0.78081,0.78092,1.13,1.50
2011.11.02 19:31:22.240,0.78081,0.78093,1.88,2.25
2011.11.02 19:31:22.588,0.78082,0.78093,2.25,2.25
2011.11.02 19:31:25.672,0.78083,0.78093,1.50,2.25
2011.11.02 19:31:27.707,0.78082,0.78093,1.50,2.25
2011.11.02 19:31:30.831,0.78081,0.78092,1.88,1.50
2011.11.02 19:31:32.538,0.7808,0.78092,1.50,2.10
2011.11.02 19:31:34.743,0.78079,0.78092,3.38,3.60
2011.11.02 19:31:34.997,0.78081,0.78092,1.88,2.85
2011.11.02 19:31:37.192,0.78079,0.78091,2.63,2.25
2011.11.02 19:31:38.459,0.78079,0.78091,2.63,2.25
2011.11.02 19:31:39.886,0.7808,0.78091,1.13,3.00
2011.11.02 19:31:40.466,0.7808,0.78091,1.13,1.50
2011.11.02 19:31:40.917,0.78079,0.78092,2.25,3.00
2011.11.02 19:31:47.996,0.7808,0.78091,1.13,1.50
2011.11.02 19:32:31.529,0.7808,0.78093,1.88,7.13
2011.11.02 19:32:32.277,0.7808,0.78093,2.63,7.88
2011.11.02 19:32:33.396,0.78082,0.78093,1.13,3.38
2011.11.02 19:32:34.001,0.78083,0.78094,1.13,3.60
2011.11.02 19:32:38.242,0.78081,0.78094,1.13,3.60
2011.11.02 19:32:38.858,0.78081,0.78092,1.13,1.50
2011.11.02 19:32:40.643,0.7808,0.78092,1.50,2.25
2011.11.02 19:32:40.894,0.78079,0.78091,1.88,1.88
2011.11.02 19:32:41.746,0.78079,0.78092,2.73,3.00
2011.11.02 19:32:43.179,0.78079,0.78092,1.50,3.00
2011.11.02 19:32:43.791,0.78079,0.78092,3.00,2.25
2011.11.02 19:32:45.872,0.78081,0.78092,1.13,4.13
2011.11.02 19:32:46.517,0.78081,0.78092,1.13,3.38
2011.11.02 19:32:47.716,0.78081,0.78092,1.13,4.13
2011.11.02 19:32:49.325,0.7808,0.78091,3.38,1.50
2011.11.02 19:32:49.919,0.7808,0.7809,1.50,1.50
2011.11.02 19:32:52.465,0.7808,0.78091,1.13,2.25
2011.11.02 19:32:53.059,0.7808,0.78091,1.13,2.25
2011.11.02 19:32:53.730,0.7808,0.78091,1.13,2.25
2011.11.02 19:33:04.921,0.78081,0.78092,1.13,4.13
2011.11.02 19:33:08.310,0.78081,0.78092,2.63,3.38
2011.11.02 19:33:58.089,0.78081,0.78092,1.50,4.50
2011.11.02 19:34:04.607,0.7808,0.78092,1.50,2.25
2011.11.02 19:34:07.021,0.78081,0.78092,1.50,1.88
2011.11.02 19:34:23.267,0.78081,0.78092,2.25,1.13
2011.11.02 19:34:27.850,0.78082,0.78093,1.50,7.50
2011.11.02 19:34:28.430,0.78082,0.78093,1.50,8.25
2011.11.02 19:34:29.118,0.78081,0.78093,2.63,8.25
2011.11.02 19:34:55.609,0.78081,0.78092,1.88,3.38
2011.11.02 19:34:56.111,0.78081,0.78092,1.88,3.38
2011.11.02 19:34:58.857,0.78081,0.78092,1.88,3.38
2011.11.02 19:34:59.562,0.78081,0.78092,1.88,3.38
2011.11.02 19:35:00.378,0.78081,0.78092,1.88,3.38
2011.11.02 19:35:00.958,0.78081,0.78092,1.88,3.38
2011.11.02 19:35:02.698,0.78081,0.78092,1.88,1.50
2011.11.02 19:35:04.602,0.78082,0.78093,1.88,6.00
2011.11.02 19:35:05.840,0.78082,0.78093,1.88,6.00
2011.11.02 19:35:06.069,0.78083,0.78093,1.50,6.00
2011.11.02 19:35:07.682,0.78083,0.78093,1.50,6.00
2011.11.02 19:35:14.867,0.78083,0.78093,1.50,6.00
2011.11.02 19:35:20.171,0.78083,0.78093,1.50,6.00
2011.11.02 19:35:22.799,0.78083,0.78093,1.50,5.25
2011.11.02 19:35:28.514,0.78082,0.78093,1.88,5.25
2011.11.02 19:35:30.690,0.78081,0.78093,1.50,5.25
2011.11.02 19:35:31.631,0.7808,0.78093,1.88,7.88
2011.11.02 19:35:35.241,0.78079,0.78092,3.00,5.63
2011.11.02 19:35:35.592,0.78079,0.7809,1.50,2.25
2011.11.02 19:35:46.593,0.7808,0.78091,1.50,1.50
2011.11.02 19:35:46.962,0.78082,0.78092,1.50,1.05
2011.11.02 19:35:52.548,0.78081,0.78093,1.13,2.18
2011.11.02 19:35:57.746,0.7808,0.78092,1.88,5.25
2011.11.02 19:35:58.738,0.78081,0.78092,1.13,4.88
2011.11.02 19:36:04.902,0.7808,0.78091,2.25,1.13
2011.11.02 19:36:05.263,0.78078,0.78091,3.75,1.13
2011.11.02 19:36:05.838,0.78078,0.78091,3.00,1.88
2011.11.02 19:36:10.928,0.78079,0.78091,1.13,1.88
2011.11.02 19:36:11.490,0.7808,0.78091,2.25,1.13
2011.11.02 19:36:16.554,0.7808,0.7809,1.50,1.13
2011.11.02 19:36:17.081,0.7808,0.7809,1.50,1.13
2011.11.02 19:36:17.618,0.7808,0.78092,1.50,4.13
2011.11.02 19:36:17.739,0.78081,0.78092,1.88,4.88
2011.11.02 19:36:28.809,0.7808,0.78091,2.25,1.13
2011.11.02 19:36:28.929,0.7808,0.78091,1.50,1.13
2011.11.02 19:36:30.876,0.7808,0.78091,3.00,1.13
2011.11.02 19:36:31.483,0.7808,0.78092,1.50,2.93
2011.11.02 19:36:33.257,0.7808,0.7809,1.50,1.13
2011.11.02 19:36:38.149,0.78078,0.7809,1.88,1.13
2011.11.02 19:36:38.648,0.78077,0.78089,2.25,2.25
2011.11.02 19:36:46.474,0.78077,0.78089,2.25,2.47
2011.11.02 19:36:47.769,0.78077,0.78087,1.50,1.43
2011.11.02 19:36:52.680,0.78077,0.78086,1.50,1.05
2011.11.02 19:36:53.274,0.78076,0.78086,1.50,1.05
2011.11.02 19:36:55.501,0.78074,0.78087,3.75,2.18
2011.11.02 19:36:55.962,0.78074,0.78086,3.75,1.05
2011.11.02 19:36:56.559,0.78075,0.78087,1.50,1.05
2011.11.02 19:36:59.773,0.78075,0.78087,2.25,1.05
2011.11.02 19:37:04.526,0.78077,0.78087,1.50,1.05
2011.11.02 19:37:05.429,0.78082,0.78088,1.50,4.88
2011.11.02 19:37:05.561,0.7808,0.78092,3.75,1.88
2011.11.02 19:37:06.166,0.78081,0.78092,1.50,3.68
2011.11.02 19:37:06.769,0.78081,0.78092,2.25,2.93
2011.11.02 19:37:14.592,0.78081,0.78092,1.50,2.63
2011.11.02 19:37:18.257,0.78081,0.78092,2.25,2.93
2011.11.02 19:37:27.732,0.78084,0.78093,3.00,1.05
2011.11.02 19:37:28.206,0.78086,0.78094,2.25,2.63
2011.11.02 19:37:28.345,0.78086,0.78097,1.50,2.63
2011.11.02 19:37:32.047,0.78085,0.78097,1.88,2.63
2011.11.02 19:37:38.982,0.78086,0.78097,1.88,1.50
2011.11.02 19:37:44.102,0.78086,0.78098,3.38,2.18
2011.11.02 19:37:47.144,0.78086,0.78098,1.50,2.55
2011.11.02 19:37:54.593,0.78086,0.78096,1.50,1.88
2011.11.02 19:37:55.188,0.78084,0.78096,4.88,1.88
2011.11.02 19:38:07.632,0.78084,0.78094,2.25,1.13
2011.11.02 19:38:08.182,0.78082,0.78093,1.88,1.05
2011.11.02 19:38:12.091,0.78084,0.78096,2.25,4.13
2011.11.02 19:38:17.579,0.78084,0.78095,1.50,1.13
2011.11.02 19:38:19.969,0.78084,0.78096,1.58,4.13
2011.11.02 19:38:27.158,0.78084,0.78095,2.33,1.13
2011.11.02 19:38:36.153,0.78084,0.78094,1.50,1.13
2011.11.02 19:38:39.772,0.78083,0.78096,1.50,3.38
2011.11.02 19:38:42.050,0.78082,0.78094,1.88,2.63
2011.11.02 19:38:50.965,0.78084,0.78094,1.50,2.25
2011.11.02 19:38:51.571,0.78083,0.78095,2.63,1.13
2011.11.02 19:39:06.459,0.78083,0.78094,2.63,1.50
2011.11.02 19:39:09.041,0.78083,0.78094,2.25,1.50
2011.11.02 19:39:09.596,0.78083,0.78094,2.25,1.50
2011.11.02 19:39:10.189,0.78082,0.78094,2.25,3.75
2011.11.02 19:39:12.343,0.78083,0.78095,2.25,3.75
2011.11.02 19:39:12.824,0.78084,0.78097,2.25,3.75
2011.11.02 19:39:12.953,0.78084,0.78097,2.25,3.00
2011.11.02 19:39:13.544,0.78085,0.78096,1.50,1.13
2011.11.02 19:39:13.904,0.78082,0.78094,3.75,1.50
2011.11.02 19:39:15.728,0.78082,0.78094,3.75,1.50
2011.11.02 19:39:17.579,0.78082,0.78094,3.00,2.25
2011.11.02 19:39:18.250,0.78082,0.78093,2.25,1.50
2011.11.02 19:39:18.849,0.78081,0.78092,1.50,1.13
2011.11.02 19:39:32.031,0.7808,0.78093,1.13,3.75
2011.11.02 19:39:32.397,0.78082,0.78093,1.50,1.50
2011.11.02 19:39:32.888,0.78084,0.78093,1.50,1.50
2011.11.02 19:39:33.018,0.78081,0.78093,6.38,1.50
2011.11.02 19:39:35.749,0.78083,0.78093,1.13,3.00
2011.11.02 19:39:39.050,0.78082,0.78093,1.50,2.25
2011.11.02 19:39:39.402,0.7808,0.78092,2.25,2.25
2011.11.02 19:39:53.188,0.78081,0.78092,1.13,1.50
2011.11.02 19:39:55.398,0.78082,0.78093,1.13,2.25
2011.11.02 19:40:00.973,0.7808,0.78092,2.25,2.25
2011.11.02 19:40:03.147,0.78082,0.78093,1.88,1.50
2011.11.02 19:40:08.402,0.78083,0.78093,1.50,1.50
2011.11.02 19:40:11.289,0.78081,0.78093,1.50,1.50
2011.11.02 19:40:12.538,0.7808,0.78093,3.00,1.88
2011.11.02 19:40:13.430,0.7808,0.78092,1.50,2.25
2011.11.02 19:40:17.411,0.78079,0.78091,1.88,3.00
2011.11.02 19:40:17.541,0.78077,0.78087,4.50,1.13
2011.11.02 19:40:17.789,0.78076,0.78086,1.50,2.25
2011.11.02 19:40:20.140,0.78076,0.78086,1.50,1.50
2011.11.02 19:40:22.219,0.78076,0.78087,1.88,1.50
2011.11.02 19:40:22.703,0.78081,0.78088,1.88,1.50
2011.11.02 19:40:22.823,0.78082,0.7809,1.50,1.50
2011.11.02 19:40:23.303,0.78082,0.78092,1.50,2.55
2011.11.02 19:40:25.393,0.78081,0.78092,1.88,1.80
2011.11.02 19:40:27.881,0.78082,0.78093,3.60,2.18
2011.11.02 19:40:28.364,0.78085,0.78094,1.50,1.50
2011.11.02 19:40:28.710,0.78085,0.78094,1.50,2.25
2011.11.02 19:40:29.169,0.78083,0.78094,1.13,2.25
2011.11.02 19:40:32.186,0.78083,0.78094,1.13,1.50
2011.11.02 19:40:35.203,0.78082,0.78094,1.88,2.63
2011.11.02 19:40:36.892,0.78081,0.78093,1.88,7.88
2011.11.02 19:40:40.819,0.78079,0.78091,1.50,3.38
2011.11.02 19:40:41.073,0.78078,0.78089,2.25,1.73
2011.11.02 19:40:41.201,0.78077,0.78088,3.00,1.50
2011.11.02 19:40:41.802,0.78076,0.78088,1.50,4.50
2011.11.02 19:40:42.385,0.78076,0.78087,1.50,2.63
2011.11.02 19:40:43.318,0.78075,0.78086,1.50,1.13
2011.11.02 19:40:44.055,0.78075,0.78087,1.13,1.88
2011.11.02 19:40:44.781,0.78076,0.78087,1.88,2.25
2011.11.02 19:40:45.313,0.78077,0.78087,1.50,1.50
2011.11.02 19:40:45.931,0.78077,0.78089,3.00,3.00
2011.11.02 19:40:46.897,0.78077,0.78089,2.25,3.00
2011.11.02 19:40:47.793,0.78075,0.78086,3.00,1.13
2011.11.02 19:40:47.945,0.78073,0.78086,2.25,4.13
2011.11.02 19:40:48.550,0.78075,0.78086,1.50,3.38
2011.11.02 19:40:49.157,0.78075,0.78086,1.88,3.75
2011.11.02 19:40:50.064,0.78076,0.78086,1.50,1.50
2011.11.02 19:40:50.307,0.78077,0.78087,1.50,3.38
2011.11.02 19:40:50.916,0.78077,0.78087,1.50,1.50
2011.11.02 19:40:52.019,0.78076,0.78087,2.25,1.88
2011.11.02 19:40:52.148,0.78076,0.78087,1.50,1.88
2011.11.02 19:40:52.280,0.78075,0.78086,1.50,1.13
2011.11.02 19:40:52.889,0.78074,0.78085,1.50,1.13
2011.11.02 19:40:55.405,0.78075,0.78086,1.50,1.05
2011.11.02 19:40:58.542,0.78076,0.78087,1.50,1.80
2011.11.02 19:40:59.505,0.78076,0.78087,1.50,1.05
2011.11.02 19:41:01.770,0.7808,0.78089,1.13,1.35
2011.11.02 19:41:01.900,0.78081,0.78091,1.50,1.50
2011.11.02 19:41:02.024,0.78078,0.7809,3.00,1.50
2011.11.02 19:41:02.883,0.78078,0.7809,1.88,1.50
2011.11.02 19:41:03.247,0.7808,0.7809,1.13,1.50
2011.11.02 19:41:03.378,0.78081,0.78091,2.25,5.25
2011.11.02 19:41:03.984,0.78081,0.78093,1.50,1.88
2011.11.02 19:41:04.810,0.78079,0.78092,2.25,3.00
2011.11.02 19:41:06.329,0.78079,0.7809,1.50,1.13
2011.11.02 19:41:06.808,0.78076,0.78089,3.00,3.38
2011.11.02 19:41:07.396,0.78076,0.78088,2.25,1.50
2011.11.02 19:41:08.589,0.78078,0.78089,1.50,3.38
2011.11.02 19:41:09.302,0.78076,0.78088,2.25,1.50
2011.11.02 19:41:10.904,0.78075,0.78088,3.38,3.00
2011.11.02 19:41:11.266,0.78076,0.78086,1.13,2.25
2011.11.02 19:41:11.864,0.78076,0.78086,1.50,1.50
2011.11.02 19:41:15.464,0.78076,0.78085,1.50,1.50
2011.11.02 19:41:15.710,0.78074,0.78085,3.00,3.75
2011.11.02 19:41:15.836,0.78073,0.78086,4.13,6.75
2011.11.02 19:41:16.077,0.78076,0.78086,1.88,1.50
2011.11.02 19:41:21.738,0.78077,0.78088,6.00,1.50
2011.11.02 19:41:21.981,0.78077,0.78089,2.25,2.25
2011.11.02 19:41:22.563,0.78077,0.78089,3.00,1.50
2011.11.02 19:41:24.844,0.78077,0.78089,3.00,1.50
2011.11.02 19:41:27.999,0.78077,0.78089,3.00,1.50
2011.11.02 19:41:29.795,0.78077,0.78089,3.00,1.50
2011.11.02 19:41:40.011,0.78078,0.78089,1.50,1.88
2011.11.02 19:41:40.594,0.78078,0.78089,1.50,1.50
2011.11.02 19:41:41.197,0.78079,0.78091,1.50,2.25
2011.11.02 19:41:43.586,0.78079,0.78092,2.25,2.25
2011.11.02 19:41:44.161,0.78079,0.78092,4.13,2.25
2011.11.02 19:41:52.327,0.78079,0.78092,3.38,2.63
2011.11.02 19:41:54.981,0.78079,0.78092,3.00,2.63
2011.11.02 19:41:57.936,0.7808,0.78093,1.88,3.75
2011.11.02 19:42:02.188,0.78078,0.7809,2.25,1.88
2011.11.02 19:42:02.782,0.78076,0.78089,1.88,2.25
2011.11.02 19:42:06.072,0.78077,0.7809,2.63,3.75
2011.11.02 19:42:14.951,0.78077,0.78089,1.13,1.88
2011.11.02 19:42:15.323,0.78075,0.78086,1.13,1.50
2011.11.02 19:42:18.887,0.78076,0.78087,1.13,1.50
2011.11.02 19:42:19.135,0.78077,0.78088,1.50,1.50
2011.11.02 19:42:20.109,0.78077,0.78089,1.50,1.50
2011.11.02 19:42:25.254,0.78077,0.78089,1.50,1.50
2011.11.02 19:42:30.455,0.78078,0.7809,2.25,1.50
2011.11.02 19:42:31.404,0.78078,0.78088,1.50,1.50
2011.11.02 19:42:48.876,0.78076,0.78088,3.00,5.63
2011.11.02 19:42:48.995,0.78076,0.78088,1.50,7.13
2011.11.02 19:42:58.818,0.78076,0.78088,1.50,6.75
2011.11.02 19:42:59.312,0.78076,0.78088,1.88,1.50
2011.11.02 19:43:02.744,0.78076,0.78088,1.50,2.25
2011.11.02 19:43:07.425,0.78077,0.78089,1.50,2.25
2011.11.02 19:43:07.786,0.78076,0.78089,2.25,3.38
2011.11.02 19:43:14.147,0.78077,0.78089,1.50,2.25
2011.11.02 19:43:15.681,0.78077,0.78089,2.25,1.50
2011.11.02 19:43:15.931,0.78079,0.78091,1.88,3.00
2011.11.02 19:43:16.643,0.78079,0.78091,2.25,1.50
2011.11.02 19:43:17.603,0.7808,0.78092,1.50,2.25
2011.11.02 19:43:22.792,0.78079,0.78091,1.50,1.50
2011.11.02 19:43:23.606,0.78078,0.78091,2.63,2.25
2011.11.02 19:43:24.187,0.7808,0.78092,1.88,6.38
2011.11.02 19:43:30.564,0.7808,0.78091,1.50,1.88
2011.11.02 19:43:40.514,0.7808,0.78091,1.88,1.50
2011.11.02 19:43:42.259,0.78081,0.78092,1.13,2.25
2011.11.02 19:43:42.850,0.78081,0.78092,1.13,2.25
2011.11.02 19:43:47.814,0.78084,0.78095,1.88,2.25
2011.11.02 19:43:48.414,0.78085,0.78095,1.88,1.50
2011.11.02 19:43:50.496,0.78084,0.78095,2.25,3.38
2011.11.02 19:43:50.745,0.78082,0.78093,1.60,3.98
2011.11.02 19:43:52.488,0.7808,0.78092,1.88,2.63
2011.11.02 19:43:53.904,0.78081,0.78092,1.13,2.25
2011.11.02 19:43:56.662,0.78082,0.78093,1.13,4.35
2011.11.02 19:43:57.243,0.78082,0.78093,1.13,4.35
2011.11.02 19:43:59.109,0.7808,0.78091,2.63,6.00
2011.11.02 19:43:59.694,0.78081,0.78092,1.13,1.50
2011.11.02 19:44:00.290,0.7808,0.78092,1.50,6.00
2011.11.02 19:44:00.886,0.7808,0.78091,1.50,1.50
2011.11.02 19:44:03.369,0.78081,0.78092,1.88,6.00
2011.11.02 19:44:31.822,0.78081,0.78092,1.13,2.25
2011.11.02 19:44:33.388,0.78081,0.78092,1.13,1.50
2011.11.02 19:44:54.771,0.7808,0.78092,1.13,2.63
2011.11.02 19:44:55.456,0.78079,0.78092,3.75,6.38
2011.11.02 19:45:00.592,0.78079,0.78092,2.25,1.13
2011.11.02 19:45:00.839,0.78082,0.78093,1.13,3.00
2011.11.02 19:45:01.328,0.78082,0.78093,1.13,3.00
2011.11.02 19:45:14.985,0.78085,0.78094,1.13,2.25
2011.11.02 19:45:15.108,0.78085,0.78096,1.50,1.88
2011.11.02 19:45:15.847,0.78084,0.78095,1.50,2.25
2011.11.02 19:45:34.980,0.78084,0.78097,1.50,6.75
2011.11.02 19:45:36.665,0.78084,0.78095,2.25,1.13
2011.11.02 19:46:21.015,0.78084,0.78096,1.13,3.38
2011.11.02 19:46:21.604,0.78083,0.78095,1.13,1.88
2011.11.02 19:46:22.961,0.78083,0.78096,1.88,3.00
2011.11.02 19:46:23.564,0.78084,0.78096,1.50,2.25
2011.11.02 19:46:25.015,0.78085,0.78096,1.88,1.50
2011.11.02 19:46:26.523,0.78085,0.78098,3.38,3.00
2011.11.02 19:46:27.146,0.78088,0.78098,1.13,2.25
2011.11.02 19:46:27.683,0.7809,0.78101,1.13,1.50
2011.11.02 19:46:30.985,0.78089,0.781,1.50,2.25
2011.11.02 19:46:31.544,0.78088,0.78098,1.50,2.48
2011.11.02 19:46:31.678,0.78087,0.78099,1.50,1.50
2011.11.02 19:46:35.351,0.78088,0.78099,1.13,2.25
2011.11.02 19:46:42.412,0.78086,0.78099,3.38,2.25
2011.11.02 19:46:46.233,0.78087,0.78098,1.50,1.13
2011.11.02 19:46:57.151,0.78084,0.78098,3.38,2.63
2011.11.02 19:47:00.527,0.78087,0.78098,1.50,1.50
2011.11.02 19:47:01.610,0.78086,0.78099,3.75,2.63
2011.11.02 19:47:02.378,0.78087,0.78099,1.88,2.63
2011.11.02 19:47:09.578,0.78089,0.781,1.50,2.25
2011.11.02 19:47:10.182,0.78089,0.78101,2.25,3.38
2011.11.02 19:47:12.652,0.78088,0.78101,3.00,3.38
2011.11.02 19:47:12.780,0.78087,0.78098,6.00,1.88
2011.11.02 19:47:13.026,0.78084,0.78096,1.13,2.63
2011.11.02 19:47:14.059,0.78085,0.78096,1.13,1.50
2011.11.02 19:47:23.427,0.78084,0.78094,1.50,1.13
2011.11.02 19:47:24.015,0.78083,0.78094,1.50,1.43
2011.11.02 19:47:24.606,0.78082,0.78092,2.25,1.05
2011.11.02 19:47:27.376,0.7808,0.7809,1.50,1.88
2011.11.02 19:47:27.626,0.78077,0.78088,1.50,1.50
2011.11.02 19:47:28.677,0.78075,0.78086,3.00,1.13
2011.11.02 19:47:29.285,0.78076,0.78087,1.50,1.88
2011.11.02 19:47:29.884,0.78076,0.78087,1.88,1.50
2011.11.02 19:47:34.213,0.78077,0.78088,1.13,1.50
2011.11.02 19:47:34.976,0.78078,0.78089,1.88,2.25
2011.11.02 19:47:38.568,0.78078,0.7809,2.63,1.50
2011.11.02 19:47:40.536,0.78078,0.78088,1.50,1.13
2011.11.02 19:47:40.774,0.78076,0.78088,2.25,1.88
2011.11.02 19:47:41.363,0.78076,0.78087,2.25,1.13
2011.11.02 19:47:43.350,0.78076,0.78086,1.50,1.88
2011.11.02 19:47:46.620,0.78073,0.78084,2.25,1.88
2011.11.02 19:47:47.222,0.78073,0.78085,3.38,2.63
2011.11.02 19:47:49.219,0.78073,0.78083,1.50,1.88
2011.11.02 19:47:49.355,0.78074,0.78085,1.50,4.88
2011.11.02 19:47:49.479,0.78073,0.78083,1.50,1.13
2011.11.02 19:47:49.610,0.78072,0.78084,3.10,1.50
2011.11.02 19:47:49.738,0.78075,0.78085,1.13,2.25
2011.11.02 19:47:49.866,0.78075,0.78086,1.13,2.25
2011.11.02 19:47:50.903,0.78074,0.78086,1.88,1.50
2011.11.02 19:47:51.505,0.78074,0.78086,1.50,2.25
2011.11.02 19:47:52.523,0.78073,0.78086,2.35,2.63
2011.11.02 19:47:54.224,0.78073,0.78086,2.25,2.25
2011.11.02 19:47:56.674,0.78073,0.78084,2.25,1.13
2011.11.02 19:47:56.794,0.78074,0.78086,1.50,2.25
2011.11.02 19:47:59.548,0.78073,0.78085,1.50,1.13
2011.11.02 19:48:00.257,0.78072,0.78083,4.50,1.13
2011.11.02 19:48:00.852,0.78072,0.78083,2.63,1.50
2011.11.02 19:48:02.817,0.78072,0.78085,2.63,2.25
2011.11.02 19:48:10.869,0.78072,0.78084,2.63,1.88
2011.11.02 19:48:12.110,0.78073,0.78084,1.13,1.50
2011.11.02 19:48:12.492,0.78075,0.78086,1.13,1.50
2011.11.02 19:48:13.093,0.78076,0.78087,1.13,1.50
2011.11.02 19:48:13.334,0.78074,0.78087,1.88,1.50
2011.11.02 19:48:14.437,0.78075,0.78088,1.13,3.00
2011.11.02 19:48:20.452,0.78075,0.78087,2.63,1.88
2011.11.02 19:48:24.177,0.78074,0.78086,1.13,1.13
2011.11.02 19:48:42.874,0.78073,0.78084,1.50,1.88
2011.11.02 19:48:43.234,0.7807,0.78081,1.50,2.93
2011.11.02 19:48:44.058,0.78069,0.78081,1.88,2.93
2011.11.02 19:49:01.636,0.78069,0.78079,1.50,1.13
2011.11.02 19:49:02.232,0.78067,0.78078,3.00,1.13
2011.11.02 19:49:07.105,0.78067,0.78077,1.50,1.13
2011.11.02 19:49:07.347,0.78067,0.78077,1.50,1.13
2011.11.02 19:49:13.038,0.7807,0.7808,1.13,1.50
2011.11.02 19:49:13.858,0.78071,0.78082,1.50,1.88
2011.11.02 19:49:14.236,0.78078,0.7809,1.13,6.75
2011.11.02 19:49:14.716,0.78078,0.7809,1.13,6.00
2011.11.02 19:49:36.589,0.78077,0.7809,2.63,2.25
2011.11.02 19:49:37.197,0.78078,0.7809,1.13,2.25
2011.11.02 19:49:40.864,0.78077,0.7809,1.88,6.00
2011.11.02 19:49:41.223,0.78079,0.7809,1.13,1.50
2011.11.02 19:49:41.588,0.78081,0.78092,1.13,2.25
2011.11.02 19:49:44.788,0.78082,0.78092,1.13,1.05
2011.11.02 19:49:54.545,0.78083,0.78094,1.13,2.10
2011.11.02 19:50:09.803,0.78082,0.78094,4.23,1.35
2011.11.02 19:50:13.266,0.78083,0.78096,2.73,3.00
2011.11.02 19:50:13.750,0.78085,0.78096,1.50,1.50
2011.11.02 19:50:18.767,0.78083,0.78096,1.50,3.00
2011.11.02 19:50:19.334,0.78083,0.78096,1.50,3.75
2011.11.02 19:50:20.035,0.78083,0.78096,1.50,3.75
2011.11.02 19:50:25.881,0.78083,0.78095,1.50,2.25
2011.11.02 19:50:26.012,0.78082,0.7809,3.00,1.50
2011.11.02 19:50:26.140,0.78082,0.78092,2.25,1.50
2011.11.02 19:50:26.505,0.78082,0.78095,2.25,2.25
2011.11.02 19:50:32.988,0.78082,0.78095,2.63,2.25
2011.11.02 19:50:41.737,0.78082,0.78095,2.25,1.50
2011.11.02 19:50:42.455,0.78082,0.78096,2.25,5.25
2011.11.02 19:50:49.603,0.78082,0.78095,3.00,1.50
2011.11.02 19:51:13.217,0.78082,0.78095,2.63,3.00
2011.11.02 19:51:15.952,0.78082,0.78095,1.50,2.25
2011.11.02 19:51:17.522,0.78081,0.78095,2.25,2.25
2011.11.02 19:51:22.090,0.78081,0.78095,2.25,1.50
2011.11.02 19:51:32.536,0.78082,0.78095,1.13,6.75
2011.11.02 19:51:33.695,0.78086,0.78096,1.88,1.50
2011.11.02 19:51:34.297,0.78087,0.78098,1.50,2.25
2011.11.02 19:51:44.434,0.78086,0.78096,1.50,1.13
2011.11.02 19:51:44.558,0.78083,0.78096,4.60,1.13
2011.11.02 19:51:44.676,0.78083,0.78095,3.00,1.50
2011.11.02 19:51:45.964,0.78083,0.78095,3.75,1.50
2011.11.02 19:51:46.328,0.78087,0.78097,1.50,3.75
2011.11.02 19:51:47.606,0.78085,0.78097,1.98,3.23
2011.11.02 19:51:48.172,0.78084,0.78096,3.00,1.50
2011.11.02 19:51:50.343,0.78084,0.78094,2.25,1.13
2011.11.02 19:51:53.664,0.78084,0.78094,2.25,1.50
2011.11.02 19:51:53.904,0.78085,0.78096,1.50,2.25
2011.11.02 19:51:55.784,0.78084,0.78096,2.25,3.38
2011.11.02 19:51:57.736,0.78084,0.78095,1.50,1.13
2011.11.02 19:52:05.735,0.78083,0.78094,3.00,1.88
2011.11.02 19:52:12.721,0.78084,0.78094,1.50,1.50
2011.11.02 19:52:16.460,0.78082,0.78092,3.00,1.50
2011.11.02 19:52:16.593,0.78081,0.78092,2.63,1.50
2011.11.02 19:52:19.006,0.7808,0.78092,2.25,3.00
2011.11.02 19:52:21.924,0.7808,0.78092,1.50,3.38
2011.11.02 19:52:40.456,0.78084,0.78094,1.13,2.10
2011.11.02 19:53:02.381,0.78083,0.78094,1.13,3.00
2011.11.02 19:53:09.587,0.78084,0.78094,1.13,1.50
2011.11.02 19:53:13.564,0.78083,0.78094,1.13,1.50
2011.11.02 19:53:37.463,0.78083,0.78094,1.13,2.25
2011.11.02 19:53:45.603,0.78082,0.78094,1.50,1.50
2011.11.02 19:53:52.054,0.78081,0.78093,1.88,1.50
2011.11.02 19:53:52.622,0.78081,0.78093,1.88,1.50
2011.11.02 19:54:01.145,0.78081,0.78093,1.88,1.50
2011.11.02 19:54:11.802,0.78082,0.78092,1.50,1.50
2011.11.02 19:54:26.720,0.78082,0.78092,2.25,1.50
2011.11.02 19:54:27.272,0.78081,0.78093,1.13,2.25
2011.11.02 19:54:27.404,0.7808,0.7809,2.25,1.50
2011.11.02 19:54:27.993,0.7808,0.7809,2.25,1.50
2011.11.02 19:54:29.784,0.7808,0.7809,1.50,1.50
2011.11.02 19:54:30.372,0.7808,0.7809,1.50,1.50
2011.11.02 19:54:32.743,0.78084,0.78092,1.13,1.50
2011.11.02 19:54:33.335,0.78084,0.78094,1.13,1.50
2011.11.02 19:54:36.586,0.78085,0.78094,1.13,1.50
2011.11.02 19:54:36.707,0.78083,0.78094,3.10,1.50
2011.11.02 19:54:36.825,0.78084,0.78095,1.50,3.00
2011.11.02 19:54:39.895,0.78083,0.78095,1.50,3.00
2011.11.02 19:54:43.748,0.78083,0.78095,1.50,3.00
2011.11.02 19:54:43.863,0.78084,0.78095,1.13,3.00
2011.11.02 19:54:44.432,0.78084,0.78095,1.13,3.00
2011.11.02 19:54:46.896,0.78083,0.78094,1.88,1.50
2011.11.02 19:54:48.722,0.78083,0.78094,1.88,1.50
2011.11.02 19:54:49.285,0.78084,0.78095,1.13,3.00
2011.11.02 19:54:50.941,0.78083,0.78095,1.50,3.00
2011.11.02 19:54:54.967,0.78083,0.78095,1.50,3.00
2011.11.02 19:54:55.412,0.78083,0.78095,1.50,3.00
2011.11.02 19:54:56.242,0.78084,0.78095,1.13,3.00
2011.11.02 19:54:56.958,0.78083,0.78094,1.88,1.50
2011.11.02 19:54:58.151,0.78082,0.78093,1.50,1.88
2011.11.02 19:54:58.516,0.78081,0.78092,1.50,2.25
2011.11.02 19:55:01.630,0.78081,0.78092,2.25,1.50
2011.11.02 19:55:02.003,0.78084,0.78095,1.13,2.25
2011.11.02 19:55:02.128,0.78084,0.78095,1.13,2.25
2011.11.02 19:55:08.093,0.78083,0.78093,1.50,1.50
2011.11.02 19:55:08.447,0.78082,0.78093,1.88,2.25
2011.11.02 19:55:22.193,0.78082,0.78092,1.50,1.50
2011.11.02 19:55:22.785,0.7808,0.78092,1.50,1.50
2011.11.02 19:55:23.028,0.78079,0.78091,3.00,2.25
2011.11.02 19:55:23.159,0.78079,0.78091,2.25,3.00
2011.11.02 19:55:23.523,0.78079,0.7809,2.25,1.50
2011.11.02 19:55:26.657,0.78079,0.78091,1.50,3.00
2011.11.02 19:55:27.346,0.7808,0.78091,1.50,2.25
2011.11.02 19:55:38.037,0.78079,0.7809,1.88,1.50
2011.11.02 19:55:40.921,0.78076,0.78083,3.00,1.13
2011.11.02 19:55:41.049,0.78074,0.78083,2.25,1.13
2011.11.02 19:55:41.179,0.78071,0.7808,1.15,1.50
2011.11.02 19:55:41.428,0.78069,0.7808,2.25,1.88
2011.11.02 19:55:41.549,0.78067,0.78079,1.50,1.50
2011.11.02 19:55:41.675,0.78067,0.78079,1.50,1.50
2011.11.02 19:55:43.145,0.78067,0.78078,2.63,1.50
2011.11.02 19:55:43.835,0.78068,0.78079,1.50,1.88
2011.11.02 19:55:44.195,0.78069,0.78081,1.50,3.83
2011.11.02 19:55:51.434,0.78069,0.78081,1.50,3.00
2011.11.02 19:55:52.142,0.7807,0.78081,1.50,2.25
2011.11.02 19:55:53.094,0.7807,0.78081,1.50,2.25
2011.11.02 19:55:54.038,0.7807,0.78081,1.50,2.25
2011.11.02 19:55:55.379,0.7807,0.78079,1.50,1.50
2011.11.02 19:55:55.984,0.78068,0.78079,1.88,1.50
2011.11.02 19:55:56.712,0.78067,0.78079,2.25,1.88
2011.11.02 19:55:59.676,0.78067,0.78079,2.25,3.00
2011.11.02 19:56:00.599,0.78069,0.7808,1.50,1.88
2011.11.02 19:56:06.153,0.78068,0.78079,1.88,1.50
2011.11.02 19:56:08.004,0.78068,0.78081,1.13,3.75
2011.11.02 19:56:08.342,0.78068,0.78081,1.13,3.75
2011.11.02 19:56:08.574,0.78068,0.78081,1.13,3.75
2011.11.02 19:56:14.664,0.78068,0.78081,2.25,2.70
2011.11.02 19:56:16.967,0.78068,0.78081,1.50,3.45
2011.11.02 19:56:17.707,0.78068,0.7808,1.50,1.50
2011.11.02 19:56:18.384,0.78068,0.7808,1.50,1.50
2011.11.02 19:56:19.058,0.78068,0.78081,1.50,2.70
2011.11.02 19:56:23.962,0.78068,0.7808,1.50,1.50
2011.11.02 19:56:24.762,0.78067,0.78079,3.75,1.50
2011.11.02 19:56:30.116,0.78068,0.7808,1.50,1.50
2011.11.02 19:56:30.970,0.78068,0.7808,1.50,2.25
2011.11.02 19:56:37.019,0.78068,0.7808,1.50,2.25
2011.11.02 19:56:46.356,0.78068,0.78079,1.50,1.88
2011.11.02 19:56:46.963,0.78067,0.78077,2.25,1.50
2011.11.02 19:56:47.100,0.78063,0.78073,1.50,1.50
2011.11.02 19:56:47.697,0.78062,0.78073,1.50,1.50
2011.11.02 19:56:48.639,0.78062,0.78073,1.50,2.25
2011.11.02 19:56:50.863,0.78062,0.78073,1.88,1.50
2011.11.02 19:56:51.432,0.78063,0.78073,1.13,1.50
2011.11.02 19:56:54.390,0.78064,0.78076,1.50,2.33
2011.11.02 19:57:00.962,0.78063,0.78075,1.60,1.50
2011.11.02 19:57:01.534,0.78064,0.78075,1.88,1.58
2011.11.02 19:57:07.929,0.78067,0.78077,1.88,1.50
2011.11.02 19:57:08.291,0.78067,0.78078,1.88,3.00
2011.11.02 19:57:13.284,0.78067,0.78077,2.25,1.50
2011.11.02 19:57:14.085,0.78067,0.78077,2.25,1.50
2011.11.02 19:57:14.653,0.78067,0.78077,2.25,1.50
2011.11.02 19:57:15.670,0.78067,0.78078,1.88,1.50
2011.11.02 19:57:16.244,0.78067,0.78078,1.88,1.50
2011.11.02 19:57:16.756,0.78067,0.78078,1.88,1.50
2011.11.02 19:57:17.360,0.78067,0.78078,1.88,1.50
2011.11.02 19:57:23.134,0.78068,0.7808,2.35,1.58
2011.11.02 19:57:23.665,0.78071,0.78081,1.88,4.58
2011.11.02 19:57:24.158,0.78072,0.78083,1.98,1.65
2011.11.02 19:57:29.087,0.78071,0.78082,2.25,2.03
2011.11.02 19:57:29.211,0.78069,0.7808,1.50,1.20
2011.11.02 19:57:29.882,0.78067,0.78079,3.00,1.50
2011.11.02 19:57:30.377,0.78067,0.78079,2.25,2.25
2011.11.02 19:57:37.799,0.78066,0.78078,4.50,1.50
2011.11.02 19:57:38.400,0.78067,0.78078,1.50,2.25
2011.11.02 19:57:39.116,0.78068,0.78078,1.50,1.50
2011.11.02 19:57:39.708,0.78067,0.78078,1.50,1.50
2011.11.02 19:57:43.225,0.78067,0.78078,1.88,2.25
2011.11.02 19:57:44.308,0.78067,0.78078,1.88,2.25
2011.11.02 19:57:44.870,0.78068,0.78078,1.50,1.50
2011.11.02 19:57:55.364,0.78068,0.78079,1.50,1.50
2011.11.02 19:57:56.769,0.78068,0.78079,1.50,1.50
2011.11.02 19:57:57.337,0.78068,0.7808,1.50,3.75
2011.11.02 19:58:01.593,0.78068,0.78079,1.50,1.88
2011.11.02 19:58:03.939,0.78067,0.78078,1.50,1.13
2011.11.02 19:58:04.060,0.78066,0.78078,1.50,1.88
2011.11.02 19:58:08.045,0.78066,0.78077,2.63,1.50
2011.11.02 19:58:11.336,0.78067,0.78078,1.13,2.25
2011.11.02 19:58:12.075,0.78068,0.78078,1.50,1.50
2011.11.02 19:58:12.565,0.78068,0.78078,1.50,2.25
2011.11.02 19:58:19.283,0.78068,0.78078,1.50,1.50
2011.11.02 19:58:22.592,0.78068,0.78079,1.65,1.88
2011.11.02 19:58:22.936,0.78068,0.78079,1.50,1.88
2011.11.02 19:58:23.518,0.78068,0.78078,1.50,1.50
2011.11.02 19:58:24.850,0.78068,0.7808,1.50,2.25
2011.11.02 19:58:27.628,0.78066,0.78079,1.88,2.25
2011.11.02 19:58:31.726,0.78068,0.78079,1.13,2.25
2011.11.02 19:58:33.140,0.78068,0.78079,2.63,2.25
2011.11.02 19:58:35.468,0.78068,0.78079,2.63,2.25
2011.11.02 19:58:36.285,0.78068,0.78079,2.63,2.25
2011.11.02 19:58:37.773,0.78069,0.7808,3.48,1.58
2011.11.02 19:58:37.903,0.78073,0.78081,1.13,2.33
2011.11.02 19:58:38.397,0.78074,0.78085,1.60,2.33
2011.11.02 19:58:38.880,0.78072,0.78083,2.25,1.88
2011.11.02 19:58:39.499,0.78071,0.78082,1.80,1.88
2011.11.02 19:58:39.877,0.78069,0.78079,1.50,1.50
2011.11.02 19:58:40.837,0.78068,0.78078,3.00,1.13
2011.11.02 19:58:40.958,0.78067,0.78078,1.50,1.88
2011.11.02 19:58:41.319,0.78066,0.78077,2.25,1.88
2011.11.02 19:58:44.014,0.78066,0.78077,2.63,1.50
2011.11.02 19:58:44.496,0.78068,0.78079,1.50,1.88
2011.11.02 19:58:51.655,0.78068,0.78079,1.88,1.50
2011.11.02 19:58:51.777,0.7807,0.7808,1.13,1.50
2011.11.02 19:58:51.898,0.78069,0.78081,1.50,2.33
2011.11.02 19:58:52.719,0.78069,0.7808,1.50,1.88
2011.11.02 19:58:55.868,0.78068,0.7808,1.50,2.25
2011.11.02 19:59:13.065,0.78068,0.7808,2.25,1.50
2011.11.02 19:59:13.646,0.78068,0.7808,2.25,2.25
2011.11.02 19:59:16.287,0.78069,0.7808,2.73,2.25
2011.11.02 19:59:18.167,0.7807,0.7808,1.50,2.25
2011.11.02 19:59:18.822,0.78068,0.78079,1.13,1.50
2011.11.02 19:59:19.428,0.78067,0.78079,2.63,1.88
2011.11.02 19:59:20.014,0.78066,0.78078,4.88,1.50
2011.11.02 19:59:21.056,0.78066,0.78078,4.88,2.25
2011.11.02 19:59:23.055,0.78067,0.78078,1.88,2.25
2011.11.02 19:59:23.635,0.78067,0.78078,1.88,1.50
2011.11.02 19:59:31.826,0.78066,0.78078,4.88,2.25
2011.11.02 19:59:46.885,0.78066,0.78078,4.98,1.50
2011.11.02 19:59:52.834,0.78068,0.7808,2.63,1.80
2011.11.02 19:59:53.556,0.7807,0.78082,1.13,2.48
2011.11.02 19:59:54.168,0.78072,0.78083,1.88,2.25
2011.11.02 19:59:54.766,0.78072,0.78083,2.25,2.63
2011.11.02 19:59:56.407,0.7807,0.78082,1.80,1.50
2011.11.02 19:59:59.007,0.7807,0.78081,1.50,1.50
2011.11.02 19:59:59.246,0.7807,0.78082,1.50,4.50
2011.11.02 19:59:59.984,0.78069,0.7808,1.88,1.50
