2011.02.08 01:00:00.264,0.82277,0.82292,2.25,8.44
2011.02.08 01:00:04.809,0.82278,0.82292,3.75,7.69
2011.02.08 01:00:18.200,0.82279,0.82292,3.75,2.44
2011.02.08 01:00:25.419,0.82278,0.82293,4.50,4.32
2011.02.08 01:00:29.638,0.82279,0.82292,3.75,2.44
2011.02.08 01:00:30.191,0.82278,0.82292,4.50,2.44
2011.02.08 01:00:31.422,0.82279,0.82292,3.75,2.44
2011.02.08 01:00:38.020,0.82278,0.82292,4.50,6.19
2011.02.08 01:00:46.010,0.82281,0.82293,3.75,5.44
2011.02.08 01:00:46.456,0.82285,0.82293,3.75,1.50
2011.02.08 01:00:47.013,0.82286,0.82294,3.75,1.50
2011.02.08 01:00:47.577,0.82286,0.82295,3.75,2.25
2011.02.08 01:00:50.600,0.82286,0.82296,4.50,2.39
2011.02.08 01:00:50.931,0.8229,0.82301,3.75,2.39
2011.02.08 01:00:52.162,0.82287,0.82301,1.50,4.64
2011.02.08 01:00:53.680,0.82286,0.823,2.25,2.39
2011.02.08 01:00:54.230,0.82285,0.82298,1.50,6.14
2011.02.08 01:00:55.083,0.82298,0.8231,2.73,4.50
2011.02.08 01:00:55.308,0.82298,0.82308,1.98,1.69
2011.02.08 01:00:55.957,0.82297,0.82308,2.25,5.44
2011.02.08 01:00:56.512,0.82294,0.82308,5.25,5.44
2011.02.08 01:00:57.717,0.82294,0.82307,1.50,6.00
2011.02.08 01:00:58.661,0.82294,0.82302,1.50,1.50
2011.02.08 01:00:58.772,0.82293,0.82302,3.75,1.50
2011.02.08 01:00:58.881,0.82293,0.82305,3.75,3.19
2011.02.08 01:00:59.432,0.82294,0.82303,1.50,1.50
2011.02.08 01:00:59.540,0.82294,0.82305,1.50,6.00
2011.02.08 01:01:00.126,0.82294,0.82304,1.50,1.50
2011.02.08 01:01:00.793,0.82292,0.82304,1.98,1.69
2011.02.08 01:01:00.916,0.82289,0.82302,4.23,5.25
2011.02.08 01:01:01.472,0.82291,0.82302,1.98,1.50
2011.02.08 01:01:02.520,0.82291,0.82302,1.98,3.94
2011.02.08 01:01:03.115,0.82291,0.82302,1.98,3.94
2011.02.08 01:01:12.450,0.8229,0.82302,1.50,4.69
2011.02.08 01:01:13.000,0.82291,0.82303,1.98,6.94
2011.02.08 01:01:14.065,0.82291,0.82303,2.73,6.00
2011.02.08 01:01:14.624,0.82295,0.82303,1.50,5.25
2011.02.08 01:01:14.963,0.82295,0.82305,1.50,1.50
2011.02.08 01:01:16.592,0.82293,0.82305,2.25,5.25
2011.02.08 01:01:17.147,0.82293,0.82305,1.50,1.50
2011.02.08 01:01:17.700,0.82294,0.82305,1.50,1.50
2011.02.08 01:01:18.250,0.82294,0.82305,1.50,1.50
2011.02.08 01:01:18.582,0.82293,0.82305,1.50,2.44
2011.02.08 01:01:18.691,0.8229,0.82303,4.23,4.69
2011.02.08 01:01:19.182,0.8229,0.82303,4.23,4.69
2011.02.08 01:01:19.293,0.82292,0.82304,1.98,5.44
2011.02.08 01:01:24.766,0.82291,0.82302,1.23,2.44
2011.02.08 01:01:25.321,0.8229,0.82302,1.98,2.44
2011.02.08 01:01:26.099,0.82296,0.8231,6.19,3.75
2011.02.08 01:01:26.433,0.82295,0.82308,6.48,4.69
2011.02.08 01:01:27.020,0.82296,0.82308,1.50,4.69
2011.02.08 01:01:27.780,0.82295,0.82308,1.50,4.69
2011.02.08 01:01:28.911,0.82295,0.82308,1.50,4.69
2011.02.08 01:01:38.052,0.82298,0.82307,1.50,1.50
2011.02.08 01:01:38.270,0.82298,0.82311,1.50,3.75
2011.02.08 01:01:39.021,0.82298,0.82311,1.50,3.75
2011.02.08 01:01:39.805,0.82298,0.82311,1.50,3.75
2011.02.08 01:01:45.083,0.82298,0.82311,1.50,3.94
2011.02.08 01:01:45.649,0.82298,0.82311,1.50,3.94
2011.02.08 01:01:46.284,0.82298,0.82311,1.50,3.94
2011.02.08 01:01:46.841,0.82298,0.82311,1.50,5.25
2011.02.08 01:01:49.233,0.82298,0.82311,1.50,5.25
2011.02.08 01:01:49.353,0.82298,0.82311,1.50,5.25
2011.02.08 01:01:49.680,0.82298,0.82311,1.50,5.25
2011.02.08 01:01:57.081,0.82298,0.82311,1.50,4.50
2011.02.08 01:01:57.301,0.82295,0.82308,5.25,1.50
2011.02.08 01:01:57.413,0.82295,0.82305,1.50,3.75
2011.02.08 01:01:59.411,0.82295,0.82305,1.50,3.75
2011.02.08 01:02:06.239,0.82296,0.82306,1.50,3.75
2011.02.08 01:02:17.272,0.82294,0.82305,1.50,2.44
2011.02.08 01:02:17.382,0.8229,0.82304,2.25,9.19
2011.02.08 01:02:17.492,0.82293,0.82304,2.25,4.69
2011.02.08 01:02:17.603,0.82295,0.82305,1.50,3.00
2011.02.08 01:02:17.711,0.82295,0.82307,1.50,3.75
2011.02.08 01:02:17.822,0.82295,0.82302,1.50,1.50
2011.02.08 01:02:18.905,0.82295,0.82304,1.50,1.50
2011.02.08 01:02:21.381,0.82295,0.82307,2.25,1.50
2011.02.08 01:02:21.936,0.82295,0.82306,2.25,1.50
2011.02.08 01:02:26.102,0.82295,0.82306,2.25,1.50
2011.02.08 01:02:28.860,0.82296,0.82306,1.50,1.50
2011.02.08 01:02:29.410,0.82296,0.82306,1.50,1.50
2011.02.08 01:02:44.666,0.82296,0.82306,1.50,1.50
2011.02.08 01:03:20.594,0.82296,0.82307,1.50,5.25
2011.02.08 01:03:21.742,0.82297,0.82311,2.44,5.25
2011.02.08 01:03:23.981,0.82297,0.82311,3.00,6.00
2011.02.08 01:03:24.570,0.82294,0.82303,1.73,5.44
2011.02.08 01:03:34.509,0.82289,0.82302,6.55,2.25
2011.02.08 01:03:45.220,0.82296,0.82303,2.44,6.00
2011.02.08 01:03:45.793,0.82297,0.82311,2.44,6.00
2011.02.08 01:03:50.355,0.82297,0.82311,2.44,5.25
2011.02.08 01:03:50.471,0.82297,0.82307,1.50,1.50
2011.02.08 01:03:51.046,0.82294,0.82307,1.50,4.50
2011.02.08 01:03:51.271,0.82293,0.82307,3.08,4.50
2011.02.08 01:04:04.940,0.82293,0.82307,6.00,6.00
2011.02.08 01:04:05.610,0.82293,0.82307,6.00,6.00
2011.02.08 01:04:07.090,0.82293,0.82307,6.00,6.00
2011.02.08 01:04:07.641,0.82293,0.82307,6.00,6.00
2011.02.08 01:04:09.644,0.82293,0.82307,6.00,6.00
2011.02.08 01:04:10.941,0.82294,0.82307,4.50,3.19
2011.02.08 01:04:11.636,0.82291,0.82302,3.75,2.25
2011.02.08 01:04:12.200,0.8229,0.82302,1.23,2.25
2011.02.08 01:04:13.187,0.82289,0.82302,3.48,2.25
2011.02.08 01:04:16.802,0.82289,0.82302,3.48,2.25
2011.02.08 01:04:21.219,0.82289,0.82302,3.48,2.25
2011.02.08 01:04:23.431,0.82297,0.82302,1.69,1.50
2011.02.08 01:04:23.542,0.82297,0.82304,1.69,3.75
2011.02.08 01:04:23.764,0.82296,0.82305,5.44,1.50
2011.02.08 01:04:23.993,0.82297,0.82304,1.50,1.50
2011.02.08 01:04:24.578,0.82296,0.82309,1.50,5.44
2011.02.08 01:04:25.105,0.82293,0.82308,6.75,1.69
2011.02.08 01:04:26.964,0.82291,0.82304,5.25,8.44
2011.02.08 01:04:27.470,0.82289,0.82303,1.50,2.44
2011.02.08 01:04:32.567,0.82291,0.82303,1.98,2.44
2011.02.08 01:04:32.902,0.82293,0.82305,1.50,1.50
2011.02.08 01:04:34.317,0.82293,0.82305,1.50,1.50
2011.02.08 01:04:39.361,0.82292,0.82305,5.73,1.50
2011.02.08 01:04:39.910,0.82293,0.82306,1.50,1.50
2011.02.08 01:04:40.462,0.82292,0.82305,1.23,3.19
2011.02.08 01:04:40.571,0.8229,0.82305,4.98,3.19
2011.02.08 01:05:05.138,0.82289,0.82302,1.98,4.69
2011.02.08 01:05:13.501,0.8229,0.82302,1.23,4.69
2011.02.08 01:05:14.050,0.82289,0.82302,1.98,4.69
2011.02.08 01:05:16.844,0.8229,0.82302,1.23,4.69
2011.02.08 01:05:19.181,0.82288,0.82301,1.69,4.50
2011.02.08 01:05:33.797,0.82289,0.82301,1.50,4.50
2011.02.08 01:05:45.450,0.82289,0.823,1.50,3.75
2011.02.08 01:05:49.563,0.82289,0.82301,1.50,4.69
2011.02.08 01:05:50.349,0.82289,0.82302,1.50,1.69
2011.02.08 01:05:58.451,0.82289,0.82302,1.50,5.44
2011.02.08 01:05:59.034,0.82289,0.82302,1.50,5.44
2011.02.08 01:05:59.590,0.82289,0.82302,1.50,1.69
2011.02.08 01:06:08.215,0.82289,0.82302,5.25,3.19
2011.02.08 01:06:10.399,0.82289,0.82302,5.25,1.69
2011.02.08 01:06:16.552,0.82292,0.82303,1.50,2.44
2011.02.08 01:06:17.184,0.82292,0.82305,1.50,4.50
2011.02.08 01:06:40.361,0.82297,0.82306,3.75,3.00
2011.02.08 01:06:40.581,0.82295,0.82306,3.75,2.25
2011.02.08 01:06:43.890,0.82293,0.82306,4.50,3.00
2011.02.08 01:06:46.172,0.82297,0.82307,1.50,3.00
2011.02.08 01:06:46.281,0.82297,0.82308,1.50,1.50
2011.02.08 01:06:46.862,0.82299,0.8231,1.50,3.75
2011.02.08 01:06:46.976,0.82297,0.8231,1.50,5.25
2011.02.08 01:07:00.392,0.82295,0.82308,4.69,2.25
2011.02.08 01:07:00.505,0.82298,0.82308,3.00,1.50
2011.02.08 01:07:00.624,0.82298,0.82308,1.50,2.25
2011.02.08 01:07:01.180,0.82297,0.82308,1.50,4.50
2011.02.08 01:07:07.209,0.82297,0.82304,4.50,6.19
2011.02.08 01:07:07.327,0.82291,0.82304,1.50,9.94
2011.02.08 01:07:10.953,0.82289,0.82304,3.48,10.69
2011.02.08 01:07:15.664,0.82289,0.82304,6.48,7.69
2011.02.08 01:07:15.991,0.82291,0.82303,1.50,3.75
2011.02.08 01:07:16.608,0.82294,0.82306,1.50,6.00
2011.02.08 01:07:28.224,0.82294,0.82307,2.25,4.50
2011.02.08 01:07:44.717,0.82295,0.82307,1.50,6.00
2011.02.08 01:07:44.833,0.82297,0.82307,2.44,5.25
2011.02.08 01:07:45.051,0.82299,0.8231,1.50,3.75
2011.02.08 01:07:45.797,0.82299,0.82312,1.50,4.69
2011.02.08 01:08:11.882,0.82299,0.82312,5.25,1.69
2011.02.08 01:08:14.991,0.82301,0.82312,4.50,1.69
2011.02.08 01:08:17.665,0.82301,0.82312,4.50,1.69
2011.02.08 01:08:18.680,0.82301,0.82312,4.50,1.69
2011.02.08 01:08:19.220,0.82301,0.82312,4.50,1.69
2011.02.08 01:08:38.802,0.82302,0.82314,3.75,3.94
2011.02.08 01:08:40.120,0.82301,0.82314,4.50,3.94
2011.02.08 01:08:40.721,0.82302,0.82314,3.75,3.94
2011.02.08 01:08:45.100,0.82301,0.82313,4.50,2.25
2011.02.08 01:08:46.134,0.82307,0.82313,1.69,2.25
2011.02.08 01:08:46.255,0.82309,0.82315,1.69,3.75
2011.02.08 01:08:46.374,0.82309,0.82321,1.69,6.00
2011.02.08 01:08:47.661,0.82309,0.82322,1.69,6.00
2011.02.08 01:08:48.210,0.82309,0.82322,2.44,6.00
2011.02.08 01:08:50.055,0.82311,0.82322,1.69,3.75
2011.02.08 01:08:50.393,0.82316,0.8233,1.69,1.28
2011.02.08 01:08:51.522,0.82317,0.8233,3.19,1.50
2011.02.08 01:08:51.862,0.82316,0.82328,1.50,5.25
2011.02.08 01:08:51.971,0.82314,0.82328,3.75,5.25
2011.02.08 01:08:52.663,0.82313,0.82325,3.00,3.75
2011.02.08 01:08:54.212,0.82315,0.82331,4.50,6.94
2011.02.08 01:08:54.322,0.82318,0.82331,1.69,7.50
2011.02.08 01:08:55.036,0.82318,0.82332,6.00,6.75
2011.02.08 01:08:57.148,0.82318,0.82332,6.94,4.69
2011.02.08 01:09:00.772,0.82317,0.82328,3.48,1.50
2011.02.08 01:09:01.609,0.82317,0.82323,1.50,1.69
2011.02.08 01:09:01.727,0.82312,0.82323,1.23,1.69
2011.02.08 01:09:02.313,0.82313,0.82322,1.50,3.94
2011.02.08 01:09:02.531,0.82313,0.82324,1.50,1.50
2011.02.08 01:09:03.081,0.82312,0.82326,2.91,6.75
2011.02.08 01:09:03.741,0.82312,0.82326,2.91,6.00
2011.02.08 01:09:04.542,0.82314,0.82326,1.69,6.00
2011.02.08 01:09:04.653,0.82317,0.8233,1.50,3.75
2011.02.08 01:09:05.201,0.82318,0.82333,2.73,6.00
2011.02.08 01:09:05.882,0.82318,0.82333,6.66,3.19
2011.02.08 01:09:06.385,0.82318,0.82333,5.44,3.19
2011.02.08 01:09:06.615,0.82324,0.82333,1.50,2.44
2011.02.08 01:09:07.061,0.82323,0.82335,4.50,2.25
2011.02.08 01:09:11.181,0.8232,0.82334,5.44,3.75
2011.02.08 01:09:12.832,0.82325,0.82334,2.44,3.75
2011.02.08 01:09:13.363,0.82327,0.82339,2.25,3.75
2011.02.08 01:09:13.972,0.82327,0.82341,2.25,8.25
2011.02.08 01:09:14.741,0.82327,0.82339,2.44,1.50
2011.02.08 01:09:15.635,0.82326,0.8234,3.19,2.25
2011.02.08 01:09:16.631,0.82326,0.82341,3.94,4.88
2011.02.08 01:09:18.917,0.82332,0.82341,1.50,3.75
2011.02.08 01:09:19.143,0.82328,0.8234,1.69,3.75
2011.02.08 01:09:19.806,0.82332,0.82342,1.50,1.69
2011.02.08 01:09:19.930,0.82337,0.8235,2.44,4.88
2011.02.08 01:09:20.263,0.82337,0.82348,1.50,2.25
2011.02.08 01:09:20.701,0.82337,0.82342,1.50,3.75
2011.02.08 01:09:21.032,0.82334,0.82342,2.25,3.75
2011.02.08 01:09:21.581,0.82335,0.82342,1.50,3.75
2011.02.08 01:09:22.445,0.82335,0.82345,1.50,3.75
2011.02.08 01:09:22.892,0.82335,0.82344,1.50,1.50
2011.02.08 01:09:23.112,0.82331,0.82344,3.75,3.19
2011.02.08 01:09:23.661,0.82329,0.82342,1.98,4.50
2011.02.08 01:09:24.212,0.82329,0.82342,1.98,4.50
2011.02.08 01:09:24.915,0.82329,0.8234,1.98,1.50
2011.02.08 01:09:25.309,0.82327,0.82339,2.25,1.69
2011.02.08 01:09:25.429,0.82326,0.8234,4.50,6.19
2011.02.08 01:09:25.545,0.82327,0.8234,1.69,4.50
2011.02.08 01:09:25.991,0.82327,0.82338,3.19,3.75
2011.02.08 01:09:27.811,0.82327,0.82336,2.44,1.50
2011.02.08 01:09:28.325,0.82324,0.8233,6.19,1.50
2011.02.08 01:09:28.449,0.82319,0.8233,3.75,1.50
2011.02.08 01:09:29.001,0.82318,0.8233,3.75,1.50
2011.02.08 01:09:30.531,0.82319,0.8233,3.75,1.50
2011.02.08 01:09:30.863,0.82321,0.82333,1.50,6.00
2011.02.08 01:09:31.320,0.82325,0.82339,7.98,4.50
2011.02.08 01:09:31.439,0.82327,0.82341,5.44,5.44
2011.02.08 01:09:33.791,0.82327,0.82341,6.19,5.44
2011.02.08 01:09:35.113,0.82327,0.82341,6.19,4.69
2011.02.08 01:09:37.320,0.82329,0.82341,2.25,3.94
2011.02.08 01:09:40.462,0.82329,0.82341,1.50,4.69
2011.02.08 01:09:52.096,0.82327,0.82337,1.50,1.50
2011.02.08 01:09:52.218,0.82325,0.82336,5.25,1.50
2011.02.08 01:09:52.773,0.82323,0.82336,2.25,5.25
2011.02.08 01:10:00.783,0.82323,0.82337,5.25,4.50
2011.02.08 01:10:01.331,0.82323,0.82337,6.00,4.50
2011.02.08 01:10:04.275,0.82324,0.82337,4.50,1.69
2011.02.08 01:10:04.392,0.8232,0.82335,4.50,7.69
2011.02.08 01:10:04.940,0.82323,0.82335,1.50,8.25
2011.02.08 01:10:05.055,0.82325,0.82337,4.50,2.44
2011.02.08 01:10:06.104,0.82334,0.8234,1.50,3.19
2011.02.08 01:10:06.721,0.82332,0.82344,1.50,3.75
2011.02.08 01:10:07.491,0.82335,0.82344,1.69,3.75
2011.02.08 01:10:07.606,0.82337,0.82349,1.50,1.88
2011.02.08 01:10:08.246,0.82338,0.8235,1.50,3.75
2011.02.08 01:10:08.801,0.82338,0.8235,1.50,3.75
2011.02.08 01:10:09.452,0.82338,0.8235,1.50,4.69
2011.02.08 01:10:09.563,0.82336,0.8235,6.00,6.94
2011.02.08 01:10:09.891,0.82334,0.82346,3.75,4.50
2011.02.08 01:10:11.271,0.82335,0.82347,1.50,3.75
2011.02.08 01:10:11.492,0.82338,0.8235,1.50,3.75
2011.02.08 01:10:12.041,0.82338,0.82351,1.50,2.25
2011.02.08 01:10:17.931,0.82337,0.8235,3.19,3.75
2011.02.08 01:10:20.512,0.82337,0.8235,1.69,4.50
2011.02.08 01:10:20.625,0.82336,0.82348,3.75,1.50
2011.02.08 01:10:21.236,0.82333,0.82347,3.00,4.50
2011.02.08 01:10:22.232,0.82333,0.82345,2.25,5.44
2011.02.08 01:10:22.563,0.8233,0.82344,3.75,11.44
2011.02.08 01:10:22.781,0.82328,0.82342,2.73,1.50
2011.02.08 01:10:23.800,0.82328,0.82342,2.91,1.69
2011.02.08 01:10:24.790,0.82328,0.82343,2.91,5.44
2011.02.08 01:10:25.291,0.82328,0.82343,2.91,4.69
2011.02.08 01:10:29.812,0.82328,0.82342,2.16,1.69
2011.02.08 01:10:31.165,0.8233,0.82343,2.44,3.75
2011.02.08 01:10:32.469,0.82331,0.82345,2.44,4.50
2011.02.08 01:10:32.586,0.82331,0.82345,2.44,4.50
2011.02.08 01:10:33.141,0.82331,0.82345,2.44,4.50
2011.02.08 01:10:45.181,0.82331,0.82345,3.19,4.50
2011.02.08 01:10:45.732,0.82335,0.82344,1.50,3.75
2011.02.08 01:10:45.845,0.82336,0.82346,4.50,1.50
2011.02.08 01:10:45.963,0.82336,0.82349,4.69,3.75
2011.02.08 01:10:46.785,0.82337,0.82349,2.25,1.50
2011.02.08 01:10:47.981,0.82337,0.82349,3.19,1.50
2011.02.08 01:10:55.681,0.82337,0.82349,2.44,1.50
2011.02.08 01:11:14.249,0.82338,0.82349,1.50,1.50
2011.02.08 01:11:43.805,0.82338,0.82347,1.50,5.44
2011.02.08 01:11:43.922,0.82334,0.82347,2.25,5.44
2011.02.08 01:11:44.471,0.82334,0.82347,2.25,5.44
2011.02.08 01:11:49.203,0.82334,0.82349,1.88,5.44
2011.02.08 01:11:49.761,0.82334,0.82349,2.63,5.44
2011.02.08 01:11:53.934,0.82336,0.8235,2.25,5.44
2011.02.08 01:11:54.052,0.82337,0.8235,1.69,3.75
2011.02.08 01:11:57.433,0.82337,0.82351,3.00,6.75
2011.02.08 01:11:58.989,0.82337,0.82351,2.44,3.19
2011.02.08 01:12:05.430,0.82338,0.82352,5.25,6.00
2011.02.08 01:12:10.730,0.82339,0.82352,1.50,5.25
2011.02.08 01:12:11.830,0.82339,0.82352,1.50,5.25
2011.02.08 01:12:18.223,0.82338,0.82351,4.50,3.00
2011.02.08 01:12:40.211,0.82338,0.8235,2.25,2.25
2011.02.08 01:12:41.312,0.82338,0.8235,2.25,1.50
2011.02.08 01:12:44.203,0.82338,0.82349,2.25,1.50
2011.02.08 01:12:47.056,0.82338,0.82349,1.50,2.25
2011.02.08 01:12:47.392,0.82334,0.82344,1.50,6.19
2011.02.08 01:12:47.503,0.8233,0.82343,1.50,2.44
2011.02.08 01:12:58.891,0.82329,0.82343,1.50,5.44
2011.02.08 01:12:59.438,0.82331,0.82344,1.50,9.00
2011.02.08 01:12:59.674,0.82336,0.82349,2.25,1.50
2011.02.08 01:13:03.852,0.82338,0.8235,1.50,1.50
2011.02.08 01:13:11.591,0.82338,0.8235,1.69,5.25
2011.02.08 01:13:12.142,0.82338,0.8235,1.69,5.25
2011.02.08 01:13:14.691,0.82338,0.82349,1.69,1.50
2011.02.08 01:13:17.840,0.82338,0.82348,4.69,1.50
2011.02.08 01:13:19.900,0.82338,0.82351,4.69,2.25
2011.02.08 01:13:21.931,0.82338,0.82351,4.50,3.19
2011.02.08 01:13:27.669,0.82338,0.82351,4.69,2.25
2011.02.08 01:13:29.702,0.82338,0.82352,4.69,7.69
2011.02.08 01:13:31.696,0.82338,0.82352,4.69,7.69
2011.02.08 01:13:32.391,0.82338,0.82352,4.69,7.69
2011.02.08 01:13:34.196,0.82338,0.82352,3.94,7.69
2011.02.08 01:13:49.111,0.82338,0.82351,1.69,2.25
2011.02.08 01:13:52.251,0.82337,0.82352,7.69,4.69
2011.02.08 01:13:58.300,0.82337,0.8235,3.94,4.50
2011.02.08 01:13:58.856,0.82337,0.82346,2.25,5.44
2011.02.08 01:13:59.418,0.8233,0.82342,1.98,3.94
2011.02.08 01:14:00.191,0.8233,0.82342,1.98,3.19
2011.02.08 01:14:01.420,0.82334,0.82342,1.50,2.44
2011.02.08 01:14:01.751,0.82337,0.82351,1.69,6.94
2011.02.08 01:14:02.655,0.82336,0.82347,3.00,1.50
2011.02.08 01:14:03.211,0.82335,0.82347,2.25,1.69
2011.02.08 01:14:03.430,0.82334,0.82347,2.25,1.69
2011.02.08 01:14:05.463,0.82332,0.82344,3.75,2.44
2011.02.08 01:14:06.212,0.82333,0.82341,1.69,2.25
2011.02.08 01:14:06.331,0.82335,0.82349,2.44,1.50
2011.02.08 01:14:06.551,0.82337,0.82351,2.25,7.84
2011.02.08 01:14:08.892,0.8234,0.82352,2.44,3.75
2011.02.08 01:14:09.112,0.82342,0.82351,3.75,2.25
2011.02.08 01:14:09.221,0.82339,0.82351,6.00,2.25
2011.02.08 01:14:09.897,0.82341,0.82351,3.75,2.25
2011.02.08 01:14:10.450,0.82339,0.82351,5.25,2.25
2011.02.08 01:14:11.002,0.82339,0.82351,5.25,2.44
2011.02.08 01:14:11.442,0.82344,0.82351,1.50,1.50
2011.02.08 01:14:11.552,0.82344,0.82354,1.50,5.25
2011.02.08 01:14:11.773,0.82346,0.82354,1.69,1.50
2011.02.08 01:14:12.358,0.82349,0.82361,1.50,3.00
2011.02.08 01:14:20.782,0.8235,0.82362,1.50,6.19
2011.02.08 01:14:21.473,0.82357,0.82368,1.69,7.50
2011.02.08 01:14:21.589,0.82358,0.82371,4.69,3.19
2011.02.08 01:14:22.143,0.82358,0.82371,4.69,3.19
2011.02.08 01:14:22.833,0.82358,0.82371,4.69,2.44
2011.02.08 01:14:23.053,0.82357,0.82371,3.19,3.19
2011.02.08 01:14:24.164,0.82357,0.82371,3.19,3.19
2011.02.08 01:14:25.565,0.82357,0.82371,3.94,1.69
2011.02.08 01:14:34.170,0.82359,0.82371,4.50,1.50
2011.02.08 01:14:37.452,0.82356,0.82371,5.44,1.50
2011.02.08 01:14:39.491,0.82356,0.82371,5.44,3.00
2011.02.08 01:14:41.721,0.82356,0.82368,1.69,3.75
2011.02.08 01:14:43.022,0.82355,0.82368,3.19,4.50
2011.02.08 01:14:43.463,0.82357,0.82364,1.50,3.75
2011.02.08 01:14:43.574,0.82353,0.82363,3.00,3.75
2011.02.08 01:14:44.286,0.82353,0.82362,2.25,3.75
2011.02.08 01:14:44.841,0.82353,0.82363,1.50,3.75
2011.02.08 01:14:46.550,0.82353,0.82363,2.44,3.75
2011.02.08 01:14:46.770,0.82354,0.82367,2.44,3.75
2011.02.08 01:14:47.321,0.82356,0.82368,2.44,3.75
2011.02.08 01:14:48.294,0.82356,0.8237,3.19,5.25
2011.02.08 01:14:50.914,0.82357,0.82371,3.75,1.50
2011.02.08 01:14:51.475,0.82357,0.82371,3.94,1.50
2011.02.08 01:14:52.016,0.82359,0.82371,3.75,1.50
2011.02.08 01:14:52.917,0.8236,0.82371,3.75,1.50
2011.02.08 01:14:54.146,0.82359,0.82371,3.75,3.00
2011.02.08 01:14:54.812,0.82359,0.82371,3.75,1.50
2011.02.08 01:14:55.881,0.82361,0.82371,3.75,1.69
2011.02.08 01:14:57.431,0.82361,0.82371,3.75,2.44
2011.02.08 01:14:58.147,0.82361,0.82371,3.75,1.50
2011.02.08 01:15:00.072,0.82366,0.82375,1.69,2.25
2011.02.08 01:15:00.182,0.82367,0.82379,1.69,1.50
2011.02.08 01:15:00.402,0.82368,0.82381,1.50,8.25
2011.02.08 01:15:04.864,0.82367,0.82381,6.94,3.75
2011.02.08 01:15:05.631,0.82367,0.8238,3.19,4.50
2011.02.08 01:15:05.964,0.82367,0.8238,3.00,5.25
2011.02.08 01:15:06.693,0.82367,0.82377,1.50,1.73
2011.02.08 01:15:06.807,0.82363,0.82376,5.25,1.50
2011.02.08 01:15:07.474,0.82363,0.82375,5.25,1.50
2011.02.08 01:15:07.817,0.82361,0.82371,2.91,1.50
2011.02.08 01:15:08.043,0.82358,0.82371,5.25,1.50
2011.02.08 01:15:09.344,0.82354,0.8236,20.58,1.50
2011.02.08 01:15:09.575,0.8235,0.8236,1.23,1.50
2011.02.08 01:15:10.147,0.82348,0.8236,1.98,1.50
2011.02.08 01:15:10.810,0.82347,0.8236,6.75,1.50
2011.02.08 01:15:11.143,0.82347,0.82355,1.50,1.50
2011.02.08 01:15:11.828,0.82344,0.82355,1.50,1.50
2011.02.08 01:15:13.574,0.82348,0.8236,4.50,1.50
2011.02.08 01:15:13.901,0.82351,0.82361,1.69,1.50
2011.02.08 01:15:14.013,0.82351,0.82365,1.69,6.75
2011.02.08 01:15:19.697,0.82348,0.82361,4.50,1.50
2011.02.08 01:15:20.252,0.82348,0.82361,4.50,1.50
2011.02.08 01:15:21.051,0.82348,0.82361,5.73,1.50
2011.02.08 01:15:21.385,0.82352,0.82362,1.50,1.50
2011.02.08 01:15:21.990,0.82352,0.82365,1.50,3.75
2011.02.08 01:15:23.144,0.82349,0.82362,2.25,6.00
2011.02.08 01:15:25.267,0.82348,0.82362,7.41,4.50
2011.02.08 01:15:25.711,0.82348,0.82362,7.41,4.50
2011.02.08 01:15:26.843,0.82348,0.82362,6.48,6.00
2011.02.08 01:15:27.627,0.82348,0.8236,1.69,1.50
2011.02.08 01:15:28.152,0.82348,0.82361,1.69,6.00
2011.02.08 01:15:29.751,0.82348,0.82361,1.69,6.75
2011.02.08 01:15:30.736,0.82347,0.82361,6.19,7.88
2011.02.08 01:15:37.915,0.82351,0.82362,2.44,2.25
2011.02.08 01:15:38.035,0.82349,0.82363,5.25,4.50
2011.02.08 01:15:38.592,0.82349,0.82363,5.25,4.50
2011.02.08 01:15:41.236,0.82349,0.82363,4.50,5.25
2011.02.08 01:15:44.282,0.82349,0.82363,5.25,5.25
2011.02.08 01:15:45.184,0.82349,0.82363,4.50,5.25
2011.02.08 01:15:45.802,0.82349,0.82363,5.25,5.25
2011.02.08 01:15:49.296,0.8235,0.82363,1.50,4.50
2011.02.08 01:15:49.745,0.82352,0.82366,6.00,3.75
2011.02.08 01:15:50.322,0.82358,0.82371,4.50,2.25
2011.02.08 01:15:53.330,0.82358,0.82371,4.69,2.25
2011.02.08 01:15:53.793,0.82355,0.82364,1.50,1.69
2011.02.08 01:15:54.126,0.82349,0.82363,5.25,6.00
2011.02.08 01:15:59.050,0.82359,0.82365,1.50,19.69
2011.02.08 01:15:59.275,0.82356,0.82363,1.69,3.75
2011.02.08 01:15:59.394,0.82354,0.82368,6.00,1.50
2011.02.08 01:16:01.503,0.82355,0.82365,3.75,1.69
2011.02.08 01:16:02.162,0.82351,0.82364,3.75,1.50
2011.02.08 01:16:02.491,0.82349,0.82363,4.50,4.50
2011.02.08 01:16:07.427,0.82349,0.82363,4.50,4.50
2011.02.08 01:16:16.710,0.82349,0.82363,4.50,6.19
2011.02.08 01:16:19.130,0.82349,0.82363,4.50,6.19
2011.02.08 01:16:27.880,0.82348,0.82362,1.50,3.75
2011.02.08 01:16:32.672,0.82348,0.82361,1.50,1.50
2011.02.08 01:16:34.211,0.82348,0.8236,1.50,1.50
2011.02.08 01:16:34.895,0.82348,0.82361,2.25,5.25
2011.02.08 01:16:40.000,0.82348,0.82358,2.25,3.75
2011.02.08 01:16:40.771,0.82348,0.82356,1.50,3.75
2011.02.08 01:16:41.387,0.82348,0.82358,1.50,3.75
2011.02.08 01:16:42.311,0.82348,0.82359,1.50,3.75
2011.02.08 01:16:44.772,0.82344,0.82355,1.50,3.75
2011.02.08 01:16:44.883,0.82344,0.82353,1.50,3.75
2011.02.08 01:16:45.212,0.82343,0.82351,2.25,3.75
2011.02.08 01:16:45.788,0.82343,0.82352,2.25,3.75
2011.02.08 01:16:46.557,0.82343,0.82356,2.25,4.50
2011.02.08 01:16:46.690,0.82338,0.82353,1.50,6.94
2011.02.08 01:16:47.136,0.82343,0.82353,2.91,4.50
2011.02.08 01:16:47.714,0.82343,0.82354,4.98,2.44
2011.02.08 01:16:47.840,0.82339,0.82353,4.50,2.44
2011.02.08 01:16:49.341,0.82339,0.82353,4.50,3.19
2011.02.08 01:16:52.809,0.82339,0.82353,4.50,1.69
2011.02.08 01:16:53.922,0.82339,0.82353,4.50,1.69
2011.02.08 01:16:56.512,0.82339,0.82353,4.50,3.19
2011.02.08 01:16:57.061,0.82339,0.82353,4.50,1.69
2011.02.08 01:16:57.610,0.82339,0.82353,4.50,1.69
2011.02.08 01:17:02.402,0.82339,0.82353,4.50,1.69
2011.02.08 01:17:05.490,0.82339,0.82353,4.50,1.69
2011.02.08 01:17:07.276,0.82339,0.82353,4.50,1.69
2011.02.08 01:17:07.830,0.82339,0.82353,4.50,5.44
2011.02.08 01:17:08.443,0.82337,0.82349,2.44,4.50
2011.02.08 01:17:09.017,0.82334,0.82343,4.50,1.69
2011.02.08 01:17:09.137,0.82334,0.82343,3.75,3.19
2011.02.08 01:17:17.722,0.82333,0.82343,3.75,2.44
2011.02.08 01:17:18.161,0.82328,0.82341,2.44,8.90
2011.02.08 01:17:18.490,0.82328,0.8234,2.44,1.50
2011.02.08 01:17:19.070,0.82328,0.82341,2.44,7.64
2011.02.08 01:17:19.180,0.82328,0.82338,2.44,3.75
2011.02.08 01:17:19.400,0.82328,0.82341,2.44,9.00
2011.02.08 01:17:19.922,0.82327,0.82336,4.50,1.69
2011.02.08 01:17:20.036,0.82319,0.82331,2.25,3.75
2011.02.08 01:17:21.414,0.82319,0.82333,3.00,3.94
2011.02.08 01:17:25.302,0.8232,0.82333,1.50,3.75
2011.02.08 01:17:25.642,0.82323,0.82334,1.50,1.50
2011.02.08 01:17:25.754,0.82323,0.82336,1.50,1.50
2011.02.08 01:17:29.292,0.82324,0.82336,1.50,2.25
2011.02.08 01:17:30.402,0.82324,0.82336,1.50,2.25
2011.02.08 01:17:34.110,0.82324,0.82336,1.50,2.25
2011.02.08 01:17:41.763,0.82324,0.82336,5.25,1.50
2011.02.08 01:17:43.821,0.82325,0.82336,1.50,1.50
2011.02.08 01:17:44.154,0.82331,0.82336,1.50,1.50
2011.02.08 01:17:44.272,0.82329,0.82342,2.25,3.75
2011.02.08 01:17:47.111,0.82334,0.82342,1.50,3.75
2011.02.08 01:17:47.641,0.82336,0.82343,3.75,1.50
2011.02.08 01:17:47.760,0.82339,0.82351,1.50,3.75
2011.02.08 01:17:48.558,0.82339,0.82352,1.50,3.75
2011.02.08 01:17:50.459,0.82339,0.82352,1.50,4.69
2011.02.08 01:17:51.892,0.82338,0.82351,6.75,1.69
2011.02.08 01:17:52.003,0.82338,0.82349,1.50,1.69
2011.02.08 01:17:52.222,0.82336,0.82349,1.50,3.19
2011.02.08 01:17:52.771,0.82336,0.82346,1.50,3.75
2011.02.08 01:17:53.623,0.82336,0.82347,2.25,3.75
2011.02.08 01:17:57.823,0.82334,0.82348,2.25,4.69
2011.02.08 01:17:58.262,0.82339,0.82348,1.50,3.94
2011.02.08 01:17:58.818,0.82339,0.8235,1.50,3.75
2011.02.08 01:18:00.626,0.82339,0.82351,2.25,1.50
2011.02.08 01:18:02.072,0.82338,0.82351,1.69,1.69
2011.02.08 01:18:15.071,0.8234,0.8235,1.50,1.50
2011.02.08 01:18:15.958,0.8234,0.82352,1.50,1.69
2011.02.08 01:18:18.103,0.82337,0.82349,2.25,1.50
2011.02.08 01:18:18.650,0.82336,0.82349,1.50,1.69
2011.02.08 01:18:35.291,0.82339,0.82353,1.50,3.94
2011.02.08 01:18:35.844,0.82339,0.82353,1.50,3.94
2011.02.08 01:18:36.186,0.8234,0.82354,3.75,3.94
2011.02.08 01:18:36.868,0.82339,0.82353,1.50,3.75
2011.02.08 01:18:37.725,0.82339,0.82353,1.50,3.94
2011.02.08 01:19:05.442,0.82337,0.82348,4.50,1.50
2011.02.08 01:19:06.023,0.82336,0.82348,3.75,1.50
2011.02.08 01:19:06.251,0.82335,0.82349,6.00,1.50
2011.02.08 01:19:07.911,0.82335,0.82349,5.25,1.69
2011.02.08 01:19:09.707,0.82335,0.82344,5.25,1.50
2011.02.08 01:19:10.262,0.82335,0.82344,5.25,3.19
2011.02.08 01:19:10.377,0.82333,0.82346,1.50,2.25
2011.02.08 01:19:13.574,0.8233,0.82344,3.75,6.19
2011.02.08 01:19:17.317,0.82332,0.82344,1.50,6.75
2011.02.08 01:19:17.764,0.82332,0.82344,4.98,2.25
2011.02.08 01:19:17.875,0.82332,0.82343,1.23,1.50
2011.02.08 01:19:17.992,0.82329,0.82343,7.98,1.50
2011.02.08 01:19:18.101,0.82329,0.82343,7.23,1.50
2011.02.08 01:19:19.082,0.82329,0.82344,4.50,3.75
2011.02.08 01:19:22.864,0.82329,0.82343,4.50,6.19
2011.02.08 01:19:25.958,0.82329,0.82343,4.50,5.44
2011.02.08 01:19:26.749,0.82328,0.82342,1.50,3.75
2011.02.08 01:19:27.601,0.82328,0.82339,1.69,3.75
2011.02.08 01:19:36.924,0.82328,0.82341,2.44,4.13
2011.02.08 01:19:37.481,0.82329,0.82343,5.25,6.19
2011.02.08 01:19:40.402,0.82328,0.82338,3.75,1.50
2011.02.08 01:19:40.842,0.82326,0.82338,4.50,1.69
2011.02.08 01:19:42.845,0.82326,0.82338,3.75,2.44
2011.02.08 01:19:43.073,0.82322,0.82334,4.50,2.44
2011.02.08 01:19:43.182,0.82322,0.82334,2.44,1.50
2011.02.08 01:19:43.622,0.82324,0.82337,1.50,5.44
2011.02.08 01:19:45.002,0.82325,0.82335,3.75,1.50
2011.02.08 01:19:45.221,0.82321,0.82334,2.25,1.69
2011.02.08 01:19:46.883,0.8232,0.82333,4.50,1.69
2011.02.08 01:19:47.430,0.82319,0.82333,5.25,5.44
2011.02.08 01:19:48.813,0.82319,0.82333,1.50,6.19
2011.02.08 01:19:50.192,0.82319,0.8233,4.50,1.69
2011.02.08 01:19:50.413,0.82317,0.8233,5.25,1.69
2011.02.08 01:19:51.184,0.82316,0.82327,4.50,1.50
2011.02.08 01:19:51.742,0.82319,0.8233,3.75,2.44
2011.02.08 01:19:51.963,0.82318,0.82333,5.25,2.25
2011.02.08 01:19:52.511,0.82319,0.82333,4.50,2.25
2011.02.08 01:19:56.155,0.82319,0.82333,9.00,1.69
2011.02.08 01:19:56.493,0.82324,0.82337,1.50,6.94
2011.02.08 01:19:56.603,0.82325,0.82337,1.50,6.94
2011.02.08 01:19:57.152,0.82325,0.82338,1.50,3.19
2011.02.08 01:19:57.481,0.82329,0.82338,1.50,1.50
2011.02.08 01:19:57.591,0.82329,0.8234,1.50,3.75
2011.02.08 01:19:59.211,0.82328,0.8234,1.50,4.50
2011.02.08 01:20:00.187,0.82325,0.82338,2.25,3.94
2011.02.08 01:20:01.301,0.82324,0.82337,1.50,3.19
2011.02.08 01:20:02.002,0.82319,0.82332,2.25,3.94
2011.02.08 01:20:02.120,0.82319,0.82331,3.00,3.94
2011.02.08 01:20:03.011,0.82319,0.82334,5.25,3.94
2011.02.08 01:20:08.983,0.82319,0.82332,1.50,3.75
2011.02.08 01:20:09.696,0.82319,0.82333,1.50,4.69
2011.02.08 01:20:10.251,0.82319,0.82333,1.50,4.69
2011.02.08 01:20:10.913,0.82319,0.82333,1.50,4.69
2011.02.08 01:20:11.029,0.82318,0.82333,2.25,6.19
2011.02.08 01:20:11.146,0.82318,0.82333,2.25,6.19
2011.02.08 01:20:11.374,0.82318,0.82329,1.50,1.50
2011.02.08 01:20:11.604,0.82315,0.82328,2.25,1.50
2011.02.08 01:20:11.714,0.82316,0.82328,3.75,1.73
2011.02.08 01:20:12.268,0.82315,0.82328,2.25,5.03
2011.02.08 01:20:12.391,0.82316,0.82329,3.75,1.69
2011.02.08 01:20:12.725,0.82319,0.82328,3.75,2.25
2011.02.08 01:20:13.292,0.82315,0.82323,2.25,1.69
2011.02.08 01:20:13.409,0.8231,0.82322,1.50,3.75
2011.02.08 01:20:15.381,0.8231,0.82322,1.50,3.94
2011.02.08 01:20:15.820,0.8231,0.82322,1.50,3.94
2011.02.08 01:20:21.411,0.8231,0.82322,1.50,3.94
2011.02.08 01:20:26.981,0.8231,0.82322,1.50,3.94
2011.02.08 01:20:28.511,0.8231,0.82322,1.50,3.94
2011.02.08 01:20:29.074,0.82309,0.82321,1.50,3.75
2011.02.08 01:20:29.620,0.82309,0.82322,1.50,1.69
2011.02.08 01:20:38.041,0.8231,0.82323,1.50,1.69
2011.02.08 01:20:38.611,0.82309,0.82323,1.50,1.69
2011.02.08 01:20:41.604,0.8231,0.82323,1.50,1.69
2011.02.08 01:20:54.435,0.82317,0.82324,2.25,8.44
2011.02.08 01:20:54.556,0.82317,0.82324,3.19,3.75
2011.02.08 01:20:54.674,0.82317,0.82331,6.94,6.94
2011.02.08 01:20:54.794,0.82319,0.82331,5.25,2.44
2011.02.08 01:20:59.081,0.8232,0.82334,4.50,6.19
2011.02.08 01:21:00.882,0.82319,0.8233,1.50,3.75
2011.02.08 01:21:15.512,0.82319,0.82331,1.50,1.69
2011.02.08 01:21:55.440,0.82319,0.82331,1.50,3.75
2011.02.08 01:21:59.467,0.82318,0.82324,1.50,1.69
2011.02.08 01:21:59.583,0.82316,0.82324,3.75,5.44
2011.02.08 01:21:59.694,0.8231,0.82324,1.50,5.44
2011.02.08 01:21:59.913,0.82308,0.82322,6.48,3.94
2011.02.08 01:22:03.653,0.82309,0.82322,1.50,3.75
2011.02.08 01:22:04.414,0.82312,0.82326,1.50,4.80
2011.02.08 01:22:05.743,0.82311,0.82324,2.16,3.00
2011.02.08 01:22:06.072,0.82309,0.82323,1.50,4.69
2011.02.08 01:22:08.741,0.8231,0.82323,1.50,3.75
2011.02.08 01:22:09.291,0.82311,0.82324,4.50,3.19
2011.02.08 01:22:09.625,0.82319,0.82327,1.50,3.75
2011.02.08 01:22:09.745,0.82319,0.82329,1.50,1.50
2011.02.08 01:22:10.283,0.82319,0.82332,1.50,4.69
2011.02.08 01:22:27.342,0.82319,0.82331,1.50,3.94
2011.02.08 01:22:27.562,0.82319,0.82333,1.50,2.44
2011.02.08 01:22:31.335,0.82324,0.82334,2.48,6.94
2011.02.08 01:22:31.456,0.8232,0.82333,1.50,3.94
2011.02.08 01:22:31.574,0.82322,0.82333,3.00,3.75
2011.02.08 01:22:31.694,0.82324,0.82335,4.50,1.50
2011.02.08 01:22:32.243,0.82324,0.82338,4.50,6.00
2011.02.08 01:22:35.410,0.82323,0.82338,5.25,2.25
2011.02.08 01:23:31.987,0.82324,0.82338,5.25,2.25
2011.02.08 01:23:44.222,0.82325,0.82339,4.50,6.94
2011.02.08 01:23:50.680,0.82324,0.82339,1.50,6.19
2011.02.08 01:23:51.230,0.82325,0.82339,4.50,6.94
2011.02.08 01:23:54.830,0.82323,0.82339,5.25,6.94
2011.02.08 01:23:55.490,0.82324,0.82339,1.50,6.94
2011.02.08 01:23:56.719,0.82324,0.82338,4.50,2.25
2011.02.08 01:23:57.444,0.8232,0.82334,5.25,10.69
2011.02.08 01:23:57.992,0.8232,0.82333,1.50,4.69
2011.02.08 01:23:58.542,0.82322,0.82333,1.50,3.75
2011.02.08 01:23:58.762,0.82322,0.82335,2.25,3.75
2011.02.08 01:23:59.311,0.82324,0.82336,1.50,1.50
2011.02.08 01:24:00.284,0.82325,0.82338,3.75,2.44
2011.02.08 01:24:01.983,0.82325,0.82338,4.50,1.69
2011.02.08 01:24:02.311,0.82321,0.82335,4.50,11.44
2011.02.08 01:24:06.232,0.8232,0.82334,1.98,1.69
2011.02.08 01:24:40.140,0.82322,0.82334,2.16,6.00
2011.02.08 01:24:40.252,0.82328,0.82334,1.69,5.25
2011.02.08 01:24:40.474,0.82329,0.82342,1.50,5.25
2011.02.08 01:24:40.802,0.82333,0.82344,1.50,1.50
2011.02.08 01:24:41.528,0.82333,0.82346,1.50,3.75
2011.02.08 01:24:42.744,0.82333,0.82346,1.50,3.75
2011.02.08 01:24:43.074,0.82332,0.82346,3.75,6.00
2011.02.08 01:24:43.628,0.82329,0.82343,5.73,4.50
2011.02.08 01:24:48.086,0.82328,0.8234,4.50,1.50
2011.02.08 01:24:48.205,0.82327,0.82339,3.00,4.50
2011.02.08 01:24:48.834,0.82329,0.82342,1.50,4.69
2011.02.08 01:24:57.142,0.82329,0.82342,3.48,4.69
2011.02.08 01:24:59.310,0.82329,0.82342,3.48,4.69
2011.02.08 01:25:01.202,0.82329,0.82342,3.48,4.69
2011.02.08 01:25:04.372,0.8233,0.82342,1.98,4.69
2011.02.08 01:25:05.287,0.8233,0.82342,1.98,4.69
2011.02.08 01:25:10.602,0.8233,0.82342,1.98,4.69
2011.02.08 01:25:11.582,0.82331,0.82342,1.50,4.50
2011.02.08 01:25:12.135,0.82333,0.82342,1.50,3.75
2011.02.08 01:25:12.256,0.82334,0.82345,1.50,3.75
2011.02.08 01:25:15.433,0.82334,0.82346,1.50,4.50
2011.02.08 01:25:15.763,0.82335,0.82345,1.50,3.75
2011.02.08 01:25:15.873,0.82337,0.82351,1.50,5.25
2011.02.08 01:25:30.913,0.82338,0.82351,2.73,1.50
2011.02.08 01:25:35.761,0.82338,0.82351,2.73,1.50
2011.02.08 01:25:38.032,0.82339,0.82351,1.98,1.50
2011.02.08 01:25:42.475,0.82342,0.82353,1.50,2.25
2011.02.08 01:25:42.912,0.82344,0.82356,4.50,2.25
2011.02.08 01:25:43.133,0.82346,0.82356,3.75,2.25
2011.02.08 01:25:43.792,0.82346,0.82353,3.75,1.50
2011.02.08 01:25:44.560,0.82341,0.82352,1.23,1.50
2011.02.08 01:25:44.677,0.82339,0.82352,2.73,1.50
2011.02.08 01:25:45.452,0.82339,0.82351,2.73,5.44
2011.02.08 01:25:46.002,0.82339,0.82351,1.98,4.69
2011.02.08 01:26:02.916,0.8234,0.82353,1.23,4.69
2011.02.08 01:26:03.425,0.82338,0.82353,3.66,4.69
2011.02.08 01:26:31.791,0.82338,0.82352,8.16,3.94
2011.02.08 01:26:33.502,0.82338,0.82344,1.41,4.50
2011.02.08 01:26:33.835,0.82339,0.82349,1.50,3.75
2011.02.08 01:26:34.648,0.82339,0.8235,1.50,3.75
2011.02.08 01:26:35.576,0.82336,0.82344,6.48,5.44
2011.02.08 01:26:35.915,0.82339,0.82346,1.50,3.94
2011.02.08 01:26:36.369,0.82339,0.8235,1.50,3.75
2011.02.08 01:26:36.922,0.82339,0.82351,1.50,3.94
2011.02.08 01:26:39.413,0.82336,0.82343,3.00,1.69
2011.02.08 01:26:39.633,0.82331,0.82343,1.50,1.69
2011.02.08 01:26:39.743,0.82331,0.82345,1.69,4.50
2011.02.08 01:26:39.963,0.82334,0.82344,1.50,1.50
2011.02.08 01:26:40.573,0.82334,0.82346,1.50,3.75
2011.02.08 01:26:42.631,0.82333,0.82345,1.98,3.00
2011.02.08 01:26:43.152,0.82333,0.82342,1.23,3.75
2011.02.08 01:26:43.269,0.82329,0.82342,2.25,3.75
2011.02.08 01:26:55.661,0.82331,0.82343,1.50,2.44
2011.02.08 01:26:57.383,0.82333,0.82343,1.98,2.44
2011.02.08 01:27:08.095,0.82332,0.82344,1.23,7.69
2011.02.08 01:27:09.435,0.82331,0.82343,1.98,1.69
2011.02.08 01:27:24.879,0.82329,0.82341,1.50,3.75
2011.02.08 01:27:33.167,0.82329,0.82343,6.48,6.19
2011.02.08 01:27:33.722,0.8233,0.82343,5.73,2.44
2011.02.08 01:27:35.536,0.82331,0.82343,1.98,2.44
2011.02.08 01:28:02.477,0.8233,0.82344,5.73,8.25
2011.02.08 01:28:17.332,0.82328,0.82335,7.98,2.44
2011.02.08 01:28:17.819,0.82328,0.82333,5.73,1.69
2011.02.08 01:28:17.943,0.82324,0.82334,1.80,1.50
2011.02.08 01:28:18.055,0.82327,0.82335,1.69,4.50
2011.02.08 01:28:18.284,0.82327,0.82338,2.44,1.50
2011.02.08 01:28:18.406,0.82329,0.8234,1.50,3.75
2011.02.08 01:28:19.162,0.82329,0.82341,1.50,4.69
2011.02.08 01:28:21.530,0.82327,0.82337,4.50,2.44
2011.02.08 01:28:21.646,0.82324,0.82337,1.50,6.00
2011.02.08 01:28:21.876,0.82324,0.82337,1.50,6.00
2011.02.08 01:28:22.614,0.82328,0.82339,1.50,3.75
2011.02.08 01:28:22.726,0.82328,0.82343,1.50,6.75
2011.02.08 01:28:23.382,0.82327,0.82343,6.19,6.19
2011.02.08 01:28:24.045,0.82328,0.82343,1.69,4.69
2011.02.08 01:28:26.968,0.82328,0.82343,1.69,4.69
2011.02.08 01:28:27.522,0.82328,0.82343,1.69,5.44
2011.02.08 01:28:30.795,0.82328,0.82343,2.16,5.44
2011.02.08 01:28:35.385,0.82327,0.8234,3.19,3.75
2011.02.08 01:28:38.381,0.82327,0.82341,6.94,3.94
2011.02.08 01:28:43.196,0.82327,0.8234,4.69,3.75
2011.02.08 01:28:52.945,0.82328,0.8234,1.50,4.50
2011.02.08 01:28:53.285,0.82324,0.82338,3.81,5.25
2011.02.08 01:28:53.393,0.82324,0.82336,3.06,4.50
2011.02.08 01:28:57.567,0.82323,0.82335,6.00,1.50
2011.02.08 01:28:57.903,0.82319,0.82333,5.80,4.69
2011.02.08 01:29:06.921,0.8232,0.82333,1.98,2.44
2011.02.08 01:29:14.742,0.82323,0.82333,1.50,1.50
2011.02.08 01:29:14.966,0.82324,0.82336,1.50,1.50
2011.02.08 01:29:15.718,0.82323,0.82337,2.25,2.25
2011.02.08 01:29:17.832,0.82323,0.82338,3.00,5.44
2011.02.08 01:29:20.554,0.82323,0.82337,3.00,4.50
2011.02.08 01:29:21.101,0.82324,0.82338,1.50,4.69
2011.02.08 01:29:21.552,0.82325,0.82338,1.50,3.94
2011.02.08 01:29:22.218,0.82326,0.82341,4.41,5.25
2011.02.08 01:29:22.556,0.82327,0.82339,1.50,1.69
2011.02.08 01:29:23.322,0.82325,0.82339,7.50,1.69
2011.02.08 01:29:23.922,0.82326,0.82339,4.50,1.50
2011.02.08 01:29:24.472,0.82326,0.82339,4.50,1.69
2011.02.08 01:29:24.692,0.82329,0.8234,1.50,5.44
2011.02.08 01:29:25.230,0.82329,0.82339,1.50,1.50
2011.02.08 01:29:25.834,0.82329,0.8234,1.50,3.75
2011.02.08 01:29:31.022,0.82329,0.82341,1.50,3.75
2011.02.08 01:29:31.621,0.82329,0.8234,1.50,3.75
2011.02.08 01:29:33.082,0.82329,0.82341,1.50,3.75
2011.02.08 01:29:33.633,0.82329,0.82343,1.50,6.94
2011.02.08 01:29:39.052,0.82329,0.82341,1.50,3.75
2011.02.08 01:29:51.763,0.82329,0.82343,2.25,5.44
2011.02.08 01:30:03.064,0.82329,0.82342,3.15,3.94
2011.02.08 01:30:03.777,0.82331,0.82342,1.50,3.94
2011.02.08 01:30:41.125,0.8233,0.82342,1.23,2.44
2011.02.08 01:30:41.343,0.82326,0.82341,3.00,5.44
2011.02.08 01:30:41.892,0.82324,0.82338,6.00,4.69
2011.02.08 01:30:43.033,0.82324,0.82338,7.23,3.94
2011.02.08 01:30:44.093,0.82324,0.82335,7.23,1.50
2011.02.08 01:30:44.637,0.82324,0.82335,6.48,7.69
2011.02.08 01:30:44.759,0.82321,0.82333,1.98,4.69
2011.02.08 01:30:56.441,0.82319,0.82331,3.48,3.75
2011.02.08 01:30:57.939,0.82319,0.82327,1.23,1.50
2011.02.08 01:30:58.056,0.82317,0.82325,1.23,3.75
2011.02.08 01:30:58.172,0.82315,0.82325,1.50,3.75
2011.02.08 01:30:58.720,0.82314,0.82324,1.50,3.75
2011.02.08 01:30:59.802,0.82314,0.82324,1.50,5.25
2011.02.08 01:30:59.913,0.82312,0.82324,1.23,5.25
2011.02.08 01:31:00.548,0.82311,0.82322,1.23,4.69
2011.02.08 01:31:01.322,0.82309,0.82322,4.58,1.69
2011.02.08 01:31:08.043,0.8231,0.82322,3.75,1.69
2011.02.08 01:31:08.721,0.82309,0.82322,1.98,1.69
2011.02.08 01:31:11.822,0.82309,0.82322,1.98,1.69
2011.02.08 01:31:22.033,0.82311,0.82324,3.75,1.69
2011.02.08 01:31:26.132,0.82313,0.82325,1.50,10.50
2011.02.08 01:31:26.464,0.82319,0.82325,1.50,3.75
2011.02.08 01:31:26.572,0.82319,0.82332,1.50,2.25
2011.02.08 01:31:26.681,0.82319,0.82332,1.50,1.50
2011.02.08 01:31:27.231,0.82319,0.82333,1.50,6.94
2011.02.08 01:31:33.251,0.82319,0.82333,1.50,6.19
2011.02.08 01:31:55.590,0.82319,0.82333,1.50,5.44
2011.02.08 01:31:56.890,0.82319,0.82333,2.25,5.44
2011.02.08 01:31:57.223,0.82322,0.82333,1.50,3.75
2011.02.08 01:31:57.773,0.82323,0.82338,2.25,6.75
2011.02.08 01:31:58.416,0.82326,0.82336,4.50,1.50
2011.02.08 01:31:59.082,0.82323,0.82335,2.25,3.75
2011.02.08 01:32:02.193,0.82321,0.82335,6.48,4.50
2011.02.08 01:32:03.400,0.82321,0.82336,1.50,6.00
2011.02.08 01:32:06.335,0.82321,0.82335,8.73,3.75
2011.02.08 01:32:06.943,0.82321,0.82337,7.50,6.00
2011.02.08 01:32:07.885,0.82321,0.82335,6.75,3.75
2011.02.08 01:32:08.440,0.82323,0.82336,1.50,4.50
2011.02.08 01:32:14.772,0.82325,0.82336,1.50,3.75
2011.02.08 01:32:14.883,0.82328,0.8234,4.50,1.50
2011.02.08 01:32:15.448,0.82328,0.82341,4.50,6.00
2011.02.08 01:32:33.108,0.82329,0.82342,1.50,4.69
2011.02.08 01:32:33.661,0.82329,0.82343,1.50,2.44
2011.02.08 01:32:57.815,0.82333,0.82343,1.50,1.69
2011.02.08 01:32:57.935,0.82333,0.82344,1.50,4.50
2011.02.08 01:32:58.163,0.82333,0.82344,5.25,1.50
2011.02.08 01:32:58.384,0.82333,0.82347,1.50,6.75
2011.02.08 01:32:58.901,0.82333,0.82346,1.50,1.50
2011.02.08 01:33:00.253,0.82333,0.82348,1.50,6.75
2011.02.08 01:33:03.409,0.82333,0.82346,2.25,3.75
2011.02.08 01:33:03.970,0.82333,0.82349,6.00,6.19
2011.02.08 01:33:04.962,0.82336,0.82348,1.50,4.50
2011.02.08 01:33:05.950,0.82337,0.82351,1.69,4.43
2011.02.08 01:33:06.634,0.82337,0.8235,2.44,1.50
2011.02.08 01:33:09.290,0.82337,0.82351,1.69,1.50
2011.02.08 01:33:13.377,0.82337,0.82352,1.69,6.19
2011.02.08 01:33:19.013,0.82338,0.82352,1.50,6.19
2011.02.08 01:33:24.573,0.82338,0.82352,1.50,6.94
2011.02.08 01:33:25.682,0.82338,0.82351,1.50,1.50
2011.02.08 01:33:27.341,0.82338,0.82352,1.50,6.19
2011.02.08 01:33:35.646,0.82338,0.82352,1.50,6.94
2011.02.08 01:33:36.314,0.82336,0.8235,10.69,2.25
2011.02.08 01:33:36.985,0.82335,0.82344,3.75,2.44
2011.02.08 01:33:37.097,0.82329,0.82343,5.25,5.25
2011.02.08 01:33:39.384,0.82329,0.82342,4.23,3.75
2011.02.08 01:33:39.602,0.82331,0.82346,1.69,4.50
2011.02.08 01:33:41.131,0.8233,0.82343,5.73,1.50
2011.02.08 01:33:41.247,0.82329,0.82343,6.00,6.00
2011.02.08 01:33:41.801,0.8233,0.82343,1.98,6.19
2011.02.08 01:33:42.972,0.82329,0.82343,1.98,5.25
2011.02.08 01:34:04.958,0.82329,0.82343,1.50,6.19
2011.02.08 01:34:09.054,0.82329,0.82343,1.50,6.19
2011.02.08 01:34:11.735,0.82326,0.82337,3.19,3.75
2011.02.08 01:34:12.384,0.82329,0.82337,1.50,3.75
2011.02.08 01:34:12.496,0.82329,0.82341,1.50,3.94
2011.02.08 01:34:17.146,0.82329,0.8234,1.50,3.75
2011.02.08 01:34:19.264,0.82329,0.82343,1.50,5.44
2011.02.08 01:34:33.042,0.82329,0.82342,1.69,1.50
2011.02.08 01:34:35.193,0.82328,0.82342,2.44,2.25
2011.02.08 01:34:41.496,0.82328,0.82342,1.69,1.69
2011.02.08 01:34:51.982,0.82328,0.82341,2.44,3.94
2011.02.08 01:35:08.263,0.82327,0.82341,1.69,7.32
2011.02.08 01:35:08.594,0.82326,0.82333,3.75,2.44
2011.02.08 01:35:08.715,0.82321,0.82333,1.50,2.44
2011.02.08 01:35:09.853,0.82319,0.82332,1.50,2.44
2011.02.08 01:35:09.964,0.82317,0.82332,7.69,3.19
2011.02.08 01:35:10.672,0.82318,0.82332,1.69,3.94
2011.02.08 01:35:17.188,0.82318,0.82332,1.50,1.69
2011.02.08 01:35:17.303,0.82317,0.82327,5.25,1.69
2011.02.08 01:35:17.526,0.82318,0.82327,1.69,3.75
2011.02.08 01:35:18.047,0.82318,0.8233,5.44,4.50
2011.02.08 01:35:18.167,0.82318,0.82332,1.69,4.69
2011.02.08 01:35:25.438,0.82318,0.82331,1.50,2.25
2011.02.08 01:35:25.552,0.82317,0.82327,2.25,1.50
2011.02.08 01:35:28.060,0.82313,0.82327,5.25,4.50
2011.02.08 01:35:29.155,0.82318,0.82332,1.50,7.50
2011.02.08 01:35:29.383,0.82318,0.82328,1.50,3.75
2011.02.08 01:35:29.604,0.82316,0.82329,6.00,1.69
2011.02.08 01:35:30.384,0.82317,0.82331,1.50,2.25
2011.02.08 01:35:30.961,0.82318,0.82331,1.50,1.50
2011.02.08 01:35:31.073,0.82317,0.82329,2.25,1.69
2011.02.08 01:35:31.183,0.82317,0.82329,1.50,1.69
2011.02.08 01:35:31.731,0.82314,0.82328,4.50,1.50
2011.02.08 01:35:32.347,0.82316,0.8233,1.50,4.69
2011.02.08 01:35:32.902,0.82318,0.8233,1.50,3.75
2011.02.08 01:35:33.235,0.82317,0.8233,2.44,1.50
2011.02.08 01:35:34.224,0.82317,0.82327,1.50,4.50
2011.02.08 01:35:34.825,0.82318,0.82328,1.50,3.75
2011.02.08 01:35:35.053,0.82318,0.82331,1.50,3.75
2011.02.08 01:35:35.608,0.82318,0.82332,5.25,4.50
2011.02.08 01:35:35.731,0.82317,0.8233,2.25,6.19
2011.02.08 01:35:37.489,0.82318,0.82332,5.25,4.50
2011.02.08 01:35:39.694,0.82318,0.82331,5.25,5.44
2011.02.08 01:35:39.809,0.82313,0.82327,5.33,4.50
2011.02.08 01:35:42.172,0.82313,0.82327,5.44,5.25
2011.02.08 01:35:42.395,0.82318,0.82331,4.50,2.25
2011.02.08 01:35:42.733,0.8232,0.82332,3.75,1.50
2011.02.08 01:35:43.065,0.82317,0.82328,2.73,5.44
2011.02.08 01:35:43.183,0.82314,0.82328,1.98,5.44
2011.02.08 01:35:43.973,0.82315,0.82328,3.00,4.69
2011.02.08 01:35:44.085,0.82317,0.82331,1.69,1.50
2011.02.08 01:35:44.203,0.82316,0.82328,6.00,2.44
2011.02.08 01:35:44.421,0.82313,0.82327,5.91,5.25
2011.02.08 01:35:44.997,0.82316,0.82327,1.23,5.25
2011.02.08 01:35:45.333,0.82314,0.82327,2.16,5.25
2011.02.08 01:35:50.000,0.82316,0.82327,2.44,4.50
2011.02.08 01:35:50.445,0.82317,0.82332,5.44,3.75
2011.02.08 01:35:53.347,0.82318,0.82331,1.69,1.50
2011.02.08 01:35:53.464,0.82317,0.82328,5.25,3.19
2011.02.08 01:35:53.792,0.82313,0.82327,5.44,4.50
2011.02.08 01:35:57.921,0.82313,0.82324,5.44,1.50
2011.02.08 01:35:58.253,0.82309,0.82324,2.80,7.69
2011.02.08 01:35:58.801,0.82309,0.82323,1.58,1.50
2011.02.08 01:36:16.332,0.82312,0.82324,1.69,5.25
2011.02.08 01:36:17.022,0.82318,0.82328,1.69,3.75
2011.02.08 01:36:17.139,0.82318,0.82333,1.69,7.50
2011.02.08 01:36:23.262,0.82318,0.82331,2.91,3.75
2011.02.08 01:36:24.735,0.82327,0.82333,1.69,5.25
2011.02.08 01:36:25.285,0.82328,0.82336,6.19,5.25
2011.02.08 01:36:25.407,0.8233,0.82342,4.98,1.50
2011.02.08 01:36:29.813,0.82329,0.82342,1.69,4.50
2011.02.08 01:36:31.281,0.8233,0.82342,1.23,4.50
2011.02.08 01:36:40.832,0.82329,0.82342,1.69,4.50
2011.02.08 01:36:43.446,0.82329,0.82343,1.69,7.02
2011.02.08 01:36:45.403,0.82329,0.82343,1.69,7.77
2011.02.08 01:36:48.238,0.82329,0.82343,1.69,6.94
2011.02.08 01:36:48.951,0.82328,0.82343,3.19,6.94
2011.02.08 01:36:52.145,0.82329,0.8234,1.69,2.25
2011.02.08 01:36:52.375,0.82327,0.82336,1.23,1.50
2011.02.08 01:36:52.493,0.82323,0.82337,6.00,1.50
2011.02.08 01:37:01.917,0.8232,0.82334,5.91,1.50
2011.02.08 01:37:02.257,0.82321,0.82334,1.69,3.75
2011.02.08 01:37:20.403,0.82321,0.82336,3.19,3.75
2011.02.08 01:37:23.445,0.82321,0.82336,3.19,4.50
2011.02.08 01:37:25.424,0.82322,0.82336,1.50,3.75
2011.02.08 01:37:25.532,0.82326,0.82336,3.00,3.75
2011.02.08 01:37:25.862,0.82324,0.82336,2.73,5.25
2011.02.08 01:37:26.412,0.82324,0.82335,1.98,3.75
2011.02.08 01:37:34.779,0.82323,0.82336,1.98,5.63
2011.02.08 01:38:11.255,0.82323,0.82336,1.98,5.63
2011.02.08 01:38:12.147,0.82323,0.82336,1.98,4.88
2011.02.08 01:38:23.253,0.82327,0.82336,1.50,4.13
2011.02.08 01:38:24.184,0.82328,0.82335,1.50,3.75
2011.02.08 01:38:24.294,0.82326,0.82335,1.23,3.75
2011.02.08 01:38:24.856,0.82325,0.82335,1.50,3.75
2011.02.08 01:38:25.704,0.82327,0.82335,1.50,3.75
2011.02.08 01:38:25.813,0.82327,0.8234,1.50,3.75
2011.02.08 01:38:35.493,0.82327,0.8234,3.66,4.50
2011.02.08 01:38:36.274,0.82327,0.8234,3.66,4.88
2011.02.08 01:38:36.712,0.82327,0.8234,4.41,3.75
2011.02.08 01:38:39.684,0.82327,0.8234,3.66,4.13
2011.02.08 01:38:42.122,0.82328,0.8234,1.50,4.50
2011.02.08 01:38:42.762,0.82328,0.82341,1.50,3.75
2011.02.08 01:38:43.321,0.82328,0.8234,1.50,3.75
2011.02.08 01:38:45.162,0.82328,0.82341,3.00,3.75
2011.02.08 01:38:45.273,0.82328,0.82341,2.25,4.88
2011.02.08 01:38:54.482,0.82328,0.82341,3.00,3.75
2011.02.08 01:38:56.534,0.82327,0.82337,3.75,1.50
2011.02.08 01:38:56.753,0.82324,0.82337,3.00,5.25
2011.02.08 01:38:57.302,0.82324,0.82336,2.25,4.50
2011.02.08 01:39:04.122,0.82324,0.82336,2.25,6.00
2011.02.08 01:39:06.944,0.82324,0.82336,2.25,6.38
2011.02.08 01:39:09.515,0.82324,0.82336,2.25,6.00
2011.02.08 01:39:10.072,0.82324,0.82336,2.25,6.00
2011.02.08 01:39:10.836,0.82324,0.82336,2.25,6.00
2011.02.08 01:39:13.054,0.82324,0.82335,2.25,1.50
2011.02.08 01:39:22.331,0.82324,0.82336,2.25,5.25
2011.02.08 01:39:23.691,0.82325,0.82336,1.50,4.50
2011.02.08 01:39:23.804,0.82326,0.8234,10.23,6.75
2011.02.08 01:39:24.351,0.82328,0.82341,4.50,1.50
2011.02.08 01:39:26.902,0.82327,0.8234,3.00,1.69
2011.02.08 01:39:27.559,0.82327,0.82338,2.44,3.75
2011.02.08 01:39:28.006,0.82327,0.8234,1.69,4.50
2011.02.08 01:39:28.676,0.82327,0.82341,6.19,5.44
2011.02.08 01:39:28.803,0.82326,0.82333,1.50,1.69
2011.02.08 01:39:28.912,0.8232,0.82334,4.50,6.19
2011.02.08 01:39:29.242,0.82319,0.82332,1.98,1.69
2011.02.08 01:39:29.684,0.82319,0.82334,5.25,2.44
2011.02.08 01:39:30.196,0.82321,0.82334,1.50,2.25
2011.02.08 01:39:30.319,0.82319,0.82332,4.50,4.50
2011.02.08 01:39:30.653,0.82318,0.82332,7.23,4.50
2011.02.08 01:39:31.092,0.82319,0.82332,1.98,4.50
2011.02.08 01:39:31.787,0.82322,0.82332,1.11,4.50
2011.02.08 01:39:32.370,0.82322,0.82332,1.11,4.69
2011.02.08 01:39:33.544,0.82317,0.82322,7.57,1.69
2011.02.08 01:39:33.653,0.82317,0.82322,1.23,5.44
2011.02.08 01:39:34.188,0.82308,0.82321,2.52,3.94
2011.02.08 01:39:35.293,0.82308,0.82321,2.24,3.94
2011.02.08 01:39:35.831,0.82308,0.8232,1.02,3.75
2011.02.08 01:39:37.643,0.82308,0.82321,1.02,3.94
2011.02.08 01:39:45.221,0.82308,0.82319,1.69,1.50
2011.02.08 01:39:45.337,0.82308,0.82321,1.69,5.70
2011.02.08 01:39:45.897,0.82308,0.8232,1.69,1.50
2011.02.08 01:39:46.468,0.82308,0.8232,1.69,1.50
2011.02.08 01:39:47.025,0.82308,0.82321,1.69,3.94
2011.02.08 01:39:48.200,0.82308,0.8232,1.69,2.25
2011.02.08 01:39:48.547,0.82303,0.82315,5.25,1.50
2011.02.08 01:39:48.664,0.82303,0.82317,5.25,4.50
2011.02.08 01:39:49.326,0.82303,0.82314,4.50,2.25
2011.02.08 01:39:49.674,0.82301,0.82314,3.75,2.44
2011.02.08 01:39:50.005,0.823,0.82313,4.50,1.69
2011.02.08 01:39:50.124,0.82302,0.82314,1.50,3.94
2011.02.08 01:39:50.743,0.82302,0.82313,4.50,1.69
2011.02.08 01:39:50.964,0.82303,0.82314,1.50,1.50
2011.02.08 01:39:51.406,0.82305,0.82315,1.69,1.50
2011.02.08 01:39:51.982,0.82306,0.8232,12.19,3.75
2011.02.08 01:40:10.957,0.82307,0.8232,1.69,4.50
2011.02.08 01:40:11.834,0.82307,0.8232,3.19,4.50
2011.02.08 01:40:18.932,0.82307,0.82319,3.94,1.50
2011.02.08 01:40:21.063,0.82307,0.8232,3.94,3.75
2011.02.08 01:40:24.959,0.82307,0.8232,1.69,6.00
2011.02.08 01:40:25.643,0.82307,0.82319,1.69,2.25
2011.02.08 01:40:26.293,0.82307,0.82319,1.69,1.50
2011.02.08 01:40:26.841,0.82308,0.82319,2.25,2.25
2011.02.08 01:40:29.704,0.82307,0.82319,3.19,2.25
2011.02.08 01:40:33.731,0.82307,0.82319,3.19,2.25
2011.02.08 01:40:34.322,0.82307,0.82319,3.19,2.25
2011.02.08 01:40:45.944,0.82307,0.82319,1.50,2.44
2011.02.08 01:40:46.055,0.82306,0.82312,8.25,1.69
2011.02.08 01:40:46.165,0.82302,0.82312,1.98,1.69
2011.02.08 01:40:46.778,0.823,0.82312,5.25,3.19
2011.02.08 01:40:47.665,0.823,0.82312,4.50,3.19
2011.02.08 01:40:48.112,0.82304,0.82315,4.50,1.50
2011.02.08 01:40:48.673,0.82304,0.82316,4.50,2.25
2011.02.08 01:40:49.964,0.823,0.82315,6.00,3.19
2011.02.08 01:40:50.080,0.823,0.82313,4.50,1.69
2011.02.08 01:40:51.073,0.82301,0.82312,1.50,2.44
2011.02.08 01:40:51.855,0.82302,0.82312,5.44,1.50
2011.02.08 01:40:51.976,0.82302,0.82316,5.44,1.50
2011.02.08 01:40:53.123,0.823,0.82313,5.44,1.50
2011.02.08 01:40:53.235,0.823,0.82313,3.75,2.25
2011.02.08 01:40:57.401,0.823,0.82313,3.75,3.94
2011.02.08 01:41:53.377,0.82299,0.82312,1.23,1.69
2011.02.08 01:41:57.403,0.82299,0.82312,1.23,1.50
2011.02.08 01:42:07.516,0.82298,0.82312,1.50,1.50
2011.02.08 01:42:21.442,0.823,0.82313,1.23,2.25
2011.02.08 01:42:28.751,0.82298,0.82313,2.73,2.25
2011.02.08 01:42:33.930,0.82298,0.82312,3.48,2.25
2011.02.08 01:42:34.481,0.82298,0.82312,3.48,2.25
2011.02.08 01:42:35.042,0.823,0.82312,1.23,2.25
2011.02.08 01:42:48.911,0.82298,0.82312,7.30,2.25
2011.02.08 01:42:52.393,0.82298,0.82312,6.63,2.25
2011.02.08 01:42:54.471,0.82299,0.82312,1.50,2.25
2011.02.08 01:42:55.023,0.82298,0.82312,6.48,2.25
2011.02.08 01:42:56.642,0.82298,0.82312,6.48,2.25
2011.02.08 01:43:03.992,0.82302,0.82314,1.69,2.25
2011.02.08 01:43:04.104,0.82303,0.82317,5.25,3.19
2011.02.08 01:43:04.768,0.82305,0.82317,4.50,2.25
2011.02.08 01:43:05.322,0.82306,0.82318,3.75,2.25
2011.02.08 01:43:07.591,0.82307,0.82318,1.50,1.50
2011.02.08 01:43:07.709,0.82308,0.82321,4.50,3.00
2011.02.08 01:43:56.672,0.82308,0.82321,5.25,5.25
2011.02.08 01:44:26.770,0.82307,0.82321,3.75,5.25
2011.02.08 01:44:31.705,0.82309,0.8232,2.25,3.75
2011.02.08 01:45:04.637,0.82307,0.8232,3.75,4.69
2011.02.08 01:45:04.754,0.82306,0.82313,8.25,1.69
2011.02.08 01:45:04.864,0.82301,0.82313,1.50,1.69
2011.02.08 01:45:04.973,0.823,0.82313,5.73,1.69
2011.02.08 01:45:05.084,0.82301,0.82314,2.25,1.50
2011.02.08 01:45:05.606,0.82303,0.82316,5.25,1.50
2011.02.08 01:45:06.472,0.82303,0.82316,6.00,2.25
2011.02.08 01:45:06.822,0.82304,0.82316,1.50,2.25
2011.02.08 01:45:08.391,0.82304,0.82316,2.25,2.25
2011.02.08 01:45:09.292,0.82306,0.8232,7.69,3.75
2011.02.08 01:45:23.463,0.82307,0.82313,1.50,1.69
2011.02.08 01:45:23.685,0.82301,0.82315,5.25,6.00
2011.02.08 01:45:24.326,0.82307,0.82318,2.25,5.25
2011.02.08 01:45:24.446,0.82309,0.8232,1.50,3.75
2011.02.08 01:45:26.384,0.82308,0.82318,3.75,2.25
2011.02.08 01:45:26.863,0.82306,0.82314,3.75,2.25
2011.02.08 01:45:26.979,0.82305,0.82313,1.50,1.50
2011.02.08 01:45:27.204,0.82305,0.82315,1.50,1.50
2011.02.08 01:45:27.723,0.82305,0.82314,1.50,1.50
2011.02.08 01:45:29.433,0.82304,0.82314,1.50,1.50
2011.02.08 01:45:31.183,0.82305,0.82314,1.50,1.50
2011.02.08 01:45:31.295,0.82305,0.82316,1.50,2.25
2011.02.08 01:45:34.253,0.82305,0.82317,1.50,2.25
2011.02.08 01:45:34.490,0.82305,0.82317,1.50,2.25
2011.02.08 01:45:35.118,0.82308,0.82321,1.50,4.50
2011.02.08 01:47:06.653,0.82308,0.82319,5.25,3.75
2011.02.08 01:47:07.522,0.82308,0.8232,5.25,3.75
2011.02.08 01:47:14.533,0.82306,0.82317,3.75,4.69
2011.02.08 01:47:15.048,0.82304,0.82317,1.98,4.69
2011.02.08 01:47:15.714,0.82303,0.82316,10.23,2.25
2011.02.08 01:47:16.153,0.823,0.82312,4.50,1.69
2011.02.08 01:47:17.033,0.823,0.82312,6.48,1.69
2011.02.08 01:47:19.344,0.823,0.82312,3.75,1.69
2011.02.08 01:47:27.782,0.82302,0.82312,1.50,1.69
2011.02.08 01:47:27.896,0.82303,0.82314,1.50,1.50
2011.02.08 01:47:28.014,0.82303,0.82317,5.25,4.50
2011.02.08 01:47:28.562,0.82303,0.82317,5.25,6.00
2011.02.08 01:47:35.943,0.82307,0.82317,1.50,4.50
2011.02.08 01:47:36.055,0.82308,0.8232,1.50,3.75
2011.02.08 01:47:36.604,0.82309,0.8232,3.75,5.25
2011.02.08 01:47:37.387,0.82304,0.82317,3.00,4.50
2011.02.08 01:47:54.303,0.82304,0.82317,1.50,4.50
2011.02.08 01:47:55.701,0.82309,0.8232,4.50,5.44
2011.02.08 01:47:56.324,0.82309,0.8232,3.75,3.75
2011.02.08 01:47:58.454,0.82309,0.8232,3.75,7.69
2011.02.08 01:47:59.223,0.82304,0.82317,3.48,4.50
2011.02.08 01:48:00.564,0.82304,0.82317,1.50,4.50
2011.02.08 01:48:01.074,0.82304,0.82317,1.50,4.50
2011.02.08 01:48:01.579,0.82304,0.82317,1.50,4.50
2011.02.08 01:48:02.663,0.82304,0.82317,1.50,4.50
2011.02.08 01:48:04.335,0.82304,0.82317,1.50,4.50
2011.02.08 01:48:04.884,0.82304,0.82317,1.50,4.50
2011.02.08 01:48:11.120,0.82304,0.82317,1.50,4.50
2011.02.08 01:48:14.052,0.82304,0.82317,1.50,4.50
2011.02.08 01:48:14.382,0.82304,0.82317,1.50,4.50
2011.02.08 01:48:15.042,0.82304,0.82317,1.50,4.50
2011.02.08 01:48:16.714,0.82304,0.82317,1.50,4.50
2011.02.08 01:48:39.822,0.82304,0.82317,3.00,4.50
2011.02.08 01:48:55.776,0.82309,0.82317,1.50,3.75
2011.02.08 01:48:56.259,0.82309,0.8232,5.25,3.75
2011.02.08 01:49:10.107,0.82307,0.8232,1.69,4.50
2011.02.08 01:49:10.230,0.82305,0.82317,3.75,4.50
2011.02.08 01:49:10.783,0.82303,0.82317,8.80,4.50
2011.02.08 01:49:11.898,0.82305,0.82316,1.23,1.50
2011.02.08 01:49:13.574,0.82306,0.82316,1.23,1.50
2011.02.08 01:49:14.447,0.82307,0.82317,4.50,3.75
2011.02.08 01:49:14.563,0.82309,0.8232,1.23,4.50
2011.02.08 01:49:15.112,0.82307,0.8232,7.23,4.50
2011.02.08 01:50:14.593,0.82307,0.82322,5.44,2.44
2011.02.08 01:50:15.824,0.82306,0.82317,1.50,3.94
2011.02.08 01:50:15.935,0.82301,0.82313,4.58,1.69
2011.02.08 01:50:16.597,0.82301,0.82313,3.83,1.69
2011.02.08 01:50:22.022,0.82301,0.82313,3.75,1.69
2011.02.08 01:50:31.735,0.82301,0.82312,3.75,1.69
2011.02.08 01:50:31.844,0.82299,0.82312,6.48,1.69
2011.02.08 01:50:31.953,0.82301,0.82312,3.75,1.69
2011.02.08 01:50:40.083,0.82298,0.82312,5.52,5.44
2011.02.08 01:50:40.194,0.82301,0.82312,3.75,1.69
2011.02.08 01:50:45.987,0.82307,0.82315,1.69,3.75
2011.02.08 01:50:46.216,0.82305,0.82317,3.75,2.25
2011.02.08 01:50:46.774,0.82304,0.82317,2.03,6.00
2011.02.08 01:50:58.759,0.82304,0.82317,3.53,4.50
2011.02.08 01:50:59.344,0.82306,0.82319,8.25,2.25
2011.02.08 01:51:01.693,0.82307,0.82319,2.25,2.25
2011.02.08 01:51:01.913,0.82307,0.82319,2.44,2.25
2011.02.08 01:51:08.470,0.82304,0.82315,2.03,3.75
2011.02.08 01:51:09.023,0.82304,0.82316,2.03,1.50
2011.02.08 01:51:32.295,0.82303,0.82317,5.33,4.50
2011.02.08 01:51:32.516,0.82308,0.82322,6.00,9.75
2011.02.08 01:51:33.073,0.82309,0.82323,6.75,6.00
2011.02.08 01:51:54.402,0.8231,0.82323,1.69,6.75
2011.02.08 01:51:54.964,0.82318,0.82326,4.50,1.50
2011.02.08 01:51:55.515,0.82318,0.82328,2.25,6.00
2011.02.08 01:51:56.303,0.82318,0.82327,6.00,1.50
2011.02.08 01:51:56.856,0.82318,0.82326,1.50,1.50
2011.02.08 01:51:57.745,0.82318,0.82326,1.50,1.50
2011.02.08 01:51:59.083,0.82318,0.82327,2.44,1.50
2011.02.08 01:52:00.069,0.82318,0.82327,1.50,2.25
2011.02.08 01:52:00.294,0.82318,0.82327,2.25,2.44
2011.02.08 01:52:00.404,0.82318,0.82327,2.25,1.50
2011.02.08 01:52:00.952,0.82318,0.82326,1.50,2.25
2011.02.08 01:52:04.445,0.82314,0.82326,6.00,2.25
2011.02.08 01:52:09.674,0.82314,0.82326,6.19,1.50
2011.02.08 01:52:09.893,0.82318,0.82331,4.50,3.00
2011.02.08 01:52:10.912,0.82315,0.82328,4.50,1.69
2011.02.08 01:52:13.522,0.82315,0.82329,6.00,6.19
2011.02.08 01:52:14.993,0.82315,0.82328,5.25,1.50
2011.02.08 01:52:17.312,0.82315,0.82329,4.50,2.44
2011.02.08 01:52:17.425,0.82317,0.82329,1.50,1.50
2011.02.08 01:52:17.643,0.82318,0.82331,4.50,1.50
2011.02.08 01:52:18.954,0.82317,0.82328,3.19,3.75
2011.02.08 01:52:19.536,0.82317,0.82329,6.94,1.50
2011.02.08 01:52:25.592,0.82317,0.8233,6.94,1.50
2011.02.08 01:52:29.052,0.82317,0.82329,6.94,1.50
2011.02.08 01:52:58.953,0.82317,0.8233,1.69,1.50
2011.02.08 01:53:02.548,0.82317,0.82331,1.69,1.50
2011.02.08 01:53:10.022,0.82317,0.8233,1.69,1.50
2011.02.08 01:53:52.783,0.82317,0.82327,1.50,1.50
2011.02.08 01:53:53.369,0.82317,0.8233,3.19,5.25
2011.02.08 01:53:53.926,0.82317,0.8233,3.19,5.25
2011.02.08 01:53:55.145,0.82317,0.8233,3.19,3.75
2011.02.08 01:53:58.535,0.82317,0.82324,3.19,5.25
2011.02.08 01:53:58.755,0.82312,0.82322,1.23,1.50
2011.02.08 01:53:59.084,0.82311,0.82325,1.50,1.50
2011.02.08 01:54:00.613,0.82312,0.82324,4.50,5.44
2011.02.08 01:54:00.724,0.8231,0.82321,3.75,1.50
2011.02.08 01:54:06.612,0.82312,0.82322,1.23,1.69
2011.02.08 01:54:09.154,0.8231,0.82321,3.75,1.50
2011.02.08 01:54:09.824,0.82309,0.82321,1.98,1.50
2011.02.08 01:54:13.045,0.8231,0.82321,1.23,1.50
2011.02.08 01:54:19.512,0.8231,0.82323,2.73,2.44
2011.02.08 01:54:19.631,0.8231,0.82324,3.66,4.50
2011.02.08 01:54:19.746,0.82314,0.82325,2.25,4.50
2011.02.08 01:54:19.867,0.82315,0.82327,6.19,1.50
2011.02.08 01:54:19.984,0.82315,0.82331,7.41,4.50
2011.02.08 01:54:20.533,0.82317,0.82332,2.25,6.00
2011.02.08 01:54:21.902,0.82317,0.82332,2.25,6.00
2011.02.08 01:54:23.303,0.82317,0.82332,2.25,6.00
2011.02.08 01:54:24.293,0.82317,0.82332,2.25,6.19
2011.02.08 01:54:25.196,0.82317,0.82332,2.25,5.44
2011.02.08 01:54:25.845,0.82317,0.82332,2.44,6.19
2011.02.08 01:54:25.957,0.82317,0.82332,2.44,6.19
2011.02.08 01:54:34.534,0.82317,0.82332,2.44,6.19
2011.02.08 01:54:40.443,0.82318,0.82332,1.02,6.19
2011.02.08 01:54:40.661,0.82318,0.82332,1.02,6.19
2011.02.08 01:54:40.882,0.82318,0.82332,1.02,6.19
2011.02.08 01:54:41.770,0.82318,0.82332,1.02,6.19
2011.02.08 01:54:42.322,0.82318,0.82332,1.02,6.19
2011.02.08 01:54:42.932,0.82318,0.82332,1.02,6.19
2011.02.08 01:54:47.425,0.82318,0.82332,1.09,6.19
2011.02.08 01:54:52.681,0.82319,0.82332,3.90,2.44
2011.02.08 01:55:47.217,0.82318,0.82332,4.50,5.44
2011.02.08 01:55:47.554,0.82322,0.82332,3.75,1.69
2011.02.08 01:55:47.993,0.82322,0.82332,3.75,1.69
2011.02.08 01:55:48.706,0.82318,0.82332,4.50,5.44
2011.02.08 01:56:01.734,0.82316,0.82331,2.44,4.50
2011.02.08 01:56:02.261,0.82316,0.82331,3.19,4.50
2011.02.08 01:56:09.887,0.82316,0.82331,3.94,4.50
2011.02.08 01:56:10.452,0.82316,0.82331,3.75,4.50
2011.02.08 01:56:16.995,0.82316,0.8233,3.00,2.25
2011.02.08 01:56:17.573,0.82315,0.82327,1.50,6.00
2011.02.08 01:56:18.014,0.82315,0.82327,1.50,5.25
2011.02.08 01:56:18.453,0.82313,0.82327,6.08,5.25
2011.02.08 01:56:21.823,0.82313,0.82327,5.70,5.25
2011.02.08 01:56:21.933,0.82313,0.82327,6.45,5.25
2011.02.08 01:56:25.307,0.8231,0.82323,4.69,1.50
2011.02.08 01:56:26.214,0.8231,0.82322,3.75,1.50
2011.02.08 01:56:26.865,0.8231,0.82322,3.75,1.50
2011.02.08 01:56:28.475,0.82315,0.82324,1.69,5.25
2011.02.08 01:56:29.123,0.82315,0.82327,3.75,1.50
2011.02.08 01:56:29.264,0.82317,0.8233,1.69,4.50
2011.02.08 01:56:32.682,0.82317,0.82331,5.44,4.69
2011.02.08 01:56:33.905,0.82317,0.8233,1.69,3.75
2011.02.08 01:56:40.987,0.82315,0.82327,3.19,5.25
2011.02.08 01:56:41.105,0.82315,0.82327,1.50,5.25
2011.02.08 01:56:41.768,0.82313,0.82326,2.25,5.25
2011.02.08 01:56:42.744,0.82313,0.82322,1.50,1.50
2011.02.08 01:56:42.964,0.8231,0.82322,3.75,1.50
2011.02.08 01:56:43.919,0.8231,0.82322,4.98,1.50
2011.02.08 01:56:45.135,0.8231,0.82322,4.98,1.69
2011.02.08 01:56:46.971,0.8231,0.82324,5.73,11.44
2011.02.08 01:56:47.195,0.82312,0.82324,5.25,1.50
2011.02.08 01:56:53.022,0.82313,0.82327,1.50,1.50
2011.02.08 01:56:58.063,0.82314,0.82326,1.13,1.50
2011.02.08 01:56:58.612,0.82312,0.82326,4.50,1.50
2011.02.08 01:57:26.055,0.82312,0.82325,4.50,1.69
2011.02.08 01:57:26.163,0.82312,0.82322,3.75,1.69
2011.02.08 01:57:26.274,0.8231,0.82322,3.75,1.69
2011.02.08 01:57:26.716,0.82311,0.82324,2.44,5.25
2011.02.08 01:57:27.273,0.82313,0.82326,4.50,1.50
2011.02.08 01:58:26.975,0.82312,0.82326,5.73,4.50
2011.02.08 01:58:36.875,0.82312,0.82326,6.48,1.50
2011.02.08 01:58:37.419,0.82317,0.82326,1.23,1.50
2011.02.08 01:58:37.541,0.82317,0.82332,2.91,5.44
2011.02.08 01:58:41.483,0.82319,0.82332,1.23,5.44
2011.02.08 01:58:42.034,0.82318,0.82331,2.91,4.69
2011.02.08 01:58:43.713,0.82319,0.82332,1.23,4.69
2011.02.08 01:58:44.265,0.8232,0.82332,2.44,3.75
2011.02.08 01:58:46.651,0.8232,0.82332,1.23,4.50
2011.02.08 01:58:47.205,0.82321,0.82333,1.23,5.44
2011.02.08 01:58:47.755,0.8232,0.82332,1.23,4.50
2011.02.08 01:58:52.536,0.82324,0.82334,1.23,3.94
2011.02.08 01:58:52.865,0.82327,0.82337,1.69,1.88
2011.02.08 01:58:53.195,0.82326,0.82338,1.50,1.50
2011.02.08 01:58:53.526,0.82326,0.82337,2.44,3.75
2011.02.08 01:58:54.073,0.82328,0.8234,1.98,5.18
2011.02.08 01:59:00.984,0.82326,0.82338,5.25,1.50
2011.02.08 01:59:01.425,0.82322,0.82337,2.25,5.25
2011.02.08 01:59:01.753,0.82323,0.82337,2.25,5.25
2011.02.08 01:59:02.672,0.82323,0.82335,2.25,4.50
2011.02.08 01:59:03.224,0.82323,0.82335,2.25,4.50
2011.02.08 01:59:03.554,0.82323,0.82335,2.25,4.50
2011.02.08 01:59:04.103,0.82323,0.82335,2.25,4.50
2011.02.08 01:59:04.213,0.82323,0.82334,2.25,2.44
2011.02.08 01:59:04.325,0.82319,0.82331,4.98,1.50
2011.02.08 01:59:05.974,0.82319,0.82331,1.98,1.50
2011.02.08 01:59:06.547,0.82319,0.82332,1.98,5.25
2011.02.08 01:59:07.883,0.82321,0.82332,1.50,4.50
2011.02.08 01:59:08.105,0.82321,0.82332,4.50,1.69
2011.02.08 01:59:08.433,0.82319,0.82331,1.98,1.69
2011.02.08 01:59:09.089,0.82319,0.82331,2.73,1.69
2011.02.08 01:59:09.435,0.82321,0.82336,2.25,5.25
2011.02.08 01:59:09.933,0.82321,0.82336,2.25,5.25
2011.02.08 01:59:10.636,0.8232,0.82332,5.91,1.50
2011.02.08 01:59:10.755,0.8232,0.82332,3.75,1.50
2011.02.08 01:59:11.965,0.8232,0.82332,1.23,1.50
2011.02.08 01:59:12.514,0.8232,0.82332,1.23,1.50
2011.02.08 01:59:13.073,0.8232,0.82333,1.23,6.19
2011.02.08 01:59:16.467,0.82318,0.82332,2.73,1.69
2011.02.08 01:59:44.076,0.82321,0.82333,1.50,5.25
2011.02.08 01:59:44.295,0.82322,0.82333,1.98,3.75
2011.02.08 01:59:44.514,0.82322,0.82336,6.48,6.75
2011.02.08 01:59:49.281,0.82321,0.82333,5.25,1.69
2011.02.08 01:59:49.874,0.8232,0.82333,1.98,5.44
2011.02.08 01:59:50.424,0.8232,0.82331,1.98,1.50
2011.02.08 01:59:50.976,0.82319,0.82331,1.98,1.50
