2007.09.14 13:00:00.106,1.14595,1.146,12.00,12.00
2007.09.14 13:00:00.168,1.146,1.1461,2.10,15.80
2007.09.14 13:00:00.320,1.146,1.1461,1.70,32.00
2007.09.14 13:00:00.522,1.14595,1.1461,18.60,34.90
2007.09.14 13:00:01.041,1.14595,1.1462,38.50,31.60
2007.09.14 13:00:01.148,1.14595,1.1462,38.50,31.40
2007.09.14 13:00:01.246,1.146,1.1462,8.40,23.40
2007.09.14 13:00:01.347,1.146,1.1462,1.00,19.40
2007.09.14 13:00:01.750,1.14595,1.1462,50.50,63.30
2007.09.14 13:00:01.868,1.146,1.1462,14.80,43.60
2007.09.14 13:00:01.985,1.146,1.1462,13.90,43.60
2007.09.14 13:00:02.094,1.14595,1.1462,70.50,42.80
2007.09.14 13:00:02.298,1.146,1.1462,9.30,41.80
2007.09.14 13:00:02.379,1.146,1.1462,31.10,40.90
2007.09.14 13:00:02.882,1.146,1.1462,22.60,48.80
2007.09.14 13:00:03.580,1.146,1.1462,19.60,58.40
2007.09.14 13:00:03.753,1.14595,1.1462,61.70,26.90
2007.09.14 13:00:03.838,1.14595,1.1462,45.70,26.90
2007.09.14 13:00:04.246,1.14595,1.1462,66.50,57.80
2007.09.14 13:00:04.450,1.14595,1.1462,70.50,57.80
2007.09.14 13:00:04.786,1.146,1.1462,14.20,39.60
2007.09.14 13:00:04.829,1.14595,1.1462,33.70,30.00
2007.09.14 13:00:05.080,1.14595,1.1462,33.70,31.00
2007.09.14 13:00:05.173,1.146,1.1462,18.60,60.60
2007.09.14 13:00:05.774,1.14595,1.14625,53.50,61.40
2007.09.14 13:00:06.003,1.146,1.1462,0.50,0.90
2007.09.14 13:00:06.421,1.146,1.1462,0.80,0.90
2007.09.14 13:00:06.673,1.146,1.1462,0.70,0.70
2007.09.14 13:00:06.780,1.146,1.1462,0.50,0.90
2007.09.14 13:00:06.946,1.146,1.1462,0.70,0.80
2007.09.14 13:00:07.374,1.14595,1.14625,69.70,59.40
2007.09.14 13:00:08.116,1.146,1.1462,0.50,0.80
2007.09.14 13:00:08.140,1.14595,1.14625,69.70,65.00
2007.09.14 13:00:08.227,1.146,1.1461,0.80,0.90
2007.09.14 13:00:08.897,1.1459,1.1462,49.30,47.60
2007.09.14 13:00:08.977,1.1459,1.1462,60.20,45.00
2007.09.14 13:00:09.095,1.1459,1.14615,59.10,4.80
2007.09.14 13:00:09.192,1.14585,1.1462,49.10,68.90
2007.09.14 13:00:09.305,1.1459,1.1461,0.60,0.60
2007.09.14 13:00:09.608,1.1459,1.1461,0.70,0.80
2007.09.14 13:00:09.760,1.14585,1.1462,47.20,74.30
2007.09.14 13:00:09.854,1.1459,1.146,0.90,0.80
2007.09.14 13:00:10.041,1.14585,1.1461,72.10,46.30
2007.09.14 13:00:10.664,1.14585,1.14605,46.40,1.60
2007.09.14 13:00:10.868,1.1459,1.146,0.80,0.80
2007.09.14 13:00:11.030,1.14585,1.14605,19.40,5.60
2007.09.14 13:00:11.328,1.14585,1.14605,18.60,13.60
2007.09.14 13:00:12.762,1.14585,1.1461,16.20,45.00
2007.09.14 13:00:13.056,1.1458,1.1461,50.60,49.00
2007.09.14 13:00:13.976,1.1458,1.146,40.20,0.80
2007.09.14 13:00:14.284,1.1458,1.146,41.00,0.90
2007.09.14 13:00:14.316,1.1458,1.146,33.00,0.90
2007.09.14 13:00:14.391,1.1458,1.146,33.00,0.80
2007.09.14 13:00:14.515,1.1458,1.14605,32.10,28.80
2007.09.14 13:00:14.791,1.1458,1.146,32.10,0.70
2007.09.14 13:00:15.098,1.1458,1.14605,31.70,28.00
2007.09.14 13:00:15.113,1.14585,1.14605,3.40,28.00
2007.09.14 13:00:15.208,1.14585,1.14605,3.40,59.90
2007.09.14 13:00:15.307,1.14585,1.14605,3.40,54.30
2007.09.14 13:00:15.544,1.14585,1.1459,3.40,0.80
2007.09.14 13:00:16.551,1.14585,1.14605,3.40,0.80
2007.09.14 13:00:19.342,1.14585,1.1461,3.40,62.00
2007.09.14 13:00:19.976,1.14585,1.1461,5.80,62.20
2007.09.14 13:00:20.231,1.14585,1.14605,6.60,0.50
2007.09.14 13:00:20.785,1.14585,1.14605,5.00,0.90
2007.09.14 13:00:21.147,1.1459,1.14605,12.00,0.90
2007.09.14 13:00:21.222,1.1459,1.1461,63.90,47.50
2007.09.14 13:00:24.343,1.1459,1.14605,63.90,0.70
2007.09.14 13:00:26.869,1.1459,1.14605,0.60,0.70
2007.09.14 13:00:38.820,1.1459,1.14605,5.30,2.00
2007.09.14 13:00:41.986,1.14585,1.14595,66.50,0.80
2007.09.14 13:00:42.378,1.14585,1.14605,66.50,2.00
2007.09.14 13:00:42.672,1.1459,1.146,23.80,0.80
2007.09.14 13:00:42.778,1.1459,1.146,22.20,6.40
2007.09.14 13:00:43.073,1.1459,1.146,12.10,8.00
2007.09.14 13:00:43.369,1.14585,1.146,48.70,8.20
2007.09.14 13:00:43.473,1.14585,1.146,48.70,8.00
2007.09.14 13:00:43.570,1.14585,1.14595,48.70,3.20
2007.09.14 13:00:44.237,1.14575,1.14595,54.30,3.20
2007.09.14 13:00:44.411,1.14575,1.14595,54.30,2.40
2007.09.14 13:00:44.428,1.14575,1.14595,50.30,2.40
2007.09.14 13:00:44.928,1.1458,1.14595,4.40,2.40
2007.09.14 13:00:46.153,1.1458,1.14595,18.80,2.40
2007.09.14 13:00:47.593,1.14575,1.146,51.10,13.40
2007.09.14 13:00:47.809,1.14575,1.146,51.10,11.80
2007.09.14 13:00:47.839,1.1458,1.146,11.30,11.10
2007.09.14 13:00:48.252,1.1458,1.146,18.10,9.50
2007.09.14 13:00:48.346,1.1458,1.146,2.50,56.90
2007.09.14 13:00:48.651,1.14575,1.146,56.70,56.90
2007.09.14 13:00:48.755,1.1458,1.146,17.70,56.70
2007.09.14 13:00:48.776,1.14595,1.146,0.80,56.70
2007.09.14 13:00:49.256,1.146,1.14605,4.30,2.00
2007.09.14 13:00:49.461,1.1459,1.146,15.20,51.90
2007.09.14 13:00:49.585,1.1459,1.146,1.20,51.90
2007.09.14 13:00:49.705,1.1459,1.146,2.30,34.90
2007.09.14 13:00:49.829,1.1459,1.146,2.00,34.90
2007.09.14 13:00:50.007,1.14585,1.146,19.40,12.00
2007.09.14 13:00:50.329,1.14585,1.146,20.20,8.00
2007.09.14 13:00:50.424,1.1459,1.14605,9.40,2.00
2007.09.14 13:00:50.755,1.14585,1.14605,71.30,2.00
2007.09.14 13:00:52.683,1.14585,1.14605,51.30,2.00
2007.09.14 13:00:52.731,1.1459,1.146,9.50,0.80
2007.09.14 13:00:52.792,1.1459,1.146,6.60,0.80
2007.09.14 13:00:53.054,1.14585,1.146,45.70,0.80
2007.09.14 13:00:53.808,1.1459,1.14605,6.00,2.00
2007.09.14 13:00:53.936,1.1459,1.14605,26.00,2.00
2007.09.14 13:00:54.205,1.14585,1.14605,67.30,2.00
2007.09.14 13:00:54.236,1.1459,1.14605,13.70,2.00
2007.09.14 13:00:55.586,1.1459,1.14605,0.70,2.00
2007.09.14 13:00:55.844,1.1459,1.146,13.60,0.80
2007.09.14 13:00:56.005,1.1459,1.146,37.50,0.80
2007.09.14 13:00:56.111,1.1459,1.146,33.50,0.80
2007.09.14 13:00:56.185,1.1459,1.146,34.40,0.80
2007.09.14 13:00:56.420,1.1458,1.1459,8.00,4.00
2007.09.14 13:00:56.567,1.1458,1.1459,13.60,4.00
2007.09.14 13:00:56.613,1.1458,1.1459,13.60,4.00
2007.09.14 13:00:56.778,1.1458,1.1459,15.20,4.00
2007.09.14 13:00:58.472,1.1458,1.1459,14.40,4.00
2007.09.14 13:00:58.708,1.1458,1.1459,12.80,4.00
2007.09.14 13:00:59.616,1.1458,1.1459,12.80,12.00
2007.09.14 13:01:03.335,1.1458,1.1459,12.80,13.60
2007.09.14 13:01:04.155,1.1458,1.14585,12.80,0.80
2007.09.14 13:01:04.371,1.1457,1.1458,8.00,12.00
2007.09.14 13:01:05.212,1.1457,1.1458,8.00,15.00
2007.09.14 13:01:05.289,1.1458,1.14585,8.00,0.80
2007.09.14 13:01:05.641,1.1457,1.1458,6.40,19.80
2007.09.14 13:01:05.831,1.1457,1.1458,5.60,20.60
2007.09.14 13:01:05.950,1.1457,1.1458,5.60,20.80
2007.09.14 13:01:06.010,1.1457,1.1458,12.00,20.80
2007.09.14 13:01:06.049,1.1457,1.1458,12.00,21.00
2007.09.14 13:01:06.249,1.1457,1.1458,12.00,23.80
2007.09.14 13:01:06.363,1.1457,1.1458,12.00,28.70
2007.09.14 13:01:06.461,1.1457,1.1458,12.00,14.50
2007.09.14 13:01:06.510,1.1457,1.14575,12.00,0.80
2007.09.14 13:01:06.638,1.1456,1.14575,25.50,0.80
2007.09.14 13:01:06.789,1.1456,1.1457,13.60,12.00
2007.09.14 13:01:07.151,1.14555,1.1457,21.00,12.00
2007.09.14 13:01:09.166,1.14555,1.1457,19.40,15.00
2007.09.14 13:01:09.786,1.1456,1.1457,0.90,15.80
2007.09.14 13:01:09.816,1.14555,1.1457,19.40,17.40
2007.09.14 13:01:09.881,1.14555,1.14565,19.40,0.80
2007.09.14 13:01:10.298,1.14555,1.14565,6.60,0.80
2007.09.14 13:01:10.788,1.1456,1.14565,0.80,1.60
2007.09.14 13:01:10.929,1.1455,1.1456,24.70,0.80
2007.09.14 13:01:11.248,1.1455,1.1456,24.70,8.80
2007.09.14 13:01:11.543,1.14545,1.1456,38.60,8.80
2007.09.14 13:01:12.271,1.1455,1.1456,2.10,12.80
2007.09.14 13:01:12.367,1.1455,1.1456,2.30,20.80
2007.09.14 13:01:12.686,1.1455,1.1456,1.20,32.70
2007.09.14 13:01:13.518,1.14545,1.1456,9.80,33.00
2007.09.14 13:01:13.604,1.14545,1.1456,9.80,32.80
2007.09.14 13:01:13.817,1.1455,1.1456,1.60,32.70
2007.09.14 13:01:14.238,1.14545,1.1456,9.80,36.70
2007.09.14 13:01:14.648,1.14545,1.1456,2.00,40.70
2007.09.14 13:01:15.235,1.1454,1.1456,23.20,40.70
2007.09.14 13:01:15.956,1.14545,1.1456,2.40,40.70
2007.09.14 13:01:16.088,1.14545,1.1456,3.30,44.50
2007.09.14 13:01:16.189,1.14545,1.1456,1.20,47.50
2007.09.14 13:01:16.767,1.1454,1.1456,48.80,47.50
2007.09.14 13:01:17.347,1.1454,1.1456,12.40,43.50
2007.09.14 13:01:17.559,1.14535,1.1456,13.20,43.50
2007.09.14 13:01:17.747,1.14535,1.14555,13.20,0.80
2007.09.14 13:01:18.192,1.14535,1.14555,13.00,0.80
2007.09.14 13:01:18.273,1.1454,1.14555,3.50,1.60
2007.09.14 13:01:18.468,1.14535,1.14555,39.90,1.60
2007.09.14 13:01:18.474,1.14535,1.1455,39.90,11.80
2007.09.14 13:01:18.579,1.1454,1.1455,14.30,11.80
2007.09.14 13:01:18.676,1.14535,1.1455,37.50,11.80
2007.09.14 13:01:19.005,1.1454,1.1455,1.50,11.80
2007.09.14 13:01:19.203,1.1455,1.14555,0.80,2.40
2007.09.14 13:01:19.598,1.1454,1.1456,23.90,64.30
2007.09.14 13:01:19.750,1.1454,1.1455,16.40,19.90
2007.09.14 13:01:20.052,1.14545,1.1455,4.80,23.90
2007.09.14 13:01:20.140,1.14545,1.1455,5.00,31.90
2007.09.14 13:01:20.429,1.14545,1.1455,1.60,31.90
2007.09.14 13:01:20.465,1.14545,1.1455,0.60,31.90
2007.09.14 13:01:20.664,1.1454,1.1455,8.00,47.90
2007.09.14 13:01:20.834,1.1453,1.1455,49.00,47.90
2007.09.14 13:01:21.082,1.1453,1.1455,48.50,51.90
2007.09.14 13:01:21.346,1.1453,1.1455,13.40,63.90
2007.09.14 13:01:21.506,1.1453,1.1455,50.30,12.00
2007.09.14 13:01:21.709,1.1453,1.1455,45.50,12.00
2007.09.14 13:01:21.759,1.1453,1.1454,28.00,8.80
2007.09.14 13:01:22.223,1.1453,1.1454,11.00,8.80
2007.09.14 13:01:22.367,1.14525,1.1454,35.70,8.80
2007.09.14 13:01:22.680,1.1453,1.1454,9.00,8.80
2007.09.14 13:01:22.820,1.1453,1.1454,9.80,8.80
2007.09.14 13:01:23.199,1.14535,1.1454,2.30,8.80
2007.09.14 13:01:23.606,1.1454,1.1455,1.50,23.10
2007.09.14 13:01:23.708,1.14535,1.1455,10.60,29.50
2007.09.14 13:01:23.966,1.14535,1.1455,10.60,28.70
2007.09.14 13:01:24.316,1.1454,1.1455,3.20,8.00
2007.09.14 13:01:24.916,1.14535,1.1455,17.80,8.00
2007.09.14 13:01:25.472,1.14535,1.1455,17.80,9.60
2007.09.14 13:01:25.672,1.1454,1.1455,4.50,8.00
2007.09.14 13:01:25.783,1.14535,1.1455,13.00,12.00
2007.09.14 13:01:26.194,1.1454,1.1455,0.70,0.70
2007.09.14 13:01:26.480,1.1454,1.1455,0.80,0.70
2007.09.14 13:01:26.706,1.1453,1.1454,32.00,0.80
2007.09.14 13:01:26.810,1.1454,1.1455,0.60,13.60
2007.09.14 13:01:27.317,1.1453,1.1454,0.70,0.80
2007.09.14 13:01:27.437,1.1453,1.1454,0.50,0.80
2007.09.14 13:01:27.636,1.14525,1.1455,53.80,67.90
2007.09.14 13:01:27.941,1.14525,1.1455,54.60,66.30
2007.09.14 13:01:28.036,1.14525,1.1455,17.30,51.10
2007.09.14 13:01:28.070,1.1453,1.1454,0.90,0.60
2007.09.14 13:01:28.146,1.1453,1.1454,0.90,0.50
2007.09.14 13:01:28.523,1.14525,1.1455,14.10,53.50
2007.09.14 13:01:28.732,1.1453,1.1454,0.60,0.60
2007.09.14 13:01:29.270,1.14525,1.14555,49.00,36.80
2007.09.14 13:01:29.290,1.14525,1.14555,49.00,36.80
2007.09.14 13:01:29.434,1.14525,1.14555,49.00,60.70
2007.09.14 13:01:29.831,1.14525,1.14555,49.40,60.70
2007.09.14 13:01:29.952,1.14525,1.14555,49.60,60.70
2007.09.14 13:01:30.257,1.14525,1.14555,50.90,59.90
2007.09.14 13:01:30.366,1.1453,1.1455,0.70,0.60
2007.09.14 13:01:31.306,1.1453,1.1455,0.50,0.60
2007.09.14 13:01:32.033,1.14525,1.14555,52.00,58.30
2007.09.14 13:01:33.889,1.1453,1.1455,0.70,0.50
2007.09.14 13:01:34.165,1.1453,1.1455,0.90,0.90
2007.09.14 13:01:34.607,1.1453,1.1454,0.80,0.70
2007.09.14 13:01:34.626,1.14525,1.1455,41.80,73.50
2007.09.14 13:01:34.700,1.1452,1.1455,56.90,48.60
2007.09.14 13:01:34.870,1.14525,1.1455,37.70,76.10
2007.09.14 13:01:34.910,1.1454,1.1455,0.70,56.60
2007.09.14 13:01:35.014,1.1454,1.1455,0.50,55.00
2007.09.14 13:01:35.324,1.14535,1.1454,2.40,0.50
2007.09.14 13:01:35.560,1.14535,1.1454,2.40,0.90
2007.09.14 13:01:35.648,1.14535,1.14545,2.40,11.70
2007.09.14 13:01:35.844,1.1454,1.14545,4.80,10.20
2007.09.14 13:01:35.876,1.14535,1.1454,2.40,0.60
2007.09.14 13:01:36.060,1.14535,1.1454,5.80,0.90
2007.09.14 13:01:36.577,1.14535,1.1454,5.80,0.50
2007.09.14 13:01:36.791,1.1454,1.1455,4.80,0.60
2007.09.14 13:01:36.993,1.1454,1.1455,4.80,0.60
2007.09.14 13:01:37.338,1.1454,1.14555,4.80,32.50
2007.09.14 13:01:39.053,1.1454,1.14555,0.80,32.50
2007.09.14 13:01:39.371,1.14535,1.1455,0.80,0.60
2007.09.14 13:01:39.672,1.1454,1.14555,0.80,38.90
2007.09.14 13:01:39.982,1.14535,1.1454,0.80,0.80
2007.09.14 13:01:40.081,1.1453,1.1455,14.60,47.70
2007.09.14 13:01:40.183,1.1453,1.1455,10.60,51.70
2007.09.14 13:01:40.229,1.1453,1.1454,9.30,0.70
2007.09.14 13:01:40.368,1.1453,1.1454,8.50,0.90
2007.09.14 13:01:40.720,1.1453,1.1455,8.50,52.50
2007.09.14 13:01:40.820,1.1453,1.1455,8.50,52.50
2007.09.14 13:01:41.218,1.1453,1.1454,8.50,0.80
2007.09.14 13:01:41.332,1.1453,1.1454,8.50,0.60
2007.09.14 13:01:41.548,1.1453,1.14545,6.00,16.00
2007.09.14 13:01:42.008,1.1452,1.14545,9.60,51.70
2007.09.14 13:01:42.354,1.1452,1.14545,11.20,51.70
2007.09.14 13:01:42.910,1.1452,1.14545,41.30,69.00
2007.09.14 13:01:42.941,1.1452,1.14545,41.30,70.60
2007.09.14 13:01:43.227,1.1452,1.14545,41.30,70.60
2007.09.14 13:01:43.406,1.1452,1.14545,41.30,71.40
2007.09.14 13:01:44.205,1.1452,1.1455,41.30,77.80
2007.09.14 13:01:44.267,1.1452,1.1455,38.30,79.10
2007.09.14 13:01:44.359,1.1452,1.1455,38.30,79.70
2007.09.14 13:01:44.486,1.1452,1.1453,6.40,0.70
2007.09.14 13:01:44.522,1.1452,1.1453,6.40,0.90
2007.09.14 13:01:44.709,1.14515,1.1452,0.80,0.80
2007.09.14 13:01:44.854,1.1451,1.1453,29.70,27.80
2007.09.14 13:01:44.898,1.1451,1.1453,13.80,43.70
2007.09.14 13:01:45.402,1.1451,1.1452,51.70,0.70
2007.09.14 13:01:45.614,1.1451,1.1453,31.80,43.40
2007.09.14 13:01:45.816,1.1451,1.1453,4.00,48.20
2007.09.14 13:01:46.736,1.1451,1.1452,4.00,0.70
2007.09.14 13:01:47.252,1.1451,1.1453,4.00,51.10
2007.09.14 13:01:47.347,1.1451,1.1453,4.00,73.70
2007.09.14 13:01:47.392,1.1451,1.14525,4.00,61.30
2007.09.14 13:01:47.481,1.145,1.14525,46.00,65.30
2007.09.14 13:01:47.673,1.145,1.1452,46.00,0.80
2007.09.14 13:01:47.788,1.145,1.1451,44.40,0.50
2007.09.14 13:01:48.192,1.145,1.1452,5.00,54.90
2007.09.14 13:01:51.013,1.145,1.1451,6.60,0.70
2007.09.14 13:01:51.252,1.14505,1.1451,5.00,0.60
2007.09.14 13:01:51.415,1.14505,1.1451,5.80,0.70
2007.09.14 13:01:52.087,1.14505,1.1451,6.60,0.60
2007.09.14 13:01:52.570,1.14505,1.1451,6.60,0.80
2007.09.14 13:01:52.734,1.14515,1.1452,1.60,45.50
2007.09.14 13:01:52.790,1.14515,1.1452,4.00,45.80
2007.09.14 13:01:52.969,1.1451,1.1452,4.00,36.60
2007.09.14 13:01:53.369,1.1451,1.1452,4.00,30.30
2007.09.14 13:01:53.569,1.1452,1.1453,4.80,26.00
2007.09.14 13:01:53.616,1.1452,1.1453,4.80,39.70
2007.09.14 13:01:53.972,1.1452,1.1453,4.80,38.10
2007.09.14 13:01:54.002,1.1452,1.1453,4.80,19.10
2007.09.14 13:01:54.289,1.1452,1.1453,4.80,11.90
2007.09.14 13:01:54.518,1.1452,1.1454,39.70,69.00
2007.09.14 13:01:54.626,1.1452,1.1454,39.70,66.40
2007.09.14 13:01:54.725,1.1452,1.1454,40.40,66.00
2007.09.14 13:01:54.937,1.1452,1.1454,40.40,69.00
2007.09.14 13:01:55.052,1.1452,1.1453,5.50,11.90
2007.09.14 13:01:55.313,1.1452,1.1454,5.50,53.10
2007.09.14 13:01:55.441,1.1452,1.1453,5.50,0.90
2007.09.14 13:01:56.457,1.1452,1.1454,7.10,53.10
2007.09.14 13:01:56.800,1.1452,1.1454,42.00,68.60
2007.09.14 13:01:56.862,1.14525,1.1453,5.80,0.50
2007.09.14 13:01:56.939,1.1453,1.1454,0.40,65.70
2007.09.14 13:01:56.994,1.1453,1.1454,1.10,64.60
2007.09.14 13:01:57.016,1.1453,1.1454,1.60,64.60
2007.09.14 13:01:57.115,1.1453,1.1454,1.90,61.00
2007.09.14 13:01:57.429,1.1453,1.1454,2.40,41.00
2007.09.14 13:01:57.587,1.1453,1.1454,2.40,0.70
2007.09.14 13:01:57.637,1.1453,1.1454,2.80,0.70
2007.09.14 13:01:57.748,1.1453,1.1455,3.50,50.90
2007.09.14 13:01:57.794,1.1453,1.1455,3.50,50.10
2007.09.14 13:01:57.851,1.1453,1.1455,38.40,42.20
2007.09.14 13:01:58.582,1.1453,1.1455,37.50,70.10
2007.09.14 13:01:58.677,1.1453,1.1455,38.30,70.10
2007.09.14 13:01:58.719,1.1453,1.1455,42.30,0.70
2007.09.14 13:01:58.846,1.1453,1.1455,7.40,47.70
2007.09.14 13:01:58.926,1.1453,1.1455,7.40,50.10
2007.09.14 13:01:59.172,1.1453,1.1454,7.00,0.90
2007.09.14 13:01:59.268,1.1453,1.1455,6.70,51.10
2007.09.14 13:01:59.475,1.1453,1.1455,6.30,51.10
2007.09.14 13:02:00.229,1.1453,1.1455,6.10,51.10
2007.09.14 13:02:00.317,1.1453,1.1455,5.70,51.10
2007.09.14 13:02:01.354,1.1453,1.1454,5.60,0.80
2007.09.14 13:02:01.571,1.1453,1.1455,6.40,52.70
2007.09.14 13:02:01.982,1.1453,1.1454,6.40,0.90
2007.09.14 13:02:02.757,1.1453,1.1455,5.60,52.70
2007.09.14 13:02:04.176,1.1453,1.1455,4.80,52.70
2007.09.14 13:02:04.277,1.1453,1.1455,4.80,51.70
2007.09.14 13:02:05.087,1.1453,1.1455,4.90,50.10
2007.09.14 13:02:05.597,1.1453,1.1454,5.30,0.70
2007.09.14 13:02:06.624,1.1453,1.1454,6.90,0.50
2007.09.14 13:02:06.725,1.1454,1.1455,0.80,45.40
2007.09.14 13:02:06.935,1.1454,1.1455,4.80,41.20
2007.09.14 13:02:07.580,1.1454,1.1455,4.80,41.60
2007.09.14 13:02:08.250,1.1454,1.1455,5.60,41.40
2007.09.14 13:02:08.875,1.1454,1.1455,18.20,0.90
2007.09.14 13:02:09.173,1.1454,1.1455,15.40,0.50
2007.09.14 13:02:09.907,1.1454,1.1455,25.10,0.60
2007.09.14 13:02:09.985,1.1454,1.1455,21.10,0.60
2007.09.14 13:02:10.404,1.14545,1.1455,4.20,0.50
2007.09.14 13:02:10.874,1.14545,1.1456,4.20,0.60
2007.09.14 13:02:11.239,1.14545,1.1456,5.80,0.90
2007.09.14 13:02:11.308,1.14545,1.1456,5.80,0.80
2007.09.14 13:02:11.426,1.1455,1.14565,4.00,16.00
2007.09.14 13:02:12.249,1.1454,1.1456,45.40,0.50
2007.09.14 13:02:12.650,1.1454,1.1456,46.20,0.50
2007.09.14 13:02:12.775,1.1454,1.14565,45.40,27.90
2007.09.14 13:02:12.807,1.1454,1.1456,47.00,0.60
2007.09.14 13:02:12.893,1.1454,1.14565,46.40,26.30
2007.09.14 13:02:12.979,1.1454,1.14565,45.90,26.30
2007.09.14 13:02:13.191,1.1454,1.14565,41.90,26.30
2007.09.14 13:02:13.302,1.1454,1.14565,39.80,26.30
2007.09.14 13:02:13.597,1.1454,1.14565,39.80,26.40
2007.09.14 13:02:13.662,1.1454,1.1455,30.20,0.90
2007.09.14 13:02:13.812,1.1454,1.1455,27.90,0.50
2007.09.14 13:02:13.831,1.1454,1.1456,27.10,26.40
2007.09.14 13:02:13.912,1.1454,1.1456,19.10,50.60
2007.09.14 13:02:14.132,1.1454,1.1456,10.40,61.30
2007.09.14 13:02:14.529,1.1454,1.14555,6.40,55.90
2007.09.14 13:02:14.676,1.1453,1.14555,51.80,59.90
2007.09.14 13:02:14.984,1.1453,1.1454,43.80,0.80
2007.09.14 13:02:15.094,1.1453,1.1455,43.80,61.50
2007.09.14 13:02:15.706,1.1453,1.1454,42.20,0.90
2007.09.14 13:02:16.111,1.1453,1.1455,43.80,66.10
2007.09.14 13:02:16.393,1.1453,1.1455,43.40,66.10
2007.09.14 13:02:16.609,1.1453,1.1455,43.10,66.10
2007.09.14 13:02:17.144,1.1453,1.1454,41.50,0.70
2007.09.14 13:02:17.312,1.1453,1.1454,41.00,0.70
2007.09.14 13:02:17.661,1.1453,1.1454,42.60,0.50
2007.09.14 13:02:18.143,1.1453,1.1455,42.70,65.50
2007.09.14 13:02:18.677,1.1453,1.1455,41.10,68.70
2007.09.14 13:02:18.976,1.1453,1.1454,28.60,0.50
2007.09.14 13:02:19.578,1.1453,1.1454,28.70,0.60
2007.09.14 13:02:19.739,1.1453,1.1455,28.30,30.30
2007.09.14 13:02:20.316,1.1453,1.1455,29.00,30.30
2007.09.14 13:02:21.277,1.1453,1.14545,29.00,10.40
2007.09.14 13:02:21.375,1.1453,1.14545,27.70,10.40
2007.09.14 13:02:21.867,1.1453,1.1454,27.00,0.90
2007.09.14 13:02:22.189,1.1453,1.14545,27.00,16.60
2007.09.14 13:02:22.283,1.1453,1.14545,27.00,18.20
2007.09.14 13:02:22.332,1.1453,1.1454,27.00,0.70
2007.09.14 13:02:22.643,1.1453,1.14545,27.00,21.40
2007.09.14 13:02:22.706,1.1452,1.1453,9.60,0.70
2007.09.14 13:02:23.020,1.1453,1.1454,23.00,22.20
2007.09.14 13:02:23.034,1.1453,1.1454,20.00,22.20
2007.09.14 13:02:23.120,1.1453,1.1454,20.00,20.50
2007.09.14 13:02:23.425,1.1453,1.1454,16.00,20.50
2007.09.14 13:02:23.649,1.1453,1.1454,12.00,22.40
2007.09.14 13:02:23.656,1.1453,1.1454,12.00,20.80
2007.09.14 13:02:23.737,1.1453,1.1454,4.00,20.80
2007.09.14 13:02:24.159,1.1452,1.1454,27.80,32.70
2007.09.14 13:02:24.249,1.1452,1.1454,27.80,33.20
2007.09.14 13:02:24.678,1.1452,1.1454,39.70,68.80
2007.09.14 13:02:24.857,1.1452,1.1454,41.30,67.20
2007.09.14 13:02:24.908,1.1452,1.1454,41.30,66.80
2007.09.14 13:02:26.205,1.1452,1.1454,42.90,66.80
2007.09.14 13:02:26.341,1.1452,1.1454,42.90,66.90
2007.09.14 13:02:26.478,1.14525,1.1454,5.80,66.90
2007.09.14 13:02:27.045,1.14525,1.1454,5.80,66.40
2007.09.14 13:02:27.173,1.14525,1.1454,5.80,69.40
2007.09.14 13:02:27.236,1.1453,1.1454,4.00,65.40
2007.09.14 13:02:27.254,1.1453,1.1454,4.00,61.40
2007.09.14 13:02:27.460,1.1453,1.1454,4.00,45.40
2007.09.14 13:02:28.043,1.1453,1.1454,4.00,45.80
2007.09.14 13:02:28.427,1.1453,1.1454,4.60,45.80
2007.09.14 13:02:28.897,1.1453,1.1454,4.00,39.00
2007.09.14 13:02:28.940,1.1453,1.1454,4.00,39.00
2007.09.14 13:02:29.375,1.14525,1.1453,2.40,6.60
2007.09.14 13:02:29.449,1.14525,1.1453,2.40,18.30
2007.09.14 13:02:29.659,1.14525,1.1453,0.80,18.30
2007.09.14 13:02:29.986,1.14525,1.1453,0.80,2.40
2007.09.14 13:02:30.220,1.1452,1.1454,42.30,64.90
2007.09.14 13:02:30.228,1.1452,1.1454,42.30,74.50
2007.09.14 13:02:30.590,1.1452,1.1453,6.40,15.90
2007.09.14 13:02:32.575,1.1452,1.1453,8.00,15.90
2007.09.14 13:02:32.683,1.1453,1.1454,4.00,38.00
2007.09.14 13:02:34.152,1.1453,1.1454,4.00,37.30
2007.09.14 13:02:34.355,1.1453,1.1454,4.00,59.90
2007.09.14 13:02:34.526,1.1453,1.1454,4.00,61.50
2007.09.14 13:02:34.624,1.1452,1.1454,45.50,73.50
2007.09.14 13:02:34.810,1.1452,1.1453,43.90,1.60
2007.09.14 13:02:34.982,1.1452,1.1454,43.90,73.50
2007.09.14 13:02:35.035,1.1452,1.1454,40.70,65.50
2007.09.14 13:02:35.539,1.1452,1.1454,40.70,65.80
2007.09.14 13:02:36.981,1.1452,1.1454,40.70,66.20
2007.09.14 13:02:37.190,1.1452,1.1454,40.70,65.80
2007.09.14 13:02:37.488,1.1452,1.1454,40.70,68.20
2007.09.14 13:02:39.052,1.1452,1.1454,40.70,67.60
2007.09.14 13:02:39.150,1.1452,1.1454,42.30,67.60
2007.09.14 13:02:39.295,1.14525,1.1454,1.60,67.60
2007.09.14 13:02:39.764,1.14525,1.1454,1.60,75.60
2007.09.14 13:02:40.091,1.14525,1.1454,1.60,76.80
2007.09.14 13:02:40.173,1.14525,1.1454,1.60,78.40
2007.09.14 13:02:40.189,1.14525,1.1454,1.60,31.50
2007.09.14 13:02:40.283,1.14525,1.1453,1.60,8.00
2007.09.14 13:02:40.934,1.1452,1.1453,23.80,8.00
2007.09.14 13:02:42.627,1.1452,1.1453,25.40,8.00
2007.09.14 13:02:42.735,1.1453,1.1454,4.00,36.90
2007.09.14 13:02:42.893,1.1453,1.1454,4.00,46.40
2007.09.14 13:02:43.501,1.1453,1.1454,4.00,50.30
2007.09.14 13:02:44.014,1.1453,1.1454,4.00,49.70
2007.09.14 13:02:44.052,1.1453,1.14545,4.00,50.50
2007.09.14 13:02:44.131,1.1453,1.14545,4.00,50.80
2007.09.14 13:02:45.995,1.1453,1.1454,4.00,0.80
2007.09.14 13:02:46.141,1.1453,1.14545,4.00,52.10
2007.09.14 13:02:46.249,1.14525,1.1454,2.40,0.50
2007.09.14 13:02:46.305,1.14525,1.14545,2.40,60.10
2007.09.14 13:02:46.507,1.14525,1.14545,2.40,60.60
2007.09.14 13:02:46.657,1.14525,1.1454,2.40,0.90
2007.09.14 13:02:46.718,1.14525,1.14545,2.40,75.00
2007.09.14 13:02:47.250,1.14525,1.1454,2.40,0.80
2007.09.14 13:02:47.344,1.1452,1.14545,34.40,75.80
2007.09.14 13:02:47.831,1.1452,1.14545,42.30,75.80
2007.09.14 13:02:48.709,1.1452,1.14545,43.90,75.80
2007.09.14 13:02:48.788,1.1453,1.1454,4.00,0.90
2007.09.14 13:02:49.083,1.1453,1.1454,4.00,0.90
2007.09.14 13:02:50.138,1.1453,1.14545,8.00,20.30
2007.09.14 13:02:50.838,1.1453,1.1455,8.00,59.20
2007.09.14 13:02:50.955,1.1453,1.1454,8.00,0.80
2007.09.14 13:02:51.076,1.1453,1.1455,8.00,51.70
2007.09.14 13:02:52.100,1.1453,1.1455,5.70,50.10
2007.09.14 13:02:52.129,1.14535,1.1454,3.40,0.70
2007.09.14 13:02:52.213,1.1454,1.1455,0.80,45.30
2007.09.14 13:02:52.415,1.1454,1.1455,2.50,41.30
2007.09.14 13:02:52.736,1.1454,1.14555,2.50,41.50
2007.09.14 13:02:52.753,1.1454,1.14555,2.50,39.10
2007.09.14 13:02:52.828,1.1454,1.1455,3.30,0.80
2007.09.14 13:02:53.039,1.1454,1.14555,3.30,31.10
2007.09.14 13:02:53.138,1.1454,1.14555,1.60,31.10
2007.09.14 13:02:53.155,1.1454,1.1455,5.60,0.60
2007.09.14 13:02:53.254,1.1454,1.14555,4.80,11.20
2007.09.14 13:02:53.551,1.1454,1.14555,4.80,11.20
2007.09.14 13:02:54.149,1.1454,1.14555,4.80,11.20
2007.09.14 13:02:54.888,1.1454,1.1455,4.80,0.80
2007.09.14 13:02:54.985,1.1454,1.14555,4.00,14.40
2007.09.14 13:02:55.090,1.14535,1.1455,3.40,0.60
2007.09.14 13:02:55.267,1.1453,1.1455,32.40,0.90
2007.09.14 13:02:55.912,1.1453,1.1455,38.40,0.80
2007.09.14 13:02:56.012,1.1453,1.14555,38.50,58.30
2007.09.14 13:02:56.137,1.1453,1.1455,38.50,0.50
2007.09.14 13:02:56.746,1.1453,1.14555,37.40,62.30
2007.09.14 13:02:58.300,1.1453,1.1455,37.40,0.70
2007.09.14 13:02:58.450,1.1453,1.14555,38.20,62.30
2007.09.14 13:02:58.553,1.14535,1.14555,5.80,62.30
2007.09.14 13:02:58.593,1.1454,1.1455,0.80,0.60
2007.09.14 13:02:58.793,1.1454,1.14555,0.80,58.30
2007.09.14 13:02:59.272,1.1454,1.1455,12.80,0.60
2007.09.14 13:03:00.856,1.1454,1.1455,8.80,0.60
2007.09.14 13:03:00.986,1.1454,1.1455,11.80,0.50
2007.09.14 13:03:01.322,1.1454,1.14555,12.60,10.40
2007.09.14 13:03:03.434,1.1454,1.1455,11.80,0.90
2007.09.14 13:03:04.205,1.1454,1.14555,15.80,10.40
2007.09.14 13:03:04.528,1.1454,1.14555,12.80,10.40
2007.09.14 13:03:04.669,1.1454,1.14555,14.40,10.40
2007.09.14 13:03:04.736,1.1454,1.1455,15.20,0.60
2007.09.14 13:03:05.035,1.1454,1.1455,43.10,0.90
2007.09.14 13:03:05.069,1.1454,1.14555,52.70,0.70
2007.09.14 13:03:05.154,1.1454,1.1456,60.70,56.10
2007.09.14 13:03:05.214,1.1454,1.1456,59.90,56.10
2007.09.14 13:03:05.382,1.1454,1.14555,51.90,10.40
2007.09.14 13:03:05.696,1.1454,1.14555,51.10,10.40
2007.09.14 13:03:05.789,1.1454,1.14555,30.20,10.40
2007.09.14 13:03:05.875,1.1454,1.14555,29.40,10.40
2007.09.14 13:03:06.189,1.1454,1.14555,27.80,10.40
2007.09.14 13:03:06.775,1.1454,1.1455,23.80,0.80
2007.09.14 13:03:07.529,1.1454,1.1456,25.40,33.30
2007.09.14 13:03:07.835,1.1454,1.14555,25.40,10.40
2007.09.14 13:03:08.065,1.1454,1.1455,22.40,0.90
2007.09.14 13:03:08.158,1.1454,1.1455,34.30,0.90
2007.09.14 13:03:08.387,1.1454,1.1455,38.30,0.90
2007.09.14 13:03:08.672,1.1454,1.1455,22.40,0.90
2007.09.14 13:03:09.296,1.1454,1.1456,22.40,32.90
2007.09.14 13:03:09.315,1.1454,1.1456,38.30,71.90
2007.09.14 13:03:10.731,1.1454,1.14555,38.30,10.40
2007.09.14 13:03:10.870,1.1454,1.1455,26.40,0.90
2007.09.14 13:03:11.480,1.1454,1.14555,22.40,10.40
2007.09.14 13:03:11.994,1.1454,1.14555,14.40,10.40
2007.09.14 13:03:12.773,1.1454,1.14555,12.80,10.40
2007.09.14 13:03:13.701,1.1455,1.1456,4.00,40.50
2007.09.14 13:03:14.793,1.1455,1.14555,8.00,0.90
2007.09.14 13:03:15.130,1.1455,1.14555,4.00,0.90
2007.09.14 13:03:15.462,1.1454,1.1455,48.70,0.60
2007.09.14 13:03:16.145,1.1454,1.1455,52.70,0.50
2007.09.14 13:03:16.230,1.1454,1.1455,28.80,0.70
2007.09.14 13:03:16.348,1.1454,1.14555,35.90,14.40
2007.09.14 13:03:16.553,1.1454,1.1455,31.90,0.60
2007.09.14 13:03:16.647,1.1453,1.14555,43.10,58.30
2007.09.14 13:03:17.180,1.1453,1.1455,43.00,0.70
2007.09.14 13:03:21.632,1.1453,1.14555,41.40,59.90
2007.09.14 13:03:21.739,1.1453,1.1455,41.40,58.30
2007.09.14 13:03:22.261,1.1453,1.1455,41.40,65.50
2007.09.14 13:03:22.457,1.1453,1.1454,40.60,0.50
2007.09.14 13:03:22.683,1.1453,1.1455,4.90,52.50
2007.09.14 13:03:23.487,1.1453,1.1455,4.10,54.10
2007.09.14 13:03:23.686,1.1453,1.1455,4.10,54.10
2007.09.14 13:03:23.781,1.1453,1.1455,4.00,54.10
2007.09.14 13:03:24.196,1.14525,1.14545,2.40,37.50
2007.09.14 13:03:24.223,1.14525,1.14545,2.40,41.50
2007.09.14 13:03:24.293,1.14525,1.1455,2.40,63.90
2007.09.14 13:03:24.406,1.14525,1.1455,2.40,78.20
2007.09.14 13:03:24.508,1.14525,1.1455,2.40,78.20
2007.09.14 13:03:24.739,1.14525,1.1454,2.40,0.70
2007.09.14 13:03:24.905,1.1452,1.1454,32.60,0.90
2007.09.14 13:03:24.925,1.1452,1.1454,40.50,0.90
2007.09.14 13:03:25.050,1.1452,1.14545,40.50,70.20
2007.09.14 13:03:25.121,1.1452,1.14545,43.70,68.60
2007.09.14 13:03:25.180,1.1452,1.1455,43.70,77.40
2007.09.14 13:03:25.429,1.1452,1.1455,44.50,77.40
2007.09.14 13:03:25.584,1.1452,1.1454,44.50,0.80
2007.09.14 13:03:25.790,1.14525,1.1455,5.80,75.90
2007.09.14 13:03:26.249,1.14525,1.1455,5.80,51.00
2007.09.14 13:03:26.341,1.14525,1.14545,5.80,45.30
2007.09.14 13:03:26.513,1.1452,1.1454,13.60,0.90
2007.09.14 13:03:26.563,1.1452,1.14545,12.80,45.30
2007.09.14 13:03:26.876,1.1453,1.1455,4.00,54.90
2007.09.14 13:03:26.894,1.1453,1.1454,4.00,0.70
2007.09.14 13:03:26.964,1.1452,1.1454,12.80,0.50
2007.09.14 13:03:27.081,1.1452,1.1455,11.20,61.20
2007.09.14 13:03:27.109,1.1452,1.1455,11.20,60.80
2007.09.14 13:03:27.228,1.1452,1.1455,11.20,61.60
2007.09.14 13:03:27.283,1.1452,1.1455,12.80,61.60
2007.09.14 13:03:27.304,1.1452,1.1455,35.00,77.20
2007.09.14 13:03:27.326,1.14525,1.1454,5.80,0.50
2007.09.14 13:03:27.409,1.14525,1.1455,5.80,75.90
2007.09.14 13:03:27.627,1.14525,1.1455,5.80,75.10
2007.09.14 13:03:27.668,1.14525,1.1455,8.20,75.10
2007.09.14 13:03:27.812,1.1453,1.1455,4.00,71.10
2007.09.14 13:03:28.066,1.1453,1.1455,4.00,70.10
2007.09.14 13:03:28.482,1.1453,1.1455,4.00,54.10
2007.09.14 13:03:28.600,1.1453,1.1454,4.00,0.90
2007.09.14 13:03:28.708,1.1453,1.1455,4.00,55.10
2007.09.14 13:03:28.850,1.1453,1.1454,4.00,0.60
2007.09.14 13:03:28.925,1.1453,1.1454,6.90,0.80
2007.09.14 13:03:29.154,1.1453,1.1454,6.80,0.70
2007.09.14 13:03:29.267,1.1453,1.1454,6.80,0.90
2007.09.14 13:03:31.084,1.1453,1.1455,6.80,55.10
2007.09.14 13:03:32.486,1.1453,1.1455,3.90,54.30
2007.09.14 13:03:32.586,1.1453,1.14545,3.90,38.30
2007.09.14 13:03:32.610,1.1453,1.1454,3.90,0.50
2007.09.14 13:03:32.889,1.1453,1.14545,3.90,38.30
2007.09.14 13:03:33.023,1.1453,1.14545,3.90,39.90
2007.09.14 13:03:33.143,1.1453,1.1455,4.40,54.30
2007.09.14 13:03:33.250,1.1453,1.1455,3.90,54.60
2007.09.14 13:03:33.359,1.1453,1.1454,3.90,0.60
2007.09.14 13:03:33.466,1.1453,1.1455,3.90,55.60
2007.09.14 13:03:33.521,1.1453,1.14545,3.90,40.40
2007.09.14 13:03:33.553,1.1453,1.14545,3.90,36.80
2007.09.14 13:03:33.690,1.1453,1.14545,5.50,35.10
2007.09.14 13:03:33.793,1.1453,1.1455,5.50,53.30
2007.09.14 13:03:33.914,1.1453,1.1454,4.50,0.90
2007.09.14 13:03:34.108,1.1453,1.14545,3.90,33.80
2007.09.14 13:03:34.252,1.1453,1.14545,3.90,34.60
2007.09.14 13:03:34.322,1.1453,1.14545,3.90,38.60
2007.09.14 13:03:34.872,1.1453,1.1454,3.90,39.60
2007.09.14 13:03:34.895,1.1453,1.1454,3.90,38.80
2007.09.14 13:03:35.065,1.1453,1.1454,3.90,37.90
2007.09.14 13:03:35.184,1.1453,1.1454,3.90,38.70
2007.09.14 13:03:35.416,1.1453,1.1454,3.90,36.70
2007.09.14 13:03:35.468,1.1453,1.1454,3.90,37.50
2007.09.14 13:03:35.609,1.1453,1.1454,3.90,33.50
2007.09.14 13:03:35.839,1.1453,1.1454,3.90,39.90
2007.09.14 13:03:35.933,1.1453,1.1454,3.90,40.20
2007.09.14 13:03:36.026,1.1453,1.1454,3.90,43.20
2007.09.14 13:03:36.070,1.1453,1.1454,3.90,44.00
2007.09.14 13:03:36.963,1.1453,1.1454,3.90,43.60
2007.09.14 13:03:37.166,1.1453,1.1454,3.90,42.80
2007.09.14 13:03:38.725,1.14525,1.1453,5.80,8.00
2007.09.14 13:03:39.342,1.1452,1.1453,10.30,8.00
2007.09.14 13:03:39.655,1.1452,1.1453,11.90,8.00
2007.09.14 13:03:39.963,1.1452,1.1453,10.30,8.00
2007.09.14 13:03:40.181,1.1452,1.1453,6.30,27.90
2007.09.14 13:03:45.191,1.1452,1.1453,6.30,19.90
2007.09.14 13:03:45.393,1.1452,1.1453,4.70,19.90
2007.09.14 13:03:45.611,1.1452,1.1453,6.30,19.90
2007.09.14 13:03:45.756,1.14525,1.1453,0.80,19.90
2007.09.14 13:03:46.475,1.14525,1.1453,0.80,11.90
2007.09.14 13:03:46.570,1.14525,1.1453,5.80,11.90
2007.09.14 13:03:46.815,1.14525,1.1454,5.80,44.30
2007.09.14 13:03:46.877,1.1453,1.1454,3.90,40.30
2007.09.14 13:03:47.235,1.1453,1.1454,3.90,62.80
2007.09.14 13:03:47.752,1.1453,1.1454,3.90,62.70
2007.09.14 13:03:47.854,1.1453,1.1454,3.90,62.80
2007.09.14 13:03:47.976,1.1453,1.1454,3.90,37.90
2007.09.14 13:03:48.072,1.1453,1.1454,3.90,45.80
2007.09.14 13:03:48.409,1.1453,1.1454,3.90,39.70
2007.09.14 13:03:49.193,1.1453,1.1454,3.90,36.70
2007.09.14 13:03:49.836,1.1453,1.1454,5.00,36.70
2007.09.14 13:03:50.054,1.1453,1.1454,5.30,36.70
2007.09.14 13:03:50.278,1.1453,1.1454,4.60,36.70
2007.09.14 13:03:50.470,1.1453,1.1454,4.40,36.70
2007.09.14 13:03:50.576,1.1453,1.1454,3.90,36.70
2007.09.14 13:03:50.767,1.1453,1.1454,3.90,35.90
2007.09.14 13:03:50.861,1.1453,1.1454,3.90,27.90
2007.09.14 13:03:51.211,1.1453,1.1454,4.40,27.90
2007.09.14 13:03:51.440,1.1453,1.1454,3.90,23.90
2007.09.14 13:03:51.546,1.1453,1.1454,4.20,11.90
2007.09.14 13:03:51.642,1.1453,1.1455,39.10,36.60
2007.09.14 13:03:51.867,1.1453,1.1455,31.20,64.50
2007.09.14 13:03:52.074,1.1453,1.1455,32.40,64.50
2007.09.14 13:03:52.507,1.1453,1.1455,32.40,65.50
2007.09.14 13:03:53.163,1.1453,1.1455,28.50,65.50
2007.09.14 13:03:54.280,1.1453,1.1455,28.50,61.50
2007.09.14 13:03:56.448,1.1453,1.1455,29.30,61.50
2007.09.14 13:03:57.023,1.1453,1.1455,29.30,63.10
2007.09.14 13:03:57.132,1.1453,1.1454,29.30,0.80
2007.09.14 13:03:57.241,1.1453,1.1454,29.30,8.80
2007.09.14 13:03:57.279,1.1453,1.1454,28.50,8.80
2007.09.14 13:03:57.534,1.1453,1.1454,28.20,8.80
2007.09.14 13:03:57.953,1.1453,1.1454,23.40,8.80
2007.09.14 13:03:58.680,1.1453,1.1454,15.30,8.80
2007.09.14 13:03:59.010,1.1453,1.1454,15.80,8.80
2007.09.14 13:03:59.106,1.1453,1.1454,15.40,8.80
2007.09.14 13:03:59.349,1.1453,1.1454,15.80,8.80
2007.09.14 13:03:59.966,1.1453,1.1454,15.40,8.80
2007.09.14 13:04:00.599,1.1453,1.1454,15.60,8.80
2007.09.14 13:04:00.712,1.1453,1.1454,15.90,8.80
2007.09.14 13:04:01.123,1.1453,1.1455,15.90,35.10
2007.09.14 13:04:01.223,1.1453,1.1454,15.20,0.70
2007.09.14 13:04:01.625,1.1453,1.1455,15.00,35.10
2007.09.14 13:04:02.258,1.1453,1.14545,15.00,9.80
2007.09.14 13:04:02.295,1.1453,1.1454,15.00,0.70
2007.09.14 13:04:02.365,1.1453,1.14545,15.00,10.90
2007.09.14 13:04:02.381,1.1453,1.1454,15.00,0.50
2007.09.14 13:04:02.538,1.1453,1.14545,11.00,12.50
2007.09.14 13:04:02.587,1.14525,1.14545,6.60,45.60
2007.09.14 13:04:02.602,1.14525,1.1454,6.60,0.50
2007.09.14 13:04:02.696,1.14525,1.14545,6.60,53.00
2007.09.14 13:04:02.902,1.14525,1.1454,6.60,0.90
2007.09.14 13:04:02.914,1.14525,1.1454,5.80,0.60
2007.09.14 13:04:02.926,1.14525,1.1454,5.80,0.60
2007.09.14 13:04:03.025,1.14525,1.14545,5.80,70.90
2007.09.14 13:04:03.348,1.1452,1.1454,35.80,0.60
2007.09.14 13:04:03.658,1.1452,1.1454,35.80,0.50
2007.09.14 13:04:03.775,1.1452,1.1454,35.80,0.50
2007.09.14 13:04:03.872,1.1452,1.14545,35.80,69.90
2007.09.14 13:04:04.074,1.1452,1.14545,35.80,70.70
2007.09.14 13:04:04.091,1.1452,1.14545,35.80,71.60
2007.09.14 13:04:04.301,1.1452,1.14545,35.80,71.80
2007.09.14 13:04:05.494,1.1452,1.1454,37.40,0.80
2007.09.14 13:04:05.582,1.1452,1.14545,37.40,70.70
2007.09.14 13:04:05.626,1.1452,1.1454,37.40,0.60
2007.09.14 13:04:05.686,1.1452,1.14545,37.40,70.00
2007.09.14 13:04:05.787,1.1452,1.1454,37.40,0.90
2007.09.14 13:04:05.804,1.14525,1.1454,2.40,0.80
2007.09.14 13:04:05.912,1.14525,1.1455,3.20,76.90
2007.09.14 13:04:05.991,1.1453,1.1454,4.10,0.90
2007.09.14 13:04:06.100,1.1453,1.1455,4.00,51.10
2007.09.14 13:04:06.211,1.1453,1.1454,15.00,0.50
2007.09.14 13:04:07.656,1.1453,1.1455,15.00,40.70
2007.09.14 13:04:08.145,1.1453,1.1455,15.80,39.10
2007.09.14 13:04:08.160,1.1453,1.1455,16.20,39.10
2007.09.14 13:04:08.401,1.1453,1.1454,17.20,0.70
2007.09.14 13:04:08.465,1.1453,1.14555,17.20,35.90
2007.09.14 13:04:08.488,1.1453,1.1455,26.80,0.80
2007.09.14 13:04:08.678,1.1453,1.14555,38.80,43.00
2007.09.14 13:04:08.698,1.1453,1.14555,42.80,66.90
2007.09.14 13:04:09.232,1.1453,1.14555,42.80,66.90
2007.09.14 13:04:10.080,1.1453,1.14555,42.80,67.90
2007.09.14 13:04:10.193,1.1453,1.1455,42.80,0.50
2007.09.14 13:04:10.220,1.1453,1.14555,42.80,62.30
2007.09.14 13:04:10.584,1.14535,1.14555,3.40,62.30
2007.09.14 13:04:11.245,1.1454,1.14555,0.80,62.30
2007.09.14 13:04:11.365,1.1454,1.14555,4.80,14.40
2007.09.14 13:04:11.659,1.1454,1.1455,8.80,0.90
2007.09.14 13:04:11.762,1.1454,1.1456,8.80,39.90
2007.09.14 13:04:12.339,1.1454,1.1456,8.90,43.90
2007.09.14 13:04:12.527,1.1454,1.1455,10.50,0.50
2007.09.14 13:04:12.786,1.1454,1.1455,12.10,0.50
2007.09.14 13:04:12.881,1.1454,1.1456,10.50,0.70
2007.09.14 13:04:13.011,1.1454,1.14565,11.30,44.70
2007.09.14 13:04:13.094,1.1454,1.1456,11.30,0.60
2007.09.14 13:04:13.205,1.1454,1.1456,12.90,0.80
2007.09.14 13:04:13.315,1.1454,1.14565,14.50,43.10
2007.09.14 13:04:13.432,1.1454,1.14565,14.80,43.10
2007.09.14 13:04:13.438,1.1454,1.14565,14.00,43.10
2007.09.14 13:04:13.534,1.1454,1.14565,15.60,43.10
2007.09.14 13:04:13.634,1.14545,1.14565,0.80,43.10
2007.09.14 13:04:13.718,1.1455,1.1456,4.00,0.50
2007.09.14 13:04:13.740,1.1455,1.14565,4.00,31.10
2007.09.14 13:04:13.969,1.1455,1.14565,4.00,34.20
2007.09.14 13:04:14.087,1.1455,1.14565,8.00,11.20
2007.09.14 13:04:15.258,1.1455,1.14565,4.00,14.40
2007.09.14 13:04:16.583,1.1455,1.1456,8.00,0.90
2007.09.14 13:04:16.743,1.1455,1.1456,4.00,0.90
2007.09.14 13:04:17.422,1.1455,1.1456,4.00,0.90
2007.09.14 13:04:18.097,1.1455,1.1456,8.00,0.90
2007.09.14 13:04:19.942,1.1455,1.1456,12.00,0.60
2007.09.14 13:04:28.413,1.1455,1.1456,8.00,0.90
2007.09.14 13:04:28.758,1.1455,1.1456,12.00,0.60
2007.09.14 13:04:32.181,1.1455,1.1456,12.80,8.80
2007.09.14 13:04:34.543,1.1455,1.1456,8.80,8.80
2007.09.14 13:04:35.085,1.1455,1.1456,4.80,43.70
2007.09.14 13:04:35.208,1.1455,1.1456,0.80,63.70
2007.09.14 13:04:35.397,1.1455,1.1456,4.80,59.70
2007.09.14 13:04:35.909,1.1455,1.1456,4.80,35.80
2007.09.14 13:04:36.856,1.1455,1.1456,8.80,8.80
2007.09.14 13:04:42.230,1.1455,1.1456,8.00,8.80
2007.09.14 13:04:42.755,1.1455,1.1456,4.00,59.70
2007.09.14 13:04:43.389,1.1455,1.1456,4.00,60.70
2007.09.14 13:04:43.845,1.1454,1.1456,43.70,64.70
2007.09.14 13:04:45.685,1.1454,1.1456,51.70,64.70
2007.09.14 13:04:45.740,1.1454,1.1456,52.50,64.70
2007.09.14 13:04:45.768,1.1454,1.1456,54.70,64.70
2007.09.14 13:04:45.797,1.14545,1.1456,5.80,64.70
2007.09.14 13:04:45.875,1.14545,1.1456,5.80,43.70
2007.09.14 13:04:46.017,1.14545,1.1456,6.60,43.70
2007.09.14 13:04:46.197,1.1455,1.1456,4.00,39.70
2007.09.14 13:04:46.624,1.1455,1.1456,4.00,35.70
2007.09.14 13:04:52.653,1.14545,1.1456,6.60,39.70
2007.09.14 13:04:52.728,1.14545,1.1456,6.60,40.70
2007.09.14 13:04:52.827,1.14545,1.1456,6.60,60.70
2007.09.14 13:04:52.964,1.14545,1.1456,5.80,60.70
2007.09.14 13:04:53.024,1.1454,1.1456,39.00,60.70
2007.09.14 13:04:53.051,1.1454,1.1456,38.60,64.70
2007.09.14 13:04:53.142,1.1454,1.1456,39.00,64.70
2007.09.14 13:04:53.670,1.1454,1.1456,38.60,64.70
2007.09.14 13:04:53.724,1.1454,1.1456,37.80,64.70
2007.09.14 13:04:53.789,1.1454,1.1456,43.70,64.70
2007.09.14 13:04:54.192,1.1454,1.1456,43.70,65.00
2007.09.14 13:04:54.441,1.1454,1.1456,43.70,65.80
2007.09.14 13:04:54.621,1.1454,1.1456,43.90,68.40
2007.09.14 13:04:54.675,1.1454,1.14555,43.90,0.80
2007.09.14 13:04:55.373,1.14545,1.14555,2.40,0.80
2007.09.14 13:04:56.048,1.1454,1.14555,46.30,0.80
2007.09.14 13:04:56.181,1.1454,1.14555,13.60,0.80
2007.09.14 13:04:56.614,1.1454,1.1455,10.40,8.00
2007.09.14 13:04:56.651,1.1454,1.1455,9.60,8.00
2007.09.14 13:04:56.695,1.14545,1.1455,0.80,8.00
2007.09.14 13:04:56.758,1.1454,1.1455,4.80,27.90
2007.09.14 13:04:57.743,1.1454,1.1455,4.00,27.90
2007.09.14 13:04:58.030,1.1454,1.1455,4.00,31.90
2007.09.14 13:04:58.150,1.1454,1.1455,4.00,47.90
2007.09.14 13:04:58.255,1.1454,1.1455,4.00,54.90
2007.09.14 13:04:58.355,1.1453,1.1454,5.60,19.90
2007.09.14 13:04:58.467,1.1453,1.1454,5.60,20.70
2007.09.14 13:04:58.678,1.1453,1.1454,6.40,20.90
2007.09.14 13:04:58.949,1.1453,1.1454,5.60,21.70
2007.09.14 13:04:59.067,1.1453,1.1454,5.60,30.50
2007.09.14 13:04:59.503,1.14525,1.1454,0.80,34.50
2007.09.14 13:04:59.530,1.1452,1.1454,28.60,35.30
2007.09.14 13:04:59.800,1.1452,1.1453,28.60,8.00
2007.09.14 13:05:00.258,1.1452,1.1453,27.80,8.00
2007.09.14 13:05:00.366,1.1452,1.1453,26.20,8.00
2007.09.14 13:05:01.077,1.1452,1.1453,22.20,8.00
2007.09.14 13:05:01.188,1.1452,1.1453,19.20,8.00
2007.09.14 13:05:01.289,1.1452,1.1453,15.20,8.00
2007.09.14 13:05:01.398,1.1452,1.1453,11.20,8.00
2007.09.14 13:05:01.508,1.1452,1.1453,42.10,8.00
2007.09.14 13:05:01.830,1.1452,1.1453,41.30,8.00
2007.09.14 13:05:02.846,1.1452,1.1453,4.80,27.90
2007.09.14 13:05:03.797,1.1452,1.1453,4.80,31.90
2007.09.14 13:05:04.224,1.1452,1.1453,4.80,47.90
2007.09.14 13:05:04.330,1.1452,1.1453,4.80,51.90
2007.09.14 13:05:04.964,1.1452,1.1453,4.80,35.90
2007.09.14 13:05:05.078,1.1452,1.1453,4.80,31.90
2007.09.14 13:05:05.701,1.1452,1.1453,4.80,34.90
2007.09.14 13:05:06.222,1.1452,1.1453,4.80,30.90
2007.09.14 13:05:07.001,1.1452,1.1453,4.80,31.70
2007.09.14 13:05:07.299,1.1452,1.1453,4.80,31.80
2007.09.14 13:05:07.709,1.1452,1.1453,4.80,35.80
2007.09.14 13:05:07.985,1.1452,1.1453,4.80,27.90
2007.09.14 13:05:08.795,1.14515,1.1453,6.60,31.90
2007.09.14 13:05:08.969,1.14515,1.1453,6.60,32.90
2007.09.14 13:05:09.207,1.1452,1.1453,0.80,32.90
2007.09.14 13:05:09.336,1.1452,1.1453,0.80,32.10
2007.09.14 13:05:09.376,1.1452,1.1453,0.80,36.20
2007.09.14 13:05:09.841,1.1452,1.1453,0.80,38.90
2007.09.14 13:05:09.863,1.14515,1.1453,0.80,34.90
2007.09.14 13:05:09.895,1.1451,1.1453,11.20,34.90
2007.09.14 13:05:10.325,1.1451,1.1453,11.20,31.90
2007.09.14 13:05:10.448,1.1451,1.1453,34.20,51.90
2007.09.14 13:05:10.542,1.1451,1.1453,34.20,55.90
2007.09.14 13:05:10.567,1.1451,1.1453,33.40,55.90
2007.09.14 13:05:10.633,1.14515,1.1453,3.40,55.90
2007.09.14 13:05:10.687,1.14515,1.1453,4.20,55.90
2007.09.14 13:05:10.779,1.14515,1.1453,4.20,47.90
2007.09.14 13:05:11.159,1.14515,1.1453,4.20,43.90
2007.09.14 13:05:11.181,1.14515,1.1453,4.20,8.00
2007.09.14 13:05:11.596,1.14515,1.1453,4.20,4.00
2007.09.14 13:05:11.714,1.14515,1.1454,4.20,42.00
2007.09.14 13:05:11.917,1.14515,1.1454,4.20,41.90
2007.09.14 13:05:12.472,1.1452,1.1454,0.80,42.70
2007.09.14 13:05:12.831,1.1452,1.1453,4.80,0.80
2007.09.14 13:05:13.400,1.1452,1.1453,5.60,0.80
2007.09.14 13:05:13.610,1.1452,1.1453,13.60,0.80
2007.09.14 13:05:14.152,1.1452,1.1453,5.60,41.50
2007.09.14 13:05:14.227,1.1452,1.1453,4.80,43.90
2007.09.14 13:05:14.277,1.1452,1.1453,4.80,43.10
2007.09.14 13:05:14.569,1.1452,1.1453,4.80,32.70
2007.09.14 13:05:14.597,1.1452,1.1453,4.80,34.30
2007.09.14 13:05:14.654,1.1452,1.1453,4.80,39.20
2007.09.14 13:05:14.891,1.14515,1.1453,3.40,43.20
2007.09.14 13:05:14.921,1.14515,1.1453,3.40,44.80
2007.09.14 13:05:15.185,1.14515,1.1452,3.40,1.60
2007.09.14 13:05:15.436,1.1451,1.1452,46.90,1.60
2007.09.14 13:05:15.507,1.14505,1.1451,5.80,0.80
2007.09.14 13:05:15.638,1.1451,1.1452,19.00,0.80
2007.09.14 13:05:15.728,1.1451,1.1452,4.00,20.30
2007.09.14 13:05:16.208,1.1451,1.1452,4.00,21.90
2007.09.14 13:05:16.315,1.1451,1.1452,4.50,30.30
2007.09.14 13:05:17.429,1.1451,1.1452,4.50,33.30
2007.09.14 13:05:19.319,1.1451,1.1452,0.60,37.30
2007.09.14 13:05:19.356,1.1451,1.1452,0.60,59.10
2007.09.14 13:05:19.478,1.1451,1.1452,0.60,58.30
2007.09.14 13:05:19.524,1.1451,1.1452,0.60,59.10
2007.09.14 13:05:19.630,1.1451,1.1452,0.60,52.70
2007.09.14 13:05:19.725,1.1451,1.1452,0.60,53.50
2007.09.14 13:05:20.007,1.1451,1.1452,0.60,5.60
2007.09.14 13:05:20.063,1.1451,1.1452,0.60,4.80
2007.09.14 13:05:20.211,1.1451,1.1452,0.60,0.80
2007.09.14 13:05:20.243,1.1451,1.1452,4.50,0.80
2007.09.14 13:05:20.337,1.1451,1.1452,4.50,3.20
2007.09.14 13:05:20.646,1.1451,1.1452,4.50,11.20
2007.09.14 13:05:21.618,1.1451,1.1452,4.50,19.20
2007.09.14 13:05:21.714,1.1451,1.1452,4.50,31.10
2007.09.14 13:05:22.793,1.1451,1.1452,0.60,35.10
2007.09.14 13:05:23.106,1.1451,1.1452,4.50,31.10
2007.09.14 13:05:23.406,1.1451,1.1452,4.50,51.10
2007.09.14 13:05:23.520,1.1451,1.1452,4.50,51.90
2007.09.14 13:05:23.613,1.1451,1.1452,4.50,55.90
2007.09.14 13:05:24.020,1.1451,1.1452,4.50,56.70
2007.09.14 13:05:24.079,1.1451,1.1452,4.50,55.90
2007.09.14 13:05:24.346,1.1451,1.1452,4.50,56.70
2007.09.14 13:05:24.753,1.14505,1.1451,6.60,3.20
2007.09.14 13:05:24.871,1.1451,1.1452,4.50,5.60
2007.09.14 13:05:26.496,1.145,1.1451,6.40,22.30
2007.09.14 13:05:26.801,1.145,1.1451,6.60,22.30
2007.09.14 13:05:27.045,1.145,1.1451,6.60,19.10
2007.09.14 13:05:27.761,1.145,1.1451,7.40,19.10
2007.09.14 13:05:27.969,1.145,1.1451,8.20,7.20
2007.09.14 13:05:28.056,1.145,1.1452,39.10,51.90
2007.09.14 13:05:28.270,1.145,1.1452,39.10,55.90
2007.09.14 13:05:28.499,1.145,1.1452,39.60,55.90
2007.09.14 13:05:29.100,1.145,1.1452,41.20,55.90
2007.09.14 13:05:29.208,1.145,1.1452,49.20,55.90
2007.09.14 13:05:29.423,1.145,1.1452,50.80,55.90
2007.09.14 13:05:29.723,1.1451,1.1452,4.00,53.50
2007.09.14 13:05:30.128,1.1451,1.1452,4.00,51.90
2007.09.14 13:05:31.403,1.14515,1.1452,1.60,51.90
2007.09.14 13:05:32.406,1.14515,1.1452,1.60,31.90
2007.09.14 13:05:32.493,1.14515,1.1452,1.60,27.90
2007.09.14 13:05:32.731,1.1451,1.1452,4.00,27.90
2007.09.14 13:05:34.146,1.1451,1.1452,5.60,27.90
2007.09.14 13:05:34.446,1.1451,1.1452,5.60,19.90
2007.09.14 13:05:34.471,1.1451,1.14525,20.60,0.80
2007.09.14 13:05:34.603,1.1451,1.14525,24.60,0.80
2007.09.14 13:05:34.619,1.1451,1.1453,24.60,40.80
2007.09.14 13:05:34.690,1.1451,1.1453,36.50,28.90
2007.09.14 13:05:34.779,1.1451,1.1453,36.50,28.10
2007.09.14 13:05:35.020,1.1451,1.1453,36.50,27.30
2007.09.14 13:05:35.059,1.1451,1.1453,34.90,27.30
2007.09.14 13:05:35.097,1.1451,1.1453,19.00,39.00
2007.09.14 13:05:35.424,1.1451,1.1453,8.00,47.00
2007.09.14 13:05:35.470,1.1451,1.1453,8.00,47.80
2007.09.14 13:05:35.532,1.1451,1.1453,8.00,48.30
2007.09.14 13:05:35.636,1.1451,1.1452,4.00,43.90
2007.09.14 13:05:35.748,1.1451,1.1452,4.00,47.90
2007.09.14 13:05:35.985,1.1451,1.1452,4.00,31.90
2007.09.14 13:05:36.080,1.1451,1.1453,8.00,52.20
2007.09.14 13:05:36.211,1.1451,1.1452,8.00,0.80
2007.09.14 13:05:36.811,1.1451,1.1452,12.00,0.80
2007.09.14 13:05:38.163,1.1451,1.1453,12.00,44.90
2007.09.14 13:05:38.217,1.1451,1.1453,8.00,40.90
2007.09.14 13:05:38.276,1.1451,1.1453,4.00,35.20
2007.09.14 13:05:38.418,1.1451,1.1453,2.20,35.20
2007.09.14 13:05:38.519,1.1451,1.1453,1.60,62.20
2007.09.14 13:05:38.634,1.1451,1.1453,0.80,62.80
2007.09.14 13:05:38.691,1.14505,1.1452,7.40,0.80
2007.09.14 13:05:38.745,1.145,1.1452,72.90,0.80
2007.09.14 13:05:39.110,1.14505,1.1452,7.40,0.80
2007.09.14 13:05:39.325,1.145,1.1452,32.20,12.70
2007.09.14 13:05:39.453,1.145,1.1452,35.20,12.70
2007.09.14 13:05:39.817,1.14505,1.1452,9.80,11.90
2007.09.14 13:05:39.918,1.14505,1.1452,11.40,11.90
2007.09.14 13:05:40.127,1.14505,1.1452,9.80,12.70
2007.09.14 13:05:40.361,1.14505,1.1452,33.70,12.70
2007.09.14 13:05:40.564,1.1451,1.1452,8.00,0.80
2007.09.14 13:05:40.923,1.1451,1.1452,11.60,0.80
2007.09.14 13:05:42.071,1.1451,1.1452,19.10,8.80
2007.09.14 13:05:42.393,1.14505,1.1452,6.40,20.70
2007.09.14 13:05:43.024,1.1451,1.1452,1.50,40.70
2007.09.14 13:05:43.458,1.1451,1.1452,1.80,28.70
2007.09.14 13:05:44.353,1.14505,1.1452,9.80,20.70
2007.09.14 13:05:44.729,1.1451,1.1452,0.90,8.80
2007.09.14 13:05:45.210,1.1451,1.1452,1.50,11.80
2007.09.14 13:05:45.413,1.1451,1.1452,1.00,20.60
2007.09.14 13:05:45.457,1.145,1.1452,40.10,21.40
2007.09.14 13:05:45.534,1.1451,1.1452,1.70,53.30
2007.09.14 13:05:45.827,1.1451,1.1452,1.70,52.50
2007.09.14 13:05:46.172,1.145,1.1452,57.40,51.70
2007.09.14 13:05:46.394,1.145,1.1452,59.50,52.70
2007.09.14 13:05:46.514,1.1451,1.1452,1.20,35.70
2007.09.14 13:05:46.925,1.1451,1.1452,0.60,36.70
2007.09.14 13:05:47.037,1.1451,1.1452,2.20,32.70
2007.09.14 13:05:47.119,1.1451,1.1452,0.70,36.70
2007.09.14 13:05:47.224,1.14505,1.1452,10.50,32.70
2007.09.14 13:05:47.363,1.14505,1.1452,10.50,24.70
2007.09.14 13:05:47.985,1.14505,1.1452,9.80,24.70
2007.09.14 13:05:48.191,1.14505,1.1452,9.80,28.70
2007.09.14 13:05:48.239,1.14505,1.1452,1.60,41.50
2007.09.14 13:05:48.309,1.14505,1.1452,1.00,41.50
2007.09.14 13:05:48.395,1.145,1.1452,41.70,61.50
2007.09.14 13:05:48.448,1.14505,1.1452,0.50,62.30
2007.09.14 13:05:48.492,1.14505,1.1452,0.90,66.30
2007.09.14 13:05:48.650,1.14505,1.1452,1.10,67.90
2007.09.14 13:05:49.017,1.145,1.1452,16.30,67.90
2007.09.14 13:05:49.224,1.14495,1.1452,50.80,67.90
2007.09.14 13:05:49.467,1.14495,1.1452,50.60,67.90
2007.09.14 13:05:49.720,1.145,1.1452,3.40,67.90
2007.09.14 13:05:49.889,1.145,1.1452,15.40,67.90
2007.09.14 13:05:51.140,1.14495,1.1452,57.20,59.90
2007.09.14 13:05:51.247,1.145,1.1452,56.20,55.90
2007.09.14 13:05:51.334,1.1451,1.1452,0.90,32.00
2007.09.14 13:05:52.061,1.1451,1.1452,1.70,31.90
2007.09.14 13:05:52.363,1.1451,1.1452,2.00,30.30
2007.09.14 13:05:52.593,1.14505,1.1452,6.40,18.40
2007.09.14 13:05:53.186,1.14505,1.1452,4.80,16.80
2007.09.14 13:05:53.475,1.14505,1.1452,8.80,0.80
2007.09.14 13:05:53.506,1.14505,1.1452,8.80,4.00
2007.09.14 13:05:53.700,1.14505,1.1452,4.80,4.00
2007.09.14 13:05:53.808,1.14505,1.1452,4.80,8.00
2007.09.14 13:05:53.881,1.145,1.1452,72.20,39.90
2007.09.14 13:05:54.401,1.14495,1.1452,78.00,39.90
2007.09.14 13:05:54.427,1.14495,1.1452,68.40,38.30
2007.09.14 13:05:54.726,1.145,1.1452,22.90,38.30
2007.09.14 13:05:54.759,1.14495,1.1452,68.00,47.90
2007.09.14 13:05:54.829,1.14495,1.1452,52.00,67.90
2007.09.14 13:05:55.866,1.145,1.1452,15.90,67.90
2007.09.14 13:05:56.603,1.14495,1.1452,52.60,66.30
2007.09.14 13:05:56.700,1.145,1.1452,18.70,51.90
2007.09.14 13:05:56.741,1.14495,1.1452,52.60,47.90
2007.09.14 13:05:56.839,1.14495,1.1452,48.70,12.00
2007.09.14 13:05:56.853,1.14495,1.1452,50.30,12.00
2007.09.14 13:05:56.947,1.14495,1.1452,48.00,4.00
2007.09.14 13:05:57.054,1.145,1.1453,12.50,40.60
2007.09.14 13:05:57.073,1.145,1.1453,44.80,40.60
2007.09.14 13:05:57.341,1.14505,1.1453,0.60,38.20
2007.09.14 13:05:57.654,1.14505,1.1453,1.90,38.00
2007.09.14 13:05:57.860,1.1451,1.1453,0.50,61.90
2007.09.14 13:05:57.928,1.14505,1.1453,9.80,60.30
2007.09.14 13:05:57.969,1.14505,1.1453,9.80,59.40
2007.09.14 13:05:58.067,1.1451,1.1453,7.50,59.40
2007.09.14 13:05:58.155,1.1451,1.1452,3.80,0.80
2007.09.14 13:05:58.382,1.14505,1.1452,26.50,0.80
2007.09.14 13:05:58.492,1.1451,1.1452,3.80,0.80
2007.09.14 13:05:58.993,1.14505,1.1452,2.50,8.80
2007.09.14 13:05:59.147,1.1451,1.1452,1.30,2.40
2007.09.14 13:05:59.181,1.14505,1.1452,28.70,2.40
2007.09.14 13:05:59.370,1.14505,1.1452,25.70,2.40
2007.09.14 13:05:59.397,1.14505,1.1452,25.70,0.80
2007.09.14 13:05:59.685,1.14505,1.1452,21.70,2.40
2007.09.14 13:05:59.780,1.145,1.1452,40.50,38.30
2007.09.14 13:06:00.303,1.14495,1.1452,44.40,38.30
2007.09.14 13:06:00.500,1.145,1.1451,15.60,0.10
2007.09.14 13:06:01.108,1.14495,1.1451,41.20,0.10
2007.09.14 13:06:01.230,1.14495,1.145,31.30,0.80
2007.09.14 13:06:01.353,1.14495,1.145,29.20,0.80
2007.09.14 13:06:01.672,1.145,1.1451,10.60,13.60
2007.09.14 13:06:01.736,1.14495,1.145,23.30,0.80
2007.09.14 13:06:02.473,1.145,1.14515,11.70,2.40
2007.09.14 13:06:02.778,1.14495,1.145,22.80,0.80
2007.09.14 13:06:03.062,1.145,1.1451,15.10,13.60
2007.09.14 13:06:03.676,1.1449,1.145,2.10,1.50
2007.09.14 13:06:03.749,1.1449,1.145,3.60,1.90
2007.09.14 13:06:03.805,1.1449,1.145,4.60,1.90
2007.09.14 13:06:04.072,1.14485,1.145,17.00,8.80
2007.09.14 13:06:04.179,1.1449,1.145,5.60,8.80
2007.09.14 13:06:04.594,1.14485,1.145,18.00,8.80
2007.09.14 13:06:04.708,1.14485,1.145,17.80,8.80
2007.09.14 13:06:05.255,1.1449,1.145,5.60,8.80
2007.09.14 13:06:05.548,1.14485,1.145,17.00,10.40
2007.09.14 13:06:06.069,1.14485,1.145,17.00,14.40
2007.09.14 13:06:06.372,1.14485,1.145,13.00,14.40
2007.09.14 13:06:06.392,1.14485,1.145,13.00,15.20
2007.09.14 13:06:06.479,1.1449,1.145,1.60,19.20
2007.09.14 13:06:06.969,1.1449,1.145,2.00,20.00
2007.09.14 13:06:07.197,1.14475,1.145,41.70,20.00
2007.09.14 13:06:07.242,1.14475,1.145,37.70,24.00
2007.09.14 13:06:07.294,1.14475,1.145,36.10,24.00
2007.09.14 13:06:07.398,1.14475,1.145,36.10,25.60
2007.09.14 13:06:07.487,1.1448,1.14505,28.70,27.20
2007.09.14 13:06:07.505,1.1448,1.145,28.70,0.90
2007.09.14 13:06:07.550,1.1448,1.145,16.80,0.50
2007.09.14 13:06:07.648,1.1448,1.14505,39.00,52.70
2007.09.14 13:06:08.014,1.1448,1.14505,31.80,52.70
2007.09.14 13:06:08.338,1.1448,1.1449,27.00,0.50
2007.09.14 13:06:08.434,1.1448,1.1449,34.90,0.90
2007.09.14 13:06:08.519,1.1447,1.1449,46.70,12.00
2007.09.14 13:06:08.562,1.1447,1.1449,45.90,12.00
2007.09.14 13:06:08.598,1.1447,1.1449,39.50,16.00
2007.09.14 13:06:08.707,1.1447,1.1449,35.10,16.00
2007.09.14 13:06:08.748,1.1447,1.1449,27.10,16.00
2007.09.14 13:06:08.765,1.1447,1.1449,27.10,16.80
2007.09.14 13:06:08.827,1.1447,1.1449,10.40,32.70
2007.09.14 13:06:08.940,1.1447,1.1449,33.40,36.70
2007.09.14 13:06:09.140,1.1447,1.1449,56.50,36.70
2007.09.14 13:06:09.559,1.1447,1.1449,56.50,36.80
2007.09.14 13:06:10.704,1.1447,1.1449,56.50,38.00
2007.09.14 13:06:10.804,1.1447,1.1449,56.50,38.80
2007.09.14 13:06:11.269,1.1447,1.1449,56.50,39.60
2007.09.14 13:06:11.572,1.1447,1.1449,57.50,39.60
2007.09.14 13:06:11.674,1.1447,1.1449,41.50,55.60
2007.09.14 13:06:12.002,1.1447,1.1448,5.60,4.00
2007.09.14 13:06:12.125,1.1447,1.1448,4.00,4.00
2007.09.14 13:06:12.187,1.1447,1.1448,4.00,12.00
2007.09.14 13:06:12.212,1.14465,1.1448,5.80,16.80
2007.09.14 13:06:12.295,1.14465,1.1448,5.80,28.70
2007.09.14 13:06:12.321,1.1446,1.1448,22.50,28.70
2007.09.14 13:06:12.710,1.1446,1.1448,39.00,28.70
2007.09.14 13:06:12.942,1.1446,1.1448,39.00,28.70
2007.09.14 13:06:13.119,1.14465,1.1448,3.40,28.70
2007.09.14 13:06:13.257,1.14465,1.1448,3.40,36.70
2007.09.14 13:06:14.517,1.14465,1.1448,3.40,32.70
2007.09.14 13:06:14.611,1.14465,1.1448,3.40,28.70
2007.09.14 13:06:15.261,1.14465,1.1448,3.40,31.70
2007.09.14 13:06:15.411,1.14465,1.1448,3.40,33.30
2007.09.14 13:06:15.467,1.1446,1.1448,65.60,33.30
2007.09.14 13:06:15.520,1.1446,1.1448,65.60,41.30
2007.09.14 13:06:15.544,1.1446,1.1448,61.30,42.30
2007.09.14 13:06:15.672,1.1446,1.1448,61.10,50.30
2007.09.14 13:06:15.730,1.1447,1.1448,4.00,35.90
2007.09.14 13:06:15.773,1.1447,1.1448,4.00,47.90
2007.09.14 13:06:15.983,1.1447,1.1448,4.00,51.90
2007.09.14 13:06:16.137,1.1448,1.1449,0.80,11.00
2007.09.14 13:06:16.213,1.1447,1.1448,7.20,16.00
2007.09.14 13:06:16.320,1.14475,1.1448,2.40,8.00
2007.09.14 13:06:16.356,1.1448,1.1449,8.80,29.70
2007.09.14 13:06:16.635,1.1448,1.1449,8.80,37.00
2007.09.14 13:06:16.665,1.1448,1.1449,8.00,37.00
2007.09.14 13:06:16.835,1.1448,1.1449,8.00,43.20
2007.09.14 13:06:16.961,1.1448,1.1449,8.00,44.50
2007.09.14 13:06:16.975,1.14475,1.1449,2.40,44.50
2007.09.14 13:06:17.084,1.1447,1.1449,65.50,44.50
2007.09.14 13:06:17.410,1.1447,1.1449,66.30,44.50
2007.09.14 13:06:17.769,1.1447,1.1449,65.50,44.50
2007.09.14 13:06:17.788,1.1447,1.1449,65.50,42.80
2007.09.14 13:06:17.891,1.14475,1.1449,3.40,42.80
2007.09.14 13:06:17.933,1.14475,1.1449,3.40,39.90
2007.09.14 13:06:17.987,1.14475,1.1449,3.40,35.90
2007.09.14 13:06:18.537,1.14475,1.1449,3.40,36.10
2007.09.14 13:06:18.628,1.14475,1.1449,3.40,36.00
2007.09.14 13:06:18.710,1.14475,1.1449,4.20,36.00
2007.09.14 13:06:18.936,1.14475,1.1449,5.00,36.00
2007.09.14 13:06:19.264,1.14475,1.145,5.00,61.30
2007.09.14 13:06:19.540,1.14475,1.145,7.40,61.30
2007.09.14 13:06:19.622,1.1448,1.145,0.80,61.30
2007.09.14 13:06:19.726,1.1448,1.145,12.80,61.30
2007.09.14 13:06:20.233,1.1448,1.145,14.40,59.70
2007.09.14 13:06:20.262,1.1448,1.145,14.40,58.90
2007.09.14 13:06:20.497,1.1448,1.145,14.40,58.10
2007.09.14 13:06:20.966,1.1448,1.145,67.00,41.30
2007.09.14 13:06:21.181,1.1449,1.145,8.00,40.50
2007.09.14 13:06:21.286,1.1449,1.145,12.00,36.50
2007.09.14 13:06:21.471,1.1449,1.145,12.00,31.90
2007.09.14 13:06:21.698,1.145,1.1451,8.80,8.80
2007.09.14 13:06:21.796,1.145,1.1451,8.80,28.70
2007.09.14 13:06:22.205,1.145,1.1451,12.80,24.70
2007.09.14 13:06:22.502,1.145,1.1451,12.80,16.70
2007.09.14 13:06:22.939,1.145,1.1451,12.80,27.80
2007.09.14 13:06:23.140,1.145,1.1451,12.80,31.80
2007.09.14 13:06:23.276,1.145,1.1451,12.80,35.70
2007.09.14 13:06:23.366,1.145,1.1451,16.80,0.80
2007.09.14 13:06:23.545,1.145,1.1451,28.70,0.80
2007.09.14 13:06:23.797,1.145,1.14515,28.70,0.80
2007.09.14 13:06:24.007,1.145,1.14515,32.70,0.80
2007.09.14 13:06:24.426,1.145,1.14515,44.70,0.80
2007.09.14 13:06:24.858,1.145,1.14515,43.70,0.80
2007.09.14 13:06:24.952,1.145,1.14515,39.70,0.80
2007.09.14 13:06:25.384,1.145,1.14515,31.70,0.80
2007.09.14 13:06:25.593,1.145,1.14515,23.70,0.80
2007.09.14 13:06:25.807,1.145,1.14515,27.70,0.80
2007.09.14 13:06:27.655,1.145,1.14515,26.90,0.80
2007.09.14 13:06:27.748,1.145,1.1451,22.90,4.00
2007.09.14 13:06:28.157,1.14495,1.145,5.00,0.80
2007.09.14 13:06:30.207,1.1449,1.145,40.80,2.40
2007.09.14 13:06:30.299,1.1449,1.145,40.80,3.20
2007.09.14 13:06:30.421,1.1449,1.145,40.80,4.80
2007.09.14 13:06:30.456,1.1449,1.145,40.80,5.60
2007.09.14 13:06:30.683,1.1449,1.145,40.80,0.90
2007.09.14 13:06:30.729,1.1449,1.145,40.80,0.50
2007.09.14 13:06:31.181,1.1449,1.145,29.30,0.70
2007.09.14 13:06:31.221,1.1449,1.145,29.00,0.70
2007.09.14 13:06:31.360,1.1449,1.145,23.90,6.40
2007.09.14 13:06:31.557,1.1449,1.145,19.90,12.00
2007.09.14 13:06:31.872,1.1449,1.145,15.90,12.00
2007.09.14 13:06:31.973,1.1448,1.145,36.70,24.70
2007.09.14 13:06:32.073,1.1448,1.145,36.70,24.20
2007.09.14 13:06:32.698,1.1448,1.145,32.70,0.90
2007.09.14 13:06:32.832,1.1448,1.14505,32.70,29.40
2007.09.14 13:06:34.748,1.1448,1.14505,32.70,27.80
2007.09.14 13:06:34.849,1.1448,1.14505,36.70,23.80
2007.09.14 13:06:34.898,1.1448,1.145,36.70,0.70
2007.09.14 13:06:35.058,1.1448,1.14505,44.70,59.90
2007.09.14 13:06:35.181,1.1448,1.145,60.70,0.70
2007.09.14 13:06:37.095,1.1448,1.14505,60.70,39.80
2007.09.14 13:06:37.243,1.1448,1.14505,60.70,39.80
2007.09.14 13:06:37.614,1.1448,1.14505,60.70,40.60
2007.09.14 13:06:38.220,1.1448,1.145,56.70,0.90
2007.09.14 13:06:38.314,1.1448,1.14505,40.70,18.40
2007.09.14 13:06:39.464,1.1448,1.145,40.70,0.80
2007.09.14 13:06:39.582,1.1448,1.145,32.70,0.60
2007.09.14 13:06:40.700,1.1448,1.14505,32.70,27.80
2007.09.14 13:06:41.081,1.1448,1.145,52.70,0.50
2007.09.14 13:06:41.150,1.1448,1.14505,52.70,22.20
2007.09.14 13:06:41.187,1.1448,1.145,52.70,0.50
2007.09.14 13:06:41.283,1.1448,1.145,60.70,0.50
2007.09.14 13:06:42.017,1.1448,1.14505,64.70,46.90
2007.09.14 13:06:42.136,1.1448,1.14505,66.30,45.30
2007.09.14 13:06:42.841,1.1448,1.14505,66.30,43.70
2007.09.14 13:06:43.268,1.1448,1.145,66.30,0.50
2007.09.14 13:06:43.796,1.1448,1.145,66.30,45.50
2007.09.14 13:06:45.075,1.14485,1.1449,3.40,0.80
2007.09.14 13:06:45.223,1.14485,1.1449,4.20,0.60
2007.09.14 13:06:45.362,1.1449,1.145,0.10,0.80
2007.09.14 13:06:45.572,1.1449,1.1451,1.00,50.30
2007.09.14 13:06:45.959,1.1449,1.1451,14.60,40.70
2007.09.14 13:06:46.477,1.1449,1.1451,14.60,43.10
2007.09.14 13:06:46.628,1.1449,1.1451,14.80,43.10
2007.09.14 13:06:46.866,1.1449,1.145,15.60,0.70
2007.09.14 13:06:47.393,1.1449,1.14505,15.10,9.60
2007.09.14 13:06:47.473,1.1449,1.145,67.20,0.80
2007.09.14 13:06:47.495,1.1449,1.145,65.60,0.80
2007.09.14 13:06:47.542,1.1449,1.145,65.60,0.60
2007.09.14 13:06:48.106,1.1449,1.14505,67.00,3.20
2007.09.14 13:06:48.164,1.1449,1.14505,67.70,3.20
2007.09.14 13:06:48.210,1.1449,1.14505,63.70,7.20
2007.09.14 13:06:48.326,1.14485,1.14505,5.80,15.20
2007.09.14 13:06:48.372,1.1448,1.14505,42.10,15.20
2007.09.14 13:06:48.628,1.1448,1.145,27.10,0.90
2007.09.14 13:06:48.746,1.1448,1.14505,41.40,40.70
2007.09.14 13:06:48.852,1.1448,1.14505,41.40,44.70
2007.09.14 13:06:49.759,1.1448,1.145,41.40,0.50
2007.09.14 13:06:49.815,1.1448,1.14505,41.40,47.10
2007.09.14 13:06:50.164,1.1448,1.145,41.40,0.70
2007.09.14 13:06:50.264,1.1449,1.145,12.00,0.90
2007.09.14 13:06:50.542,1.1449,1.145,12.00,0.70
2007.09.14 13:06:51.074,1.1449,1.14505,12.00,56.70
2007.09.14 13:06:51.166,1.1449,1.145,23.90,0.70
2007.09.14 13:06:51.189,1.1449,1.145,11.90,0.80
2007.09.14 13:06:51.292,1.1449,1.14505,11.90,8.80
2007.09.14 13:06:51.389,1.1449,1.145,15.90,0.60
2007.09.14 13:06:51.880,1.1449,1.145,15.90,0.90
2007.09.14 13:06:52.469,1.1448,1.145,65.30,0.50
2007.09.14 13:06:54.624,1.1448,1.145,65.30,0.60
2007.09.14 13:06:54.708,1.1449,1.145,8.00,0.90
2007.09.14 13:06:55.189,1.1449,1.145,8.00,0.70
2007.09.14 13:06:55.212,1.1449,1.145,12.00,0.60
2007.09.14 13:06:55.718,1.1449,1.145,12.00,0.70
2007.09.14 13:06:55.941,1.1449,1.1451,12.00,37.40
2007.09.14 13:06:56.359,1.1449,1.1451,12.00,34.40
2007.09.14 13:06:56.467,1.1449,1.145,12.00,0.90
2007.09.14 13:06:56.568,1.1449,1.1451,12.20,37.40
2007.09.14 13:06:56.655,1.1449,1.1451,12.20,38.20
2007.09.14 13:06:56.671,1.1449,1.1451,65.20,30.20
2007.09.14 13:06:56.789,1.1449,1.1451,65.60,30.20
2007.09.14 13:06:57.108,1.1449,1.1451,65.90,30.20
2007.09.14 13:06:57.431,1.1449,1.1451,60.20,11.20
2007.09.14 13:06:57.540,1.1449,1.145,40.00,0.80
2007.09.14 13:06:57.859,1.1449,1.1451,39.80,15.20
2007.09.14 13:06:57.908,1.14495,1.145,5.80,0.80
2007.09.14 13:06:58.510,1.145,1.14515,12.80,10.40
2007.09.14 13:06:58.770,1.145,1.14515,28.70,1.60
2007.09.14 13:06:59.509,1.145,1.1452,28.70,27.10
2007.09.14 13:06:59.725,1.145,1.1452,28.70,27.90
2007.09.14 13:06:59.825,1.145,1.1452,31.70,25.70
2007.09.14 13:07:00.145,1.145,1.1452,31.70,25.60
2007.09.14 13:07:00.385,1.145,1.1452,31.70,24.80
2007.09.14 13:07:00.861,1.145,1.1452,31.80,24.80
2007.09.14 13:07:01.990,1.145,1.1452,32.60,24.80
2007.09.14 13:07:02.132,1.145,1.1452,40.60,16.80
2007.09.14 13:07:02.240,1.145,1.1452,48.60,56.70
2007.09.14 13:07:02.335,1.145,1.1452,48.80,56.70
2007.09.14 13:07:02.479,1.145,1.1452,49.60,56.70
2007.09.14 13:07:02.760,1.145,1.1452,50.40,56.70
2007.09.14 13:07:02.778,1.14505,1.1452,5.00,56.70
2007.09.14 13:07:03.480,1.145,1.1452,51.40,56.70
2007.09.14 13:07:03.697,1.145,1.1452,52.20,56.70
2007.09.14 13:07:03.867,1.145,1.1452,52.20,53.50
2007.09.14 13:07:03.975,1.1451,1.1452,4.00,53.50
2007.09.14 13:07:04.227,1.1451,1.1452,4.00,57.50
2007.09.14 13:07:04.499,1.145,1.1452,53.40,57.50
2007.09.14 13:07:04.603,1.145,1.1452,44.50,37.50
2007.09.14 13:07:04.661,1.145,1.1452,45.00,36.70
2007.09.14 13:07:04.776,1.145,1.1452,52.30,56.70
2007.09.14 13:07:04.873,1.145,1.1452,49.50,56.70
2007.09.14 13:07:04.951,1.145,1.1452,50.30,56.70
2007.09.14 13:07:05.020,1.145,1.1452,51.10,56.70
2007.09.14 13:07:05.052,1.145,1.1452,51.10,58.30
2007.09.14 13:07:05.106,1.145,1.1452,50.30,56.70
2007.09.14 13:07:05.213,1.145,1.1452,44.70,40.70
2007.09.14 13:07:05.301,1.145,1.1452,44.40,40.70
2007.09.14 13:07:05.401,1.145,1.1452,45.20,40.70
2007.09.14 13:07:05.938,1.145,1.1452,46.90,40.70
2007.09.14 13:07:05.979,1.145,1.1452,47.70,40.70
2007.09.14 13:07:06.227,1.1451,1.1452,8.00,40.70
2007.09.14 13:07:06.245,1.1451,1.1452,12.00,4.80
2007.09.14 13:07:06.670,1.1451,1.1452,16.00,4.80
2007.09.14 13:07:06.742,1.1451,1.1452,20.00,0.80
2007.09.14 13:07:06.878,1.1451,1.1452,31.90,0.80
2007.09.14 13:07:07.317,1.1451,1.1452,35.90,0.80
2007.09.14 13:07:07.552,1.14515,1.1452,3.40,0.80
2007.09.14 13:07:08.163,1.1452,1.1453,4.00,8.20
2007.09.14 13:07:08.173,1.1452,1.1453,4.80,6.60
2007.09.14 13:07:08.380,1.1452,1.1453,8.80,5.00
2007.09.14 13:07:08.475,1.1452,1.1453,4.80,28.00
2007.09.14 13:07:08.722,1.1452,1.1453,4.80,27.20
2007.09.14 13:07:08.800,1.1451,1.1453,64.50,29.60
2007.09.14 13:07:08.896,1.1451,1.1453,40.60,39.90
2007.09.14 13:07:09.237,1.14515,1.1453,0.80,39.90
2007.09.14 13:07:09.514,1.14515,1.1453,0.80,38.90
2007.09.14 13:07:10.152,1.14515,1.1453,0.80,39.90
2007.09.14 13:07:13.214,1.1453,1.1454,8.00,26.80
2007.09.14 13:07:14.262,1.1453,1.1454,8.00,46.10
2007.09.14 13:07:14.648,1.1453,1.1454,12.00,31.70
2007.09.14 13:07:14.891,1.1453,1.1454,12.00,27.00
2007.09.14 13:07:15.091,1.1453,1.1454,12.00,24.60
2007.09.14 13:07:15.414,1.1453,1.1454,12.00,19.20
2007.09.14 13:07:15.624,1.1453,1.1454,12.00,15.20
2007.09.14 13:07:15.741,1.1453,1.1454,12.00,13.70
2007.09.14 13:07:16.043,1.1453,1.1454,27.90,3.60
2007.09.14 13:07:16.270,1.1453,1.1454,30.90,3.80
2007.09.14 13:07:16.426,1.1453,1.1454,30.90,3.00
2007.09.14 13:07:16.483,1.1453,1.1454,30.90,1.10
2007.09.14 13:07:17.235,1.1454,1.14545,8.00,0.80
2007.09.14 13:07:17.752,1.1454,1.1455,8.80,21.60
2007.09.14 13:07:18.265,1.1454,1.1455,12.80,17.60
2007.09.14 13:07:18.347,1.1454,1.1455,12.80,17.60
2007.09.14 13:07:18.832,1.1454,1.1455,24.70,0.80
2007.09.14 13:07:19.880,1.1454,1.1455,28.70,0.80
2007.09.14 13:07:20.217,1.1454,1.1455,30.30,0.80
2007.09.14 13:07:20.246,1.1454,1.1455,33.30,0.80
2007.09.14 13:07:20.317,1.1454,1.1455,29.40,0.80
2007.09.14 13:07:20.520,1.1454,1.1455,27.10,0.80
2007.09.14 13:07:20.579,1.1454,1.1456,27.10,34.00
2007.09.14 13:07:20.627,1.1454,1.1456,26.30,34.00
2007.09.14 13:07:20.726,1.1454,1.1455,24.60,4.00
2007.09.14 13:07:21.037,1.1454,1.1455,22.30,4.00
2007.09.14 13:07:21.105,1.1454,1.1455,22.30,4.80
2007.09.14 13:07:21.145,1.1454,1.1455,23.90,4.80
2007.09.14 13:07:21.252,1.1454,1.1455,18.90,0.80
2007.09.14 13:07:21.670,1.1454,1.1456,18.90,28.40
2007.09.14 13:07:21.822,1.1454,1.1456,18.90,25.10
2007.09.14 13:07:21.885,1.1454,1.1455,18.90,0.80
2007.09.14 13:07:22.249,1.1454,1.1455,15.90,0.80
2007.09.14 13:07:22.474,1.1453,1.1455,37.60,12.70
2007.09.14 13:07:22.527,1.1453,1.1455,37.60,16.70
2007.09.14 13:07:22.659,1.1453,1.1455,61.10,28.70
2007.09.14 13:07:22.727,1.1453,1.1455,61.10,27.90
2007.09.14 13:07:22.915,1.1453,1.1455,61.50,27.90
2007.09.14 13:07:23.351,1.1453,1.1455,61.50,28.70
2007.09.14 13:07:23.437,1.1453,1.1455,57.50,36.70
2007.09.14 13:07:23.957,1.1453,1.1455,57.70,36.70
2007.09.14 13:07:24.168,1.1453,1.1455,56.90,36.70
2007.09.14 13:07:24.264,1.1453,1.1455,56.10,36.70
2007.09.14 13:07:24.372,1.1453,1.1455,56.90,36.70
2007.09.14 13:07:25.541,1.1453,1.1455,56.70,36.70
2007.09.14 13:07:25.849,1.1453,1.1455,55.90,36.70
2007.09.14 13:07:26.269,1.1453,1.1455,56.70,36.70
2007.09.14 13:07:26.981,1.1453,1.1455,56.70,0.50
2007.09.14 13:07:27.014,1.1453,1.1455,57.50,36.70
2007.09.14 13:07:27.515,1.1453,1.1455,58.10,36.70
2007.09.14 13:07:27.737,1.1453,1.1455,57.50,32.70
2007.09.14 13:07:27.845,1.1453,1.1455,57.50,36.70
2007.09.14 13:07:30.040,1.14535,1.1455,3.40,36.70
2007.09.14 13:07:30.759,1.14535,1.1455,5.80,36.70
2007.09.14 13:07:30.796,1.14535,1.1455,5.80,32.70
2007.09.14 13:07:31.172,1.14535,1.1455,8.20,32.70
2007.09.14 13:07:31.353,1.1454,1.1455,7.50,28.70
2007.09.14 13:07:31.579,1.14545,1.1455,5.80,28.70
2007.09.14 13:07:31.924,1.14545,1.1455,5.80,27.90
2007.09.14 13:07:31.956,1.1455,1.1456,6.70,12.40
2007.09.14 13:07:32.064,1.1455,1.1456,6.70,17.40
2007.09.14 13:07:32.288,1.1455,1.1456,6.70,16.60
2007.09.14 13:07:32.508,1.1455,1.1456,6.70,11.50
2007.09.14 13:07:33.353,1.1455,1.1456,22.70,0.80
2007.09.14 13:07:33.871,1.1455,1.1456,6.70,36.70
2007.09.14 13:07:34.322,1.1454,1.1456,37.20,40.70
2007.09.14 13:07:34.771,1.1454,1.1456,36.40,40.70
2007.09.14 13:07:34.836,1.1454,1.1456,37.20,38.30
2007.09.14 13:07:35.101,1.1454,1.1456,38.00,38.30
2007.09.14 13:07:35.358,1.1454,1.1456,38.00,39.90
2007.09.14 13:07:35.455,1.1454,1.1456,37.70,39.90
2007.09.14 13:07:36.433,1.1454,1.1456,37.70,41.50
2007.09.14 13:07:36.609,1.1454,1.1456,49.50,32.60
2007.09.14 13:07:36.682,1.1454,1.1456,47.90,37.40
2007.09.14 13:07:37.643,1.1454,1.1456,47.90,40.60
2007.09.14 13:07:38.334,1.1454,1.1456,48.70,40.60
2007.09.14 13:07:38.813,1.1454,1.1456,48.70,37.40
2007.09.14 13:07:39.029,1.1454,1.1456,48.60,37.40
2007.09.14 13:07:39.567,1.1454,1.1456,48.60,40.60
2007.09.14 13:07:39.738,1.1454,1.1455,47.80,0.80
2007.09.14 13:07:39.900,1.1454,1.1455,47.00,0.80
2007.09.14 13:07:40.122,1.1454,1.1455,44.10,0.80
2007.09.14 13:07:40.304,1.1454,1.1455,40.10,0.80
2007.09.14 13:07:40.425,1.1454,1.1455,25.10,0.80
2007.09.14 13:07:40.538,1.1454,1.1455,25.10,1.60
2007.09.14 13:07:40.846,1.1454,1.1455,13.10,1.60
2007.09.14 13:07:40.963,1.1454,1.1455,9.10,49.50
2007.09.14 13:07:41.461,1.1454,1.1455,9.10,53.50
2007.09.14 13:07:41.789,1.1454,1.14545,9.10,0.80
2007.09.14 13:07:41.846,1.1454,1.14545,2.50,0.80
2007.09.14 13:07:42.262,1.1453,1.1454,62.50,0.80
2007.09.14 13:07:42.939,1.1453,1.1454,45.50,1.90
2007.09.14 13:07:42.989,1.1453,1.1454,46.30,1.90
2007.09.14 13:07:43.146,1.1453,1.1454,46.30,1.10
2007.09.14 13:07:44.024,1.1453,1.1454,34.90,2.70
2007.09.14 13:07:44.624,1.1453,1.1454,42.30,2.70
2007.09.14 13:07:44.702,1.1453,1.1454,39.30,2.70
2007.09.14 13:07:45.040,1.1453,1.1454,31.90,2.70
2007.09.14 13:07:45.448,1.1453,1.1454,31.90,0.40
2007.09.14 13:07:45.559,1.1453,1.1454,31.90,1.10
2007.09.14 13:07:45.641,1.1453,1.1454,31.90,0.40
2007.09.14 13:07:45.669,1.14525,1.1454,3.40,4.30
2007.09.14 13:07:45.785,1.1453,1.1454,1.50,11.90
2007.09.14 13:07:45.862,1.1453,1.1454,1.50,19.90
2007.09.14 13:07:46.162,1.1453,1.1454,8.90,20.70
2007.09.14 13:07:46.268,1.1453,1.1454,9.50,20.70
2007.09.14 13:07:46.692,1.1453,1.1454,9.50,19.90
2007.09.14 13:07:46.744,1.1453,1.1454,8.00,8.80
2007.09.14 13:07:46.783,1.1453,1.1454,12.00,8.80
2007.09.14 13:07:47.012,1.1453,1.1454,12.00,20.70
2007.09.14 13:07:47.870,1.1453,1.1454,12.00,16.70
2007.09.14 13:07:48.092,1.1453,1.1454,39.40,0.80
2007.09.14 13:07:48.199,1.1453,1.1454,64.70,0.80
2007.09.14 13:07:48.722,1.1453,1.1454,64.50,0.80
2007.09.14 13:07:49.231,1.1453,1.1454,64.40,0.80
2007.09.14 13:07:49.537,1.1453,1.1454,63.90,0.80
2007.09.14 13:07:49.977,1.1453,1.1454,63.90,3.10
2007.09.14 13:07:49.992,1.14535,1.1454,3.40,3.10
2007.09.14 13:07:50.091,1.14535,1.1454,3.40,1.80
2007.09.14 13:07:50.597,1.14535,1.1454,3.40,2.60
2007.09.14 13:07:51.214,1.1453,1.1454,43.90,2.60
2007.09.14 13:07:51.357,1.1453,1.1454,43.90,1.80
2007.09.14 13:07:51.588,1.1453,1.1454,43.90,2.60
2007.09.14 13:07:52.216,1.1453,1.1454,43.90,3.40
2007.09.14 13:07:52.388,1.1453,1.1454,35.90,3.40
2007.09.14 13:07:52.517,1.1453,1.1454,27.90,3.90
2007.09.14 13:07:52.542,1.1453,1.1454,15.90,6.30
2007.09.14 13:07:53.039,1.1452,1.1454,37.80,39.80
2007.09.14 13:07:53.131,1.1452,1.1454,37.80,43.80
2007.09.14 13:07:53.555,1.1452,1.1454,41.80,43.80
2007.09.14 13:07:53.699,1.1452,1.1454,41.80,45.40
2007.09.14 13:07:53.770,1.1452,1.1454,65.80,45.40
2007.09.14 13:07:54.114,1.1452,1.1454,49.80,42.20
2007.09.14 13:07:54.802,1.1452,1.1454,49.80,40.60
2007.09.14 13:07:54.846,1.1452,1.1454,49.80,41.00
2007.09.14 13:07:55.280,1.1452,1.1454,66.80,37.40
2007.09.14 13:07:55.371,1.1452,1.1454,66.80,44.00
2007.09.14 13:07:55.683,1.1452,1.1454,66.80,45.70
2007.09.14 13:07:56.210,1.1452,1.1454,19.60,41.70
2007.09.14 13:07:56.412,1.1452,1.1454,23.60,36.70
2007.09.14 13:07:56.526,1.1452,1.1454,23.60,36.60
2007.09.14 13:07:57.097,1.1452,1.1454,24.40,35.80
2007.09.14 13:07:57.274,1.1453,1.1454,12.00,34.20
2007.09.14 13:07:57.460,1.1453,1.1454,12.00,35.00
2007.09.14 13:07:57.492,1.1453,1.1454,4.00,36.60
2007.09.14 13:07:57.988,1.1453,1.1454,4.00,24.60
2007.09.14 13:07:58.074,1.1453,1.1454,4.00,20.60
2007.09.14 13:07:58.199,1.1453,1.1454,4.00,20.20
2007.09.14 13:07:58.398,1.1452,1.1454,36.40,24.20
2007.09.14 13:07:58.423,1.1452,1.1454,36.40,24.50
2007.09.14 13:07:58.551,1.1452,1.1454,49.80,64.70
2007.09.14 13:07:58.638,1.1452,1.1454,41.80,50.50
2007.09.14 13:07:58.731,1.1452,1.1454,41.80,49.20
2007.09.14 13:07:59.045,1.1453,1.1454,0.50,49.20
2007.09.14 13:07:59.344,1.1453,1.1454,0.50,48.40
2007.09.14 13:07:59.555,1.1453,1.1454,8.40,48.40
2007.09.14 13:07:59.869,1.1453,1.1454,12.40,44.40
2007.09.14 13:07:59.901,1.1453,1.1454,12.40,40.40
2007.09.14 13:08:00.197,1.1453,1.1454,12.40,36.40
2007.09.14 13:08:00.287,1.1453,1.1454,8.40,40.40
2007.09.14 13:08:00.306,1.1453,1.1454,8.40,39.60
2007.09.14 13:08:00.493,1.1453,1.1454,0.50,39.60
2007.09.14 13:08:00.536,1.1453,1.1454,0.50,38.80
2007.09.14 13:08:01.370,1.1453,1.1454,20.30,10.00
2007.09.14 13:08:01.548,1.1453,1.1454,20.30,9.20
2007.09.14 13:08:01.926,1.1453,1.1454,0.50,43.80
2007.09.14 13:08:02.006,1.1453,1.1454,4.40,5.90
2007.09.14 13:08:02.110,1.1453,1.1454,4.40,5.60
2007.09.14 13:08:02.313,1.1453,1.1454,8.40,5.60
2007.09.14 13:08:02.432,1.1453,1.1454,48.30,5.60
2007.09.14 13:08:05.409,1.1453,1.1454,60.30,0.80
2007.09.14 13:08:05.698,1.1453,1.1454,64.50,0.80
2007.09.14 13:08:06.028,1.1453,1.1454,64.70,0.80
2007.09.14 13:08:06.745,1.1453,1.1454,64.10,0.80
2007.09.14 13:08:06.839,1.1453,1.1454,63.90,0.80
2007.09.14 13:08:07.275,1.1453,1.1454,66.10,0.80
2007.09.14 13:08:07.683,1.1453,1.1454,66.70,0.80
2007.09.14 13:08:07.825,1.1453,1.1454,67.20,0.80
2007.09.14 13:08:08.397,1.1453,1.1454,67.40,0.80
2007.09.14 13:08:09.096,1.1453,1.1454,69.00,0.80
2007.09.14 13:08:09.140,1.1453,1.1454,69.80,0.80
2007.09.14 13:08:09.204,1.1454,1.1455,0.80,40.70
2007.09.14 13:08:09.330,1.1454,1.1455,4.80,4.80
2007.09.14 13:08:09.713,1.1454,1.1455,12.80,4.80
2007.09.14 13:08:09.755,1.1454,1.1455,24.70,4.80
2007.09.14 13:08:10.539,1.1454,1.1455,15.90,4.80
2007.09.14 13:08:10.581,1.1454,1.1455,11.90,4.80
2007.09.14 13:08:11.783,1.1453,1.1455,46.90,36.70
2007.09.14 13:08:11.894,1.1453,1.1455,46.50,36.70
2007.09.14 13:08:12.945,1.1453,1.1455,70.40,36.70
2007.09.14 13:08:13.176,1.14535,1.1455,3.40,36.70
2007.09.14 13:08:13.227,1.14535,1.1454,3.40,0.80
2007.09.14 13:08:14.134,1.1453,1.1454,70.40,0.80
2007.09.14 13:08:14.169,1.1454,1.1455,0.80,39.90
2007.09.14 13:08:14.268,1.1454,1.1455,4.80,39.90
2007.09.14 13:08:14.407,1.1454,1.1455,4.80,60.70
2007.09.14 13:08:14.983,1.1454,1.1455,12.80,55.10
2007.09.14 13:08:15.031,1.1454,1.1455,12.80,54.30
2007.09.14 13:08:15.882,1.1454,1.1455,12.80,53.50
2007.09.14 13:08:15.978,1.1454,1.1455,24.70,1.60
2007.09.14 13:08:16.088,1.1454,1.1455,28.70,0.80
2007.09.14 13:08:16.207,1.1453,1.1454,40.80,0.80
2007.09.14 13:08:16.224,1.1453,1.1454,40.80,0.80
2007.09.14 13:08:16.448,1.1453,1.1454,40.80,0.80
2007.09.14 13:08:17.029,1.1454,1.14555,16.70,7.20
2007.09.14 13:08:17.291,1.1454,1.14555,15.90,6.40
2007.09.14 13:08:17.371,1.1453,1.14555,52.40,59.90
2007.09.14 13:08:17.896,1.1454,1.14555,3.00,7.20
2007.09.14 13:08:18.527,1.1454,1.1455,14.90,0.90
2007.09.14 13:08:18.643,1.1454,1.1455,18.90,0.80
2007.09.14 13:08:18.698,1.1454,1.14555,18.90,8.80
2007.09.14 13:08:18.944,1.1453,1.1455,67.10,0.60
2007.09.14 13:08:19.113,1.1453,1.14555,68.70,44.70
2007.09.14 13:08:19.629,1.1453,1.14555,68.70,43.10
2007.09.14 13:08:20.837,1.1453,1.1455,69.40,0.50
2007.09.14 13:08:22.003,1.1453,1.14555,69.40,43.10
2007.09.14 13:08:22.150,1.1453,1.14555,69.40,41.50
2007.09.14 13:08:22.288,1.1454,1.1455,0.80,0.50
2007.09.14 13:08:22.393,1.1455,1.14555,12.00,37.00
2007.09.14 13:08:23.267,1.1455,1.1456,12.80,43.80
2007.09.14 13:08:23.353,1.14545,1.1455,5.80,0.90
2007.09.14 13:08:24.019,1.1455,1.14565,12.80,14.40
2007.09.14 13:08:24.542,1.1455,1.1456,12.80,0.60
2007.09.14 13:08:24.955,1.1455,1.1456,12.80,0.80
2007.09.14 13:08:25.491,1.1455,1.1456,31.70,0.80
2007.09.14 13:08:26.531,1.1455,1.1457,35.70,25.60
2007.09.14 13:08:29.258,1.1455,1.1457,36.50,26.40
2007.09.14 13:08:29.592,1.1455,1.14565,35.70,1.60
2007.09.14 13:08:29.710,1.1455,1.14565,37.30,1.60
2007.09.14 13:08:29.825,1.1456,1.1457,12.80,20.00
2007.09.14 13:08:29.910,1.1456,1.14575,12.80,19.20
2007.09.14 13:08:30.034,1.1456,1.14575,12.80,17.60
2007.09.14 13:08:30.327,1.1456,1.1457,12.80,0.60
2007.09.14 13:08:30.394,1.1456,1.1457,12.00,0.60
2007.09.14 13:08:30.567,1.1456,1.14575,12.00,31.80
2007.09.14 13:08:31.321,1.1456,1.1457,20.00,0.70
2007.09.14 13:08:31.389,1.1456,1.1458,12.00,57.80
2007.09.14 13:08:31.716,1.1456,1.1457,20.80,0.50
2007.09.14 13:08:31.904,1.1456,1.1457,20.80,0.80
2007.09.14 13:08:32.569,1.1456,1.1458,36.70,34.30
2007.09.14 13:08:34.689,1.1456,1.1457,23.90,0.60
2007.09.14 13:08:36.445,1.14555,1.1457,7.40,0.90
2007.09.14 13:08:37.695,1.1456,1.1458,8.80,63.50
2007.09.14 13:08:38.005,1.1456,1.1458,12.80,59.50
2007.09.14 13:08:38.489,1.1456,1.1458,12.80,59.80
2007.09.14 13:08:38.545,1.1456,1.1458,28.70,42.60
2007.09.14 13:08:39.516,1.1456,1.1458,36.70,34.60
2007.09.14 13:08:42.552,1.1456,1.14585,36.70,24.10
2007.09.14 13:08:42.686,1.1456,1.1458,36.70,0.70
2007.09.14 13:08:42.983,1.1456,1.14585,52.70,23.30
2007.09.14 13:08:43.076,1.1456,1.14585,60.70,49.60
2007.09.14 13:08:43.388,1.14555,1.1456,1.60,0.80
2007.09.14 13:08:44.309,1.1456,1.1458,59.90,0.70
2007.09.14 13:08:44.410,1.1456,1.14585,47.90,45.60
2007.09.14 13:08:44.621,1.1456,1.1458,47.90,43.20
2007.09.14 13:08:44.846,1.1456,1.1458,56.70,43.20
2007.09.14 13:08:45.224,1.1456,1.1458,60.70,43.20
2007.09.14 13:08:45.284,1.1456,1.1457,12.80,52.50
2007.09.14 13:08:46.078,1.14565,1.1457,5.80,52.50
2007.09.14 13:08:46.109,1.14565,1.1458,5.80,63.30
2007.09.14 13:08:46.233,1.14565,1.1458,5.80,63.00
2007.09.14 13:08:46.327,1.14565,1.1458,5.80,62.80
2007.09.14 13:08:46.386,1.14565,1.1458,5.80,62.00
2007.09.14 13:08:46.431,1.14565,1.1458,5.80,57.30
2007.09.14 13:08:46.845,1.14565,1.1458,5.80,39.80
2007.09.14 13:08:47.470,1.1457,1.1458,8.00,38.20
2007.09.14 13:08:47.673,1.1457,1.1458,19.90,7.30
2007.09.14 13:08:47.996,1.1457,1.1458,23.90,3.30
2007.09.14 13:08:48.215,1.1457,1.1458,27.90,0.80
2007.09.14 13:08:48.355,1.1457,1.1458,35.90,0.80
2007.09.14 13:08:49.140,1.1457,1.1458,35.90,2.40
2007.09.14 13:08:49.229,1.1457,1.1458,31.90,6.40
2007.09.14 13:08:49.642,1.1457,1.1458,31.90,4.80
2007.09.14 13:08:50.031,1.14575,1.1458,0.80,4.80
2007.09.14 13:08:50.776,1.1458,1.1459,12.00,19.20
2007.09.14 13:08:52.446,1.1458,1.1459,20.00,6.40
2007.09.14 13:08:52.721,1.1458,1.1459,20.80,3.20
2007.09.14 13:08:53.035,1.14575,1.1458,5.80,0.80
2007.09.14 13:08:54.037,1.1458,1.1459,23.90,8.80
2007.09.14 13:08:56.232,1.1458,1.1459,36.70,0.80
2007.09.14 13:08:56.931,1.1458,1.1459,12.80,52.50
2007.09.14 13:08:57.623,1.1458,1.1459,13.60,52.50
2007.09.14 13:08:58.343,1.1458,1.146,25.60,24.30
2007.09.14 13:08:58.464,1.1458,1.146,27.70,23.50
2007.09.14 13:08:58.545,1.1458,1.146,28.00,23.50
2007.09.14 13:08:59.689,1.1458,1.146,32.00,23.20
2007.09.14 13:09:00.348,1.1459,1.146,8.00,21.60
2007.09.14 13:09:00.443,1.1459,1.146,8.00,18.40
2007.09.14 13:09:00.742,1.1459,1.146,12.00,12.80
2007.09.14 13:09:00.995,1.1459,1.146,12.00,10.40
2007.09.14 13:09:01.530,1.1459,1.146,12.00,29.40
2007.09.14 13:09:02.327,1.1459,1.146,12.80,29.40
2007.09.14 13:09:02.754,1.1459,1.146,13.60,29.40
2007.09.14 13:09:03.002,1.1459,1.146,13.60,28.60
2007.09.14 13:09:03.093,1.1459,1.1461,37.50,20.30
2007.09.14 13:09:03.121,1.1459,1.1461,39.10,18.70
2007.09.14 13:09:03.287,1.1459,1.1461,39.10,14.70
2007.09.14 13:09:03.295,1.1459,1.1461,39.10,13.90
2007.09.14 13:09:03.467,1.1459,1.1461,39.90,13.90
2007.09.14 13:09:03.672,1.14595,1.1461,3.40,13.90
2007.09.14 13:09:03.743,1.14595,1.1461,3.40,12.90
2007.09.14 13:09:03.759,1.146,1.1461,8.80,12.90
2007.09.14 13:09:03.932,1.146,1.1461,8.80,13.20
2007.09.14 13:09:04.137,1.146,1.1461,8.80,27.00
2007.09.14 13:09:04.234,1.146,1.1461,12.80,27.00
2007.09.14 13:09:04.256,1.146,1.1461,12.80,35.90
2007.09.14 13:09:04.347,1.146,1.14615,48.70,0.80
2007.09.14 13:09:05.100,1.146,1.14615,60.70,0.80
2007.09.14 13:09:06.610,1.146,1.1462,60.70,41.90
2007.09.14 13:09:07.651,1.146,1.14615,51.90,0.80
2007.09.14 13:09:07.754,1.14595,1.146,5.80,0.80
2007.09.14 13:09:08.983,1.146,1.1461,43.90,8.80
2007.09.14 13:09:09.162,1.146,1.1461,39.90,8.80
2007.09.14 13:09:09.209,1.146,1.1461,31.90,9.60
2007.09.14 13:09:09.283,1.146,1.1461,4.00,9.60
2007.09.14 13:09:09.900,1.1459,1.146,50.80,0.80
2007.09.14 13:09:10.017,1.1459,1.146,50.00,0.80
2007.09.14 13:09:10.217,1.1459,1.146,47.70,0.80
2007.09.14 13:09:10.436,1.1459,1.146,51.10,0.80
2007.09.14 13:09:10.490,1.1459,1.146,50.30,0.80
2007.09.14 13:09:10.841,1.1459,1.146,38.30,4.80
2007.09.14 13:09:11.008,1.1459,1.146,34.90,4.80
2007.09.14 13:09:11.196,1.1459,1.146,3.00,4.80
2007.09.14 13:09:11.414,1.1459,1.146,18.90,4.80
2007.09.14 13:09:11.475,1.1459,1.146,26.90,4.80
2007.09.14 13:09:11.657,1.1459,1.1461,30.90,24.00
2007.09.14 13:09:11.772,1.1459,1.1461,30.90,25.60
2007.09.14 13:09:11.917,1.1459,1.1461,34.90,25.60
2007.09.14 13:09:12.045,1.1459,1.1461,38.90,20.00
2007.09.14 13:09:12.155,1.1459,1.14605,38.90,0.80
2007.09.14 13:09:12.178,1.1459,1.146,38.90,0.80
2007.09.14 13:09:12.247,1.1459,1.146,54.90,0.80
2007.09.14 13:09:12.342,1.1459,1.146,60.20,0.80
2007.09.14 13:09:12.462,1.1459,1.146,61.00,0.80
2007.09.14 13:09:12.922,1.1459,1.146,46.90,0.80
2007.09.14 13:09:14.166,1.1459,1.146,47.00,0.80
2007.09.14 13:09:14.674,1.1459,1.146,47.20,0.80
2007.09.14 13:09:14.884,1.1459,1.146,46.90,0.80
2007.09.14 13:09:15.985,1.1459,1.146,38.90,0.80
2007.09.14 13:09:19.419,1.1459,1.146,34.90,0.80
2007.09.14 13:09:19.743,1.1459,1.146,30.90,0.80
2007.09.14 13:09:19.847,1.1459,1.146,19.90,0.80
2007.09.14 13:09:19.905,1.1459,1.146,15.90,4.80
2007.09.14 13:09:19.946,1.14585,1.1459,2.40,1.20
2007.09.14 13:09:20.433,1.1458,1.1459,39.80,1.20
2007.09.14 13:09:21.711,1.1459,1.146,4.00,30.40
2007.09.14 13:09:23.390,1.1459,1.146,4.00,20.70
2007.09.14 13:09:23.407,1.1459,1.14595,4.00,0.80
2007.09.14 13:09:24.244,1.1458,1.1459,6.40,8.00
2007.09.14 13:09:24.434,1.1458,1.1459,6.40,4.00
2007.09.14 13:09:25.036,1.1458,1.1459,4.80,4.00
2007.09.14 13:09:25.426,1.1458,1.1459,4.80,4.80
2007.09.14 13:09:27.009,1.1458,1.1459,4.80,5.60
2007.09.14 13:09:27.378,1.1458,1.1459,4.80,4.80
2007.09.14 13:09:27.864,1.1458,1.1459,4.80,11.80
2007.09.14 13:09:30.677,1.14575,1.1459,2.40,15.80
2007.09.14 13:09:30.942,1.1457,1.1459,31.00,15.80
2007.09.14 13:09:31.436,1.1457,1.1459,30.20,12.80
2007.09.14 13:09:31.529,1.1457,1.1459,10.30,32.70
2007.09.14 13:09:31.950,1.1457,1.1459,29.30,36.70
2007.09.14 13:09:32.152,1.1457,1.1459,33.30,40.70
2007.09.14 13:09:32.905,1.1457,1.1459,57.20,40.70
2007.09.14 13:09:33.992,1.14565,1.1459,63.80,40.70
2007.09.14 13:09:35.114,1.1458,1.1459,0.80,40.70
2007.09.14 13:09:35.482,1.1457,1.1459,11.90,39.70
2007.09.14 13:09:35.802,1.14575,1.1459,6.60,35.70
2007.09.14 13:09:35.935,1.14575,1.1459,10.60,35.70
2007.09.14 13:09:36.429,1.14575,1.1459,10.60,27.70
2007.09.14 13:09:36.444,1.1458,1.1459,2.30,23.70
2007.09.14 13:09:36.552,1.14575,1.1459,2.30,27.70
2007.09.14 13:09:37.261,1.14565,1.1459,24.90,27.70
2007.09.14 13:09:38.263,1.14565,1.1459,60.80,39.70
2007.09.14 13:09:38.877,1.14575,1.1459,1.10,39.70
2007.09.14 13:09:39.142,1.14575,1.1459,6.60,39.70
2007.09.14 13:09:39.959,1.14575,1.1459,10.60,35.70
2007.09.14 13:09:40.369,1.14575,1.1459,10.20,35.70
2007.09.14 13:09:40.767,1.14575,1.1459,10.20,23.70
2007.09.14 13:09:46.397,1.1458,1.1459,2.50,22.90
2007.09.14 13:09:51.180,1.1458,1.1459,0.80,26.90
2007.09.14 13:09:51.274,1.1457,1.1459,24.50,26.90
2007.09.14 13:09:51.299,1.1457,1.1459,21.10,26.90
2007.09.14 13:09:51.925,1.1457,1.1459,12.30,34.90
2007.09.14 13:09:52.061,1.14575,1.1459,1.10,54.90
2007.09.14 13:09:52.114,1.14565,1.1459,40.50,54.90
2007.09.14 13:09:52.425,1.14565,1.1459,48.40,54.90
2007.09.14 13:09:52.790,1.1457,1.1459,6.70,54.90
2007.09.14 13:09:52.895,1.1457,1.1459,3.70,54.90
2007.09.14 13:09:53.124,1.1457,1.1459,17.60,54.90
2007.09.14 13:09:53.206,1.14565,1.1459,38.10,54.90
2007.09.14 13:09:53.725,1.1457,1.1459,11.00,55.70
2007.09.14 13:09:53.835,1.1457,1.1458,1.90,11.90
2007.09.14 13:09:54.348,1.1457,1.1458,0.70,12.70
2007.09.14 13:09:54.862,1.14565,1.1458,10.20,11.90
2007.09.14 13:09:55.278,1.14565,1.1458,11.00,11.90
2007.09.14 13:09:56.193,1.1458,1.1459,0.80,28.60
2007.09.14 13:09:56.845,1.1457,1.1458,12.60,11.90
2007.09.14 13:09:57.154,1.14575,1.1459,1.00,31.00
2007.09.14 13:09:57.308,1.14565,1.1459,49.00,31.00
2007.09.14 13:09:57.339,1.14565,1.1459,40.30,31.00
2007.09.14 13:09:57.556,1.14565,1.1459,47.40,31.00
2007.09.14 13:09:58.118,1.1457,1.1459,46.60,31.00
2007.09.14 13:09:58.381,1.1457,1.1459,14.90,38.90
2007.09.14 13:09:58.586,1.1457,1.1459,14.90,34.90
2007.09.14 13:09:58.694,1.1457,1.1459,22.90,26.90
2007.09.14 13:09:59.086,1.1458,1.1459,0.80,26.90
2007.09.14 13:10:00.218,1.14575,1.1459,10.20,22.90
2007.09.14 13:10:00.424,1.1457,1.1459,34.50,26.90
2007.09.14 13:10:00.631,1.1457,1.1459,32.90,28.50
2007.09.14 13:10:00.735,1.1457,1.1458,23.30,0.80
2007.09.14 13:10:01.136,1.14575,1.1459,1.80,36.50
2007.09.14 13:10:01.198,1.1457,1.1459,15.30,44.50
2007.09.14 13:10:01.247,1.1457,1.1459,15.30,34.90
2007.09.14 13:10:01.291,1.14565,1.1459,16.10,34.90
2007.09.14 13:10:01.653,1.1457,1.1458,2.90,0.80
2007.09.14 13:10:01.768,1.1457,1.1458,21.40,0.80
2007.09.14 13:10:02.507,1.1457,1.1458,52.60,0.80
2007.09.14 13:10:02.601,1.1457,1.1458,32.70,0.80
2007.09.14 13:10:02.719,1.1457,1.1458,31.70,0.80
2007.09.14 13:10:02.815,1.1457,1.1458,28.70,0.80
2007.09.14 13:10:03.022,1.1457,1.1458,40.60,0.80
2007.09.14 13:10:03.230,1.1457,1.1458,27.70,0.80
2007.09.14 13:10:03.650,1.1457,1.1459,27.70,27.90
2007.09.14 13:10:03.664,1.1457,1.1459,27.70,27.10
2007.09.14 13:10:03.745,1.1457,1.1459,27.70,17.50
2007.09.14 13:10:03.762,1.1457,1.1459,36.60,32.60
2007.09.14 13:10:03.867,1.1457,1.1459,40.60,56.50
2007.09.14 13:10:04.999,1.1457,1.1459,42.20,56.50
2007.09.14 13:10:05.215,1.1457,1.1459,34.10,40.50
2007.09.14 13:10:05.346,1.14575,1.1459,5.80,40.50
2007.09.14 13:10:05.833,1.14575,1.1459,5.80,56.50
2007.09.14 13:10:06.163,1.1457,1.1459,32.50,56.50
2007.09.14 13:10:06.275,1.1457,1.1459,31.70,56.50
2007.09.14 13:10:07.563,1.1457,1.1459,41.30,56.50
2007.09.14 13:10:07.657,1.1457,1.1459,33.30,56.50
2007.09.14 13:10:07.874,1.1457,1.1459,32.60,56.50
2007.09.14 13:10:08.685,1.1457,1.1459,32.60,54.90
2007.09.14 13:10:08.798,1.1457,1.1459,31.00,56.50
2007.09.14 13:10:09.240,1.1457,1.1459,31.00,57.30
2007.09.14 13:10:09.298,1.1457,1.1458,31.00,0.80
2007.09.14 13:10:09.532,1.1457,1.1458,4.00,12.70
2007.09.14 13:10:10.569,1.1458,1.1459,7.20,29.40
2007.09.14 13:10:10.671,1.1458,1.1459,2.10,29.40
2007.09.14 13:10:10.843,1.1458,1.1459,1.60,29.40
2007.09.14 13:10:10.880,1.1458,1.1459,0.80,29.40
2007.09.14 13:10:11.206,1.1458,1.1459,0.80,32.60
2007.09.14 13:10:11.297,1.1458,1.1459,0.80,32.60
2007.09.14 13:10:11.397,1.1458,1.1459,0.80,32.60
2007.09.14 13:10:11.411,1.1458,1.1459,12.80,5.60
2007.09.14 13:10:11.564,1.1458,1.1459,17.60,15.20
2007.09.14 13:10:11.972,1.14575,1.1458,5.80,0.80
2007.09.14 13:10:13.194,1.1458,1.1459,12.00,16.00
2007.09.14 13:10:13.891,1.1457,1.1458,16.80,0.80
2007.09.14 13:10:13.977,1.1457,1.1458,27.80,0.80
2007.09.14 13:10:14.199,1.1457,1.1458,27.00,0.80
2007.09.14 13:10:16.568,1.1457,1.1458,26.10,0.80
2007.09.14 13:10:17.253,1.1457,1.1458,22.10,0.80
2007.09.14 13:10:18.995,1.1457,1.1458,22.10,2.40
2007.09.14 13:10:19.125,1.1457,1.1458,22.10,3.20
2007.09.14 13:10:19.171,1.1457,1.1458,22.10,1.60
2007.09.14 13:10:19.320,1.1457,1.1458,22.10,2.40
2007.09.14 13:10:19.448,1.1457,1.1458,22.10,1.60
2007.09.14 13:10:20.530,1.1457,1.1458,18.10,1.60
2007.09.14 13:10:20.830,1.1457,1.1458,15.10,1.60
2007.09.14 13:10:20.870,1.1457,1.1458,15.10,2.40
2007.09.14 13:10:20.944,1.1457,1.1458,15.10,3.20
2007.09.14 13:10:21.295,1.1457,1.1458,15.10,4.00
2007.09.14 13:10:21.605,1.1456,1.1457,14.40,11.90
2007.09.14 13:10:21.782,1.1456,1.1457,14.40,20.70
2007.09.14 13:10:21.979,1.1455,1.1456,2.40,19.90
2007.09.14 13:10:22.121,1.1455,1.1456,0.80,23.90
2007.09.14 13:10:22.488,1.1456,1.1457,4.80,12.80
2007.09.14 13:10:22.736,1.14555,1.1456,3.40,19.90
2007.09.14 13:10:23.138,1.14555,1.1456,5.80,19.90
2007.09.14 13:10:23.558,1.14555,1.1456,6.60,19.90
2007.09.14 13:10:23.892,1.14555,1.1456,6.60,8.00
2007.09.14 13:10:24.132,1.14555,1.1457,6.60,30.90
2007.09.14 13:10:25.361,1.14555,1.1458,6.60,45.50
2007.09.14 13:10:25.831,1.1456,1.1457,4.80,0.90
2007.09.14 13:10:25.968,1.1456,1.1457,4.80,0.80
2007.09.14 13:10:26.111,1.1456,1.1458,4.80,61.70
2007.09.14 13:10:26.209,1.1456,1.1458,4.80,62.70
2007.09.14 13:10:26.244,1.14555,1.1458,6.60,66.70
2007.09.14 13:10:26.332,1.14555,1.1457,6.60,0.70
2007.09.14 13:10:26.545,1.14555,1.1457,5.80,0.80
2007.09.14 13:10:27.030,1.1455,1.1458,32.60,82.80
2007.09.14 13:10:27.042,1.1455,1.1458,32.60,82.80
2007.09.14 13:10:27.079,1.1455,1.1457,32.60,0.50
2007.09.14 13:10:27.159,1.1455,1.1458,32.60,70.00
2007.09.14 13:10:27.346,1.14555,1.1458,0.80,70.00
2007.09.14 13:10:27.635,1.1455,1.1458,32.60,70.00
2007.09.14 13:10:27.679,1.1455,1.1458,32.60,45.10
2007.09.14 13:10:28.194,1.1455,1.1457,32.70,0.90
2007.09.14 13:10:28.573,1.1455,1.1458,32.70,60.30
2007.09.14 13:10:28.613,1.1455,1.1457,33.40,0.80
2007.09.14 13:10:28.723,1.1455,1.1458,34.20,60.30
2007.09.14 13:10:28.841,1.1455,1.1457,35.80,0.60
2007.09.14 13:10:28.931,1.1455,1.1458,55.80,80.20
2007.09.14 13:10:29.448,1.1455,1.1458,56.60,80.20
2007.09.14 13:10:29.603,1.1455,1.1458,55.80,80.20
2007.09.14 13:10:29.908,1.1455,1.1457,36.50,0.80
2007.09.14 13:10:30.074,1.1455,1.1458,41.50,83.50
2007.09.14 13:10:30.996,1.1455,1.1458,41.50,84.30
2007.09.14 13:10:32.066,1.1455,1.1457,41.50,0.60
2007.09.14 13:10:32.324,1.1455,1.1457,5.60,42.40
2007.09.14 13:10:33.069,1.1455,1.1458,41.50,86.00
2007.09.14 13:10:33.180,1.1455,1.1457,39.90,67.90
2007.09.14 13:10:33.494,1.1455,1.1456,4.00,0.90
2007.09.14 13:10:33.703,1.1455,1.1456,5.60,0.70
2007.09.14 13:10:34.220,1.1455,1.1457,5.60,54.00
2007.09.14 13:10:35.482,1.1455,1.1456,6.20,0.50
2007.09.14 13:10:35.551,1.1455,1.1456,4.60,0.50
2007.09.14 13:10:35.784,1.1455,1.1456,4.90,0.50
2007.09.14 13:10:35.849,1.1455,1.1457,6.50,61.40
2007.09.14 13:10:35.915,1.1455,1.1457,59.20,0.90
2007.09.14 13:10:36.074,1.1455,1.1457,59.20,0.50
2007.09.14 13:10:36.098,1.1455,1.1457,60.60,0.60
2007.09.14 13:10:36.231,1.14555,1.1458,1.60,46.00
2007.09.14 13:10:36.569,1.14555,1.1458,1.60,43.80
2007.09.14 13:10:36.612,1.14555,1.1457,7.40,0.90
2007.09.14 13:10:37.474,1.14555,1.14585,7.40,62.80
2007.09.14 13:10:37.870,1.14555,1.14585,7.40,61.90
2007.09.14 13:10:37.977,1.14555,1.14585,7.40,61.80
2007.09.14 13:10:38.196,1.1456,1.14585,27.90,60.00
2007.09.14 13:10:38.636,1.1456,1.14585,19.90,13.10
2007.09.14 13:10:38.856,1.1456,1.1458,4.00,0.80
2007.09.14 13:10:38.894,1.1456,1.14585,4.00,39.60
2007.09.14 13:10:39.603,1.1456,1.14585,4.00,38.80
2007.09.14 13:10:39.857,1.1456,1.1458,4.80,0.50
2007.09.14 13:10:40.598,1.1456,1.1458,4.00,51.60
2007.09.14 13:10:41.001,1.1456,1.14585,8.80,48.80
2007.09.14 13:10:41.588,1.1456,1.1458,8.80,0.70
2007.09.14 13:10:41.873,1.1456,1.1458,8.80,48.40
2007.09.14 13:10:41.924,1.14555,1.1456,7.40,0.80
2007.09.14 13:10:42.293,1.14555,1.1456,1.60,0.80
2007.09.14 13:10:42.620,1.14555,1.1456,1.60,0.70
2007.09.14 13:10:43.064,1.14555,1.1456,1.60,0.70
2007.09.14 13:10:43.732,1.14555,1.1456,7.40,0.80
2007.09.14 13:10:43.973,1.1456,1.1457,0.80,52.20
2007.09.14 13:10:44.088,1.1456,1.1457,4.80,48.20
2007.09.14 13:10:44.183,1.1456,1.1457,4.00,48.10
2007.09.14 13:10:44.287,1.14555,1.1456,7.40,0.80
2007.09.14 13:10:44.544,1.14555,1.1456,7.40,0.50
2007.09.14 13:10:44.654,1.14555,1.1458,7.40,40.20
2007.09.14 13:10:44.748,1.1456,1.1458,31.90,68.30
2007.09.14 13:10:45.197,1.1456,1.1457,15.90,0.30
2007.09.14 13:10:45.230,1.1456,1.1457,15.90,0.70
2007.09.14 13:10:45.280,1.14555,1.1457,7.40,0.90
2007.09.14 13:10:45.404,1.14555,1.1457,7.40,0.90
2007.09.14 13:10:45.425,1.14555,1.1457,1.60,0.70
2007.09.14 13:10:45.593,1.14555,1.1458,1.60,75.90
2007.09.14 13:10:45.688,1.14555,1.1458,1.60,76.90
2007.09.14 13:10:45.746,1.1455,1.1457,40.50,0.70
2007.09.14 13:10:45.808,1.1455,1.1458,40.20,77.70
2007.09.14 13:10:45.843,1.1455,1.1457,39.40,0.50
2007.09.14 13:10:46.036,1.14555,1.14575,0.80,50.50
2007.09.14 13:10:46.049,1.14555,1.1457,1.60,0.80
2007.09.14 13:10:46.110,1.14555,1.1458,1.60,77.70
2007.09.14 13:10:46.121,1.14555,1.1458,2.40,76.90
2007.09.14 13:10:46.986,1.14555,1.1458,1.60,77.70
2007.09.14 13:10:48.095,1.14555,1.1457,1.60,0.50
2007.09.14 13:10:48.204,1.14555,1.1458,1.60,80.90
2007.09.14 13:10:48.274,1.14555,1.14575,1.60,61.70
2007.09.14 13:10:48.298,1.14555,1.1456,1.60,0.80
2007.09.14 13:10:48.718,1.14555,1.14575,1.60,60.10
2007.09.14 13:10:48.826,1.14555,1.14575,1.60,58.50
2007.09.14 13:10:48.970,1.14555,1.1457,1.60,0.80
2007.09.14 13:10:49.251,1.1456,1.1458,0.80,79.30
2007.09.14 13:10:49.381,1.1456,1.1458,0.80,79.30
2007.09.14 13:10:49.646,1.1456,1.1458,0.80,55.80
2007.09.14 13:10:49.790,1.14555,1.1456,7.40,0.80
2007.09.14 13:10:50.014,1.14555,1.1456,6.60,0.80
2007.09.14 13:10:50.133,1.14555,1.1456,2.40,0.80
2007.09.14 13:10:50.180,1.1456,1.1457,4.00,12.80
2007.09.14 13:10:50.390,1.14555,1.1456,1.60,0.60
2007.09.14 13:10:50.959,1.1455,1.1456,8.20,0.50
2007.09.14 13:10:51.044,1.1455,1.1456,9.00,0.50
2007.09.14 13:10:51.268,1.1455,1.1457,11.00,48.50
2007.09.14 13:10:51.304,1.1455,1.1457,8.60,50.10
2007.09.14 13:10:51.598,1.1455,1.1457,9.40,50.10
2007.09.14 13:10:51.694,1.1455,1.1457,9.40,42.20
2007.09.14 13:10:51.751,1.1455,1.1457,7.80,43.80
2007.09.14 13:10:51.900,1.1455,1.1457,7.90,44.00
2007.09.14 13:10:51.994,1.1455,1.1457,58.80,40.00
2007.09.14 13:10:52.211,1.14555,1.1456,0.80,0.80
2007.09.14 13:10:52.469,1.14555,1.1456,1.60,0.80
2007.09.14 13:10:52.574,1.14555,1.1456,5.00,0.80
2007.09.14 13:10:52.602,1.14555,1.1456,0.50,0.80
2007.09.14 13:10:52.970,1.14555,1.1457,0.90,0.80
2007.09.14 13:10:53.381,1.1455,1.1458,42.40,60.70
2007.09.14 13:10:53.474,1.1455,1.1458,42.40,63.50
2007.09.14 13:10:53.670,1.1455,1.1458,42.40,49.90
2007.09.14 13:10:53.880,1.14555,1.1458,0.50,0.60
2007.09.14 13:10:54.124,1.1456,1.1458,0.80,0.60
2007.09.14 13:10:54.298,1.14555,1.14585,48.10,44.20
2007.09.14 13:10:54.322,1.1456,1.1458,0.80,0.80
2007.09.14 13:10:54.537,1.1456,1.1458,0.70,0.50
2007.09.14 13:10:54.757,1.14555,1.1458,60.80,37.50
2007.09.14 13:10:55.274,1.14555,1.1458,64.80,37.50
2007.09.14 13:10:55.754,1.14565,1.1458,0.80,37.50
2007.09.14 13:10:56.220,1.1456,1.1458,58.20,42.50
2007.09.14 13:10:56.335,1.14565,1.1458,0.80,40.90
2007.09.14 13:10:56.458,1.14565,1.1458,0.80,42.50
2007.09.14 13:10:56.561,1.1457,1.1458,0.70,38.50
2007.09.14 13:10:56.773,1.14565,1.1458,0.70,52.10
2007.09.14 13:10:57.188,1.14565,1.1458,21.70,16.20
2007.09.14 13:10:57.296,1.14565,1.1458,2.40,21.00
2007.09.14 13:10:57.413,1.1456,1.1458,0.90,21.00
2007.09.14 13:10:57.495,1.1456,1.1458,3.10,29.00
2007.09.14 13:10:57.605,1.14555,1.1458,31.90,28.80
2007.09.14 13:10:57.841,1.14555,1.1458,32.70,28.80
2007.09.14 13:10:58.022,1.1456,1.1458,5.90,32.80
2007.09.14 13:10:58.223,1.14555,1.1458,31.90,32.80
2007.09.14 13:10:58.573,1.14555,1.1458,31.10,32.80
2007.09.14 13:10:58.642,1.1456,1.1458,6.50,32.90
2007.09.14 13:10:58.799,1.1456,1.1458,5.30,33.70
2007.09.14 13:10:59.125,1.1456,1.1458,10.20,35.30
2007.09.14 13:10:59.231,1.14555,1.1458,31.90,36.90
2007.09.14 13:10:59.276,1.14555,1.1458,31.90,37.10
2007.09.14 13:10:59.343,1.14555,1.1458,31.90,38.70
2007.09.14 13:10:59.598,1.14555,1.1458,31.90,37.90
2007.09.14 13:10:59.635,1.14555,1.1457,31.90,1.60
2007.09.14 13:11:01.355,1.14555,1.1457,25.50,1.60
2007.09.14 13:11:01.392,1.14555,1.1457,20.70,5.60
2007.09.14 13:11:02.106,1.1455,1.1456,34.40,0.80
2007.09.14 13:11:02.797,1.14545,1.1456,42.10,0.80
2007.09.14 13:11:03.292,1.1455,1.1456,11.20,0.80
2007.09.14 13:11:03.718,1.14545,1.1456,39.80,0.80
2007.09.14 13:11:03.813,1.14545,1.1456,39.20,0.80
2007.09.14 13:11:04.238,1.14545,1.1456,41.50,0.80
2007.09.14 13:11:04.366,1.14545,1.1456,48.70,0.80
2007.09.14 13:11:05.056,1.1455,1.1456,9.20,0.80
2007.09.14 13:11:07.044,1.1455,1.1456,11.00,0.80
2007.09.14 13:11:09.086,1.14545,1.1456,41.50,0.80
2007.09.14 13:11:11.074,1.14545,1.1456,41.50,1.00
2007.09.14 13:11:11.153,1.14545,1.1456,43.10,1.00
2007.09.14 13:11:11.286,1.14545,1.1456,43.90,1.00
2007.09.14 13:11:11.375,1.1456,1.1457,2.40,12.80
2007.09.14 13:11:11.583,1.1456,1.1457,2.80,48.50
2007.09.14 13:11:11.680,1.1456,1.1457,2.10,24.60
2007.09.14 13:11:11.835,1.14555,1.1457,4.80,19.00
2007.09.14 13:11:12.055,1.14555,1.1457,4.80,15.00
2007.09.14 13:11:12.307,1.14555,1.1457,5.60,30.90
2007.09.14 13:11:12.361,1.14555,1.1457,5.60,19.00
2007.09.14 13:11:12.472,1.1456,1.1457,1.50,11.00
2007.09.14 13:11:15.734,1.14555,1.1457,13.00,8.00
2007.09.14 13:11:18.642,1.14555,1.1457,13.00,4.00
2007.09.14 13:11:24.572,1.14565,1.1457,5.80,4.00
2007.09.14 13:11:25.352,1.14565,1.1458,5.80,30.70
2007.09.14 13:11:25.793,1.14565,1.1458,5.80,27.70
2007.09.14 13:11:26.044,1.14565,1.1458,5.80,22.90
2007.09.14 13:11:26.367,1.1457,1.1458,4.00,10.90
2007.09.14 13:11:26.791,1.1457,1.1458,4.00,9.30
2007.09.14 13:11:31.164,1.1457,1.1458,4.00,8.80
2007.09.14 13:11:31.681,1.1457,1.1458,4.80,4.80
2007.09.14 13:11:31.707,1.1458,1.14585,4.80,0.80
2007.09.14 13:11:31.778,1.1458,1.14585,12.80,0.80
2007.09.14 13:11:32.100,1.1458,1.14585,28.70,0.80
2007.09.14 13:11:32.115,1.1458,1.1459,28.70,2.40
2007.09.14 13:11:32.725,1.1458,1.1459,28.70,0.80
2007.09.14 13:11:34.563,1.1458,1.14595,28.70,3.20
2007.09.14 13:11:35.726,1.1458,1.1459,28.70,1.60
2007.09.14 13:11:37.194,1.1458,1.1459,16.80,1.60
2007.09.14 13:11:37.291,1.1458,1.1459,4.80,29.50
2007.09.14 13:11:37.365,1.1457,1.1459,52.50,29.50
2007.09.14 13:11:37.395,1.1457,1.1459,52.50,32.50
2007.09.14 13:11:37.501,1.1457,1.1459,52.50,33.30
2007.09.14 13:11:37.851,1.1457,1.1459,39.70,50.10
2007.09.14 13:11:37.884,1.1457,1.1458,39.70,0.80
2007.09.14 13:11:38.080,1.1457,1.1458,38.90,0.80
2007.09.14 13:11:40.360,1.1457,1.1458,27.00,0.80
2007.09.14 13:11:40.890,1.14565,1.1458,33.60,0.80
2007.09.14 13:11:41.356,1.14565,1.1458,34.40,0.80
2007.09.14 13:11:41.915,1.1457,1.1458,27.00,0.80
2007.09.14 13:11:43.049,1.1457,1.1458,27.00,1.60
2007.09.14 13:11:43.157,1.1457,1.1458,4.00,54.30
2007.09.14 13:11:43.242,1.1457,1.1458,4.00,55.10
2007.09.14 13:11:43.277,1.1457,1.1458,4.00,41.40
2007.09.14 13:11:43.521,1.1457,1.1458,4.00,40.60
2007.09.14 13:11:43.703,1.1457,1.1458,4.00,41.20
2007.09.14 13:11:43.937,1.1457,1.1458,4.00,42.00
2007.09.14 13:11:43.973,1.14565,1.1458,5.80,46.00
2007.09.14 13:11:44.648,1.14565,1.1458,5.80,37.40
2007.09.14 13:11:44.850,1.14565,1.1458,5.80,40.40
2007.09.14 13:11:44.950,1.14565,1.1458,5.80,27.70
2007.09.14 13:11:45.065,1.14565,1.1458,5.80,23.70
2007.09.14 13:11:45.170,1.14565,1.1458,5.80,22.90
2007.09.14 13:11:45.320,1.14565,1.1458,5.80,12.60
2007.09.14 13:11:45.404,1.14565,1.1458,5.80,24.50
2007.09.14 13:11:45.464,1.1456,1.1458,34.40,24.50
2007.09.14 13:11:45.517,1.1456,1.1458,34.40,23.70
2007.09.14 13:11:45.558,1.1456,1.1458,34.50,23.70
2007.09.14 13:11:45.627,1.1457,1.1458,4.00,19.70
2007.09.14 13:11:45.763,1.1457,1.1458,4.00,33.50
2007.09.14 13:11:45.925,1.1456,1.1458,39.90,32.70
2007.09.14 13:11:46.070,1.1456,1.1458,13.80,32.70
2007.09.14 13:11:46.142,1.1456,1.1458,23.40,32.70
2007.09.14 13:11:46.165,1.1456,1.1458,27.40,32.70
2007.09.14 13:11:46.235,1.1457,1.1458,4.00,32.70
2007.09.14 13:11:46.376,1.1457,1.1458,4.00,4.80
2007.09.14 13:11:46.477,1.1457,1.1459,31.90,38.60
2007.09.14 13:11:46.527,1.1457,1.14585,31.90,0.80
2007.09.14 13:11:46.686,1.1457,1.1459,31.90,34.60
2007.09.14 13:11:46.693,1.1457,1.1459,39.90,54.50
2007.09.14 13:11:47.159,1.1457,1.1459,39.90,56.10
2007.09.14 13:11:47.276,1.1457,1.1458,39.90,0.80
2007.09.14 13:11:47.386,1.1457,1.1458,39.90,1.60
2007.09.14 13:11:47.631,1.1457,1.1458,39.90,0.80
2007.09.14 13:11:50.550,1.1456,1.1458,23.20,23.10
2007.09.14 13:11:50.671,1.1456,1.1458,29.40,62.80
2007.09.14 13:11:50.720,1.1456,1.1458,29.40,62.40
2007.09.14 13:11:51.283,1.1456,1.1458,37.30,62.40
2007.09.14 13:11:51.597,1.1456,1.1458,37.30,62.00
2007.09.14 13:11:51.739,1.1456,1.1458,37.30,62.70
2007.09.14 13:11:51.856,1.1456,1.1458,37.30,63.10
2007.09.14 13:11:52.705,1.1456,1.1458,37.30,62.10
2007.09.14 13:11:53.095,1.1456,1.1458,37.30,62.90
2007.09.14 13:11:54.457,1.1456,1.1458,37.30,63.40
2007.09.14 13:11:55.309,1.1456,1.1458,42.30,63.40
2007.09.14 13:11:55.403,1.1456,1.1458,42.30,63.80
2007.09.14 13:11:56.099,1.1456,1.1457,40.70,1.60
2007.09.14 13:11:56.128,1.1456,1.1457,36.70,1.60
2007.09.14 13:11:56.204,1.14555,1.1456,5.80,0.80
2007.09.14 13:11:56.236,1.1456,1.1457,31.90,2.40
2007.09.14 13:11:56.302,1.14555,1.1456,5.80,0.80
2007.09.14 13:11:56.334,1.14555,1.1456,5.80,0.80
2007.09.14 13:11:56.617,1.1455,1.1456,19.20,0.80
2007.09.14 13:11:56.645,1.1455,1.1456,13.60,0.80
2007.09.14 13:11:56.858,1.1456,1.1457,4.00,17.60
2007.09.14 13:11:56.986,1.1455,1.1456,32.60,0.80
2007.09.14 13:11:57.868,1.1455,1.1456,33.40,0.80
2007.09.14 13:11:58.470,1.1455,1.1457,33.40,31.80
2007.09.14 13:11:58.498,1.1455,1.1457,41.30,31.80
2007.09.14 13:11:58.570,1.1455,1.1457,41.30,27.80
2007.09.14 13:11:58.683,1.1455,1.1457,41.30,27.90
2007.09.14 13:11:59.076,1.14555,1.1457,3.40,27.90
2007.09.14 13:11:59.318,1.14555,1.1457,3.40,35.90
