2015.04.21 19:00:00.069,1.1972,1.19722,1.00,1.00
2015.04.21 19:00:00.222,1.19721,1.19725,1.12,2.25
2015.04.21 19:00:00.425,1.1972,1.19723,1.87,1.00
2015.04.21 19:00:00.628,1.19719,1.19721,1.12,1.00
2015.04.21 19:00:00.881,1.19718,1.19721,2.14,1.00
2015.04.21 19:00:01.033,1.19717,1.19718,1.10,1.50
2015.04.21 19:00:01.084,1.19716,1.19718,1.87,2.25
2015.04.21 19:00:01.186,1.19713,1.19714,1.10,1.00
2015.04.21 19:00:01.337,1.1971,1.19712,3.45,1.00
2015.04.21 19:00:01.540,1.1971,1.19712,1.57,1.50
2015.04.21 19:00:01.743,1.19706,1.19711,2.06,2.25
2015.04.21 19:00:02.286,1.19705,1.19711,3.56,2.62
2015.04.21 19:00:03.459,1.19708,1.19711,1.00,1.87
2015.04.21 19:00:03.682,1.19708,1.19713,2.62,1.87
2015.04.21 19:00:04.392,1.19707,1.19711,1.50,1.00
2015.04.21 19:00:04.898,1.19706,1.19711,1.69,1.57
2015.04.21 19:00:05.252,1.19706,1.19708,1.50,1.00
2015.04.21 19:00:05.404,1.19703,1.19707,2.25,1.00
2015.04.21 19:00:05.505,1.19703,1.19705,1.00,1.00
2015.04.21 19:00:06.011,1.197,1.19704,3.75,1.00
2015.04.21 19:00:06.517,1.19702,1.19705,1.50,1.50
2015.04.21 19:00:07.633,1.197,1.19704,2.25,1.00
2015.04.21 19:00:07.958,1.19699,1.19702,2.25,1.00
2015.04.21 19:00:08.466,1.19699,1.19703,2.25,1.00
2015.04.21 19:00:09.115,1.19699,1.19704,2.25,1.00
2015.04.21 19:00:09.621,1.19699,1.19705,3.75,2.51
2015.04.21 19:00:10.093,1.197,1.19705,3.00,1.50
2015.04.21 19:00:14.365,1.19702,1.19703,1.00,1.00
2015.04.21 19:00:14.466,1.197,1.19703,1.50,1.00
2015.04.21 19:00:15.031,1.197,1.19703,1.10,1.50
2015.04.21 19:00:18.127,1.19699,1.19703,2.25,1.25
2015.04.21 19:00:18.329,1.19699,1.19705,3.00,1.57
2015.04.21 19:00:21.367,1.19702,1.19707,1.00,1.50
2015.04.21 19:00:21.570,1.19704,1.19709,1.00,3.37
2015.04.21 19:00:21.621,1.19704,1.19709,1.10,3.37
2015.04.21 19:00:21.722,1.19704,1.19709,1.50,2.70
2015.04.21 19:00:22.177,1.19703,1.19709,1.87,3.37
2015.04.21 19:00:22.734,1.19703,1.19709,1.50,3.37
2015.04.21 19:00:23.038,1.19703,1.19708,1.00,1.75
2015.04.21 19:00:26.907,1.19701,1.19706,1.01,1.75
2015.04.21 19:00:34.918,1.197,1.19703,1.12,1.00
2015.04.21 19:00:35.426,1.19699,1.19703,1.12,1.10
2015.04.21 19:00:37.030,1.19697,1.19703,3.19,2.25
2015.04.21 19:00:49.992,1.19697,1.19703,2.81,3.00
2015.04.21 19:00:57.133,1.19697,1.19699,1.12,1.00
2015.04.21 19:00:57.386,1.19691,1.19694,1.12,1.00
2015.04.21 19:00:57.539,1.19691,1.19694,1.12,1.37
2015.04.21 19:00:57.691,1.19688,1.19694,3.00,2.62
2015.04.21 19:00:58.203,1.1969,1.19694,1.10,1.12
2015.04.21 19:00:58.708,1.19691,1.19694,1.00,1.12
2015.04.21 19:00:59.418,1.1969,1.19694,1.57,1.12
2015.04.21 19:01:01.755,1.19691,1.19695,1.00,1.12
2015.04.21 19:01:02.324,1.1969,1.19695,1.76,1.12
2015.04.21 19:01:09.818,1.1969,1.19696,1.87,3.56
2015.04.21 19:01:14.830,1.1969,1.19694,1.12,1.12
2015.04.21 19:01:14.932,1.1969,1.19692,1.12,1.00
2015.04.21 19:01:15.236,1.19693,1.19695,1.00,1.50
2015.04.21 19:01:15.779,1.19692,1.19695,1.12,1.00
2015.04.21 19:01:16.297,1.19691,1.19695,1.12,1.00
2015.04.21 19:01:23.105,1.1969,1.19695,1.12,2.25
2015.04.21 19:01:24.026,1.19689,1.19694,1.57,1.50
2015.04.21 19:01:24.593,1.19689,1.19694,1.87,1.20
2015.04.21 19:01:24.745,1.19689,1.19693,1.10,1.50
2015.04.21 19:01:25.250,1.1969,1.19693,1.10,1.10
2015.04.21 19:01:26.650,1.19688,1.19693,2.62,2.25
2015.04.21 19:01:32.861,1.19691,1.19693,1.00,1.69
2015.04.21 19:01:33.014,1.19691,1.19695,1.25,2.25
2015.04.21 19:01:33.523,1.19692,1.19696,1.50,1.31
2015.04.21 19:01:34.029,1.19692,1.19697,1.10,2.81
2015.04.21 19:01:35.335,1.19692,1.19696,1.00,1.31
2015.04.21 19:01:39.604,1.19691,1.19696,2.51,2.66
2015.04.21 19:01:40.114,1.19691,1.19696,2.44,2.66
2015.04.21 19:01:44.958,1.19691,1.19696,5.66,1.75
2015.04.21 19:01:45.059,1.19696,1.19699,1.19,2.17
2015.04.21 19:01:45.211,1.19701,1.19705,1.00,2.25
2015.04.21 19:01:45.414,1.19699,1.19705,1.50,3.00
2015.04.21 19:01:45.919,1.197,1.19705,1.00,3.00
2015.04.21 19:01:48.878,1.19699,1.19705,1.50,3.75
2015.04.21 19:01:56.822,1.19698,1.19703,1.01,1.50
2015.04.21 19:01:57.327,1.19699,1.19703,1.00,1.50
2015.04.21 19:01:57.833,1.19698,1.19703,1.10,1.50
2015.04.21 19:01:59.088,1.19697,1.19702,1.57,1.50
2015.04.21 19:01:59.240,1.19695,1.19698,2.25,2.25
2015.04.21 19:01:59.443,1.1969,1.19696,3.00,1.50
2015.04.21 19:01:59.544,1.1969,1.19696,3.00,1.57
2015.04.21 19:02:00.779,1.1969,1.19696,2.25,3.45
2015.04.21 19:02:01.265,1.19688,1.19694,2.81,2.62
2015.04.21 19:02:03.026,1.19689,1.19694,1.87,1.87
2015.04.21 19:02:04.802,1.19689,1.19694,1.10,1.87
2015.04.21 19:02:11.513,1.19688,1.19693,1.87,1.29
2015.04.21 19:02:13.955,1.19687,1.19692,1.12,1.76
2015.04.21 19:02:14.613,1.19686,1.19692,3.37,2.44
2015.04.21 19:02:15.119,1.19684,1.1969,3.00,1.76
2015.04.21 19:02:17.024,1.19684,1.1969,3.00,1.76
2015.04.21 19:02:19.146,1.19684,1.1969,3.00,1.76
2015.04.21 19:02:19.450,1.19683,1.19688,1.12,1.76
2015.04.21 19:02:20.006,1.19684,1.19688,1.12,1.29
2015.04.21 19:02:20.522,1.19684,1.19688,1.50,1.25
2015.04.21 19:02:21.028,1.19684,1.19688,1.12,1.01
2015.04.21 19:02:40.260,1.19683,1.19689,2.25,2.32
2015.04.21 19:02:40.761,1.19683,1.19689,2.25,1.76
2015.04.21 19:02:41.267,1.19684,1.19689,1.12,1.01
2015.04.21 19:02:41.770,1.19684,1.19689,1.50,1.25
2015.04.21 19:02:44.098,1.19683,1.19688,2.25,1.25
2015.04.21 19:02:44.149,1.19683,1.19688,1.12,1.25
2015.04.21 19:02:47.862,1.19683,1.19689,2.62,1.76
2015.04.21 19:02:47.913,1.19683,1.19689,1.57,2.44
2015.04.21 19:02:48.015,1.19684,1.19689,1.10,1.01
2015.04.21 19:02:49.570,1.19685,1.19689,1.00,1.10
2015.04.21 19:02:50.077,1.19685,1.19691,1.87,2.81
2015.04.21 19:02:50.638,1.19685,1.19691,2.25,1.76
2015.04.21 19:02:53.592,1.19685,1.1969,1.50,1.00
2015.04.21 19:02:55.251,1.19685,1.1969,1.12,1.01
2015.04.21 19:02:56.927,1.19685,1.1969,1.12,1.29
2015.04.21 19:03:00.190,1.19685,1.1969,1.12,1.69
2015.04.21 19:03:06.911,1.19686,1.19691,1.10,2.51
2015.04.21 19:03:07.164,1.19686,1.19691,1.50,1.25
2015.04.21 19:03:07.568,1.19687,1.19693,2.62,2.51
2015.04.21 19:03:07.669,1.1969,1.19693,1.00,1.01
2015.04.21 19:03:07.872,1.19697,1.19702,1.50,1.10
2015.04.21 19:03:08.024,1.19699,1.19703,1.00,1.57
2015.04.21 19:03:21.486,1.19698,1.19703,1.10,1.10
2015.04.21 19:03:27.517,1.19698,1.19703,1.10,1.12
2015.04.21 19:03:55.182,1.19699,1.19703,1.00,1.12
2015.04.21 19:03:55.233,1.19699,1.19705,1.87,1.87
2015.04.21 19:04:00.733,1.19699,1.19703,1.12,1.00
2015.04.21 19:04:02.358,1.19698,1.19703,1.57,1.10
2015.04.21 19:04:05.823,1.19699,1.19703,1.00,1.10
2015.04.21 19:04:06.127,1.197,1.19705,1.12,1.10
2015.04.21 19:04:09.796,1.19703,1.19705,1.00,1.10
2015.04.21 19:04:10.302,1.19704,1.19708,1.00,1.69
2015.04.21 19:04:12.371,1.19705,1.19709,1.00,2.44
2015.04.21 19:04:12.901,1.19705,1.19709,1.00,3.19
2015.04.21 19:04:13.607,1.19706,1.19709,1.00,1.12
2015.04.21 19:04:29.962,1.19706,1.19711,1.50,2.44
2015.04.21 19:04:33.186,1.19707,1.19711,1.00,2.44
2015.04.21 19:04:42.502,1.19707,1.1971,1.00,1.50
2015.04.21 19:04:49.027,1.19707,1.19711,1.00,3.19
2015.04.21 19:04:51.355,1.19709,1.19711,1.50,1.50
2015.04.21 19:04:51.457,1.19712,1.19714,1.50,1.12
2015.04.21 19:04:51.558,1.19715,1.19716,1.00,1.00
2015.04.21 19:04:51.660,1.19716,1.19718,1.00,1.12
2015.04.21 19:04:52.166,1.19716,1.19719,1.00,1.12
2015.04.21 19:04:55.403,1.19716,1.19717,1.00,1.00
2015.04.21 19:04:55.909,1.19715,1.19716,1.50,1.00
2015.04.21 19:04:55.960,1.19713,1.19716,1.57,1.00
2015.04.21 19:04:59.066,1.1971,1.19715,2.44,1.00
2015.04.21 19:04:59.118,1.1971,1.19715,2.06,1.10
2015.04.21 19:04:59.634,1.19712,1.19717,1.00,1.50
2015.04.21 19:04:59.736,1.19714,1.19715,1.00,1.10
2015.04.21 19:05:00.243,1.19714,1.19716,1.00,1.10
2015.04.21 19:05:05.978,1.19714,1.19719,1.00,2.25
2015.04.21 19:05:10.808,1.19715,1.19719,1.00,1.50
2015.04.21 19:05:11.011,1.19715,1.19719,1.10,1.10
2015.04.21 19:05:15.420,1.19714,1.19719,1.57,1.12
2015.04.21 19:05:22.516,1.19715,1.1972,1.00,2.44
2015.04.21 19:05:23.023,1.19716,1.1972,1.00,1.12
2015.04.21 19:05:23.896,1.19717,1.1972,1.00,1.12
2015.04.21 19:05:24.403,1.19716,1.1972,1.00,1.12
2015.04.21 19:05:38.209,1.19715,1.1972,1.10,1.12
2015.04.21 19:05:38.725,1.19714,1.1972,1.57,2.25
2015.04.21 19:05:49.975,1.19715,1.1972,1.00,3.00
2015.04.21 19:05:50.482,1.19716,1.1972,1.00,2.25
2015.04.21 19:06:00.742,1.19714,1.1972,1.76,3.19
2015.04.21 19:06:14.495,1.19715,1.1972,1.50,1.50
2015.04.21 19:06:15.030,1.19716,1.19722,1.50,2.25
2015.04.21 19:06:35.103,1.19717,1.19722,1.00,2.00
2015.04.21 19:07:00.224,1.19717,1.19719,1.00,1.50
2015.04.21 19:07:00.387,1.19715,1.19719,1.00,1.50
2015.04.21 19:07:00.640,1.19715,1.19719,1.19,1.50
2015.04.21 19:07:01.693,1.19715,1.19718,1.19,1.50
2015.04.21 19:07:02.572,1.19715,1.19718,1.19,1.50
2015.04.21 19:07:12.577,1.19715,1.19719,1.19,1.50
2015.04.21 19:07:13.501,1.19715,1.19718,1.00,1.10
2015.04.21 19:07:14.016,1.19715,1.19718,1.19,1.10
2015.04.21 19:07:19.468,1.19715,1.19718,1.19,1.50
2015.04.21 19:07:21.029,1.19713,1.19717,1.76,1.10
2015.04.21 19:07:22.662,1.19713,1.19716,1.29,1.00
2015.04.21 19:07:23.167,1.19711,1.19716,1.31,1.10
2015.04.21 19:07:23.680,1.19711,1.19715,1.31,1.00
2015.04.21 19:07:24.467,1.19711,1.19715,1.29,1.50
2015.04.21 19:07:30.306,1.19711,1.19716,1.29,1.75
2015.04.21 19:07:32.033,1.19711,1.19715,1.01,1.50
2015.04.21 19:07:33.243,1.1971,1.19715,1.01,2.25
2015.04.21 19:07:34.663,1.19711,1.19715,1.00,1.75
2015.04.21 19:07:52.603,1.19711,1.19716,1.10,2.25
2015.04.21 19:07:54.135,1.19711,1.19716,1.12,1.50
2015.04.21 19:07:56.046,1.19712,1.19715,1.00,1.50
2015.04.21 19:07:56.600,1.1971,1.19715,1.87,1.10
2015.04.21 19:07:57.632,1.19712,1.19716,1.00,1.50
2015.04.21 19:07:59.308,1.19712,1.19715,1.00,1.75
2015.04.21 19:08:00.739,1.19712,1.19716,1.00,1.50
2015.04.21 19:08:01.295,1.1971,1.19716,2.81,2.25
2015.04.21 19:08:01.688,1.1971,1.19713,2.62,1.00
2015.04.21 19:08:01.941,1.19702,1.19706,1.87,1.10
2015.04.21 19:08:02.446,1.19702,1.19706,1.57,1.57
2015.04.21 19:08:02.997,1.19702,1.19706,1.00,1.50
2015.04.21 19:08:08.662,1.19702,1.19704,1.00,1.00
2015.04.21 19:08:08.763,1.197,1.19704,1.57,1.10
2015.04.21 19:08:08.865,1.197,1.19702,1.50,1.10
2015.04.21 19:08:09.323,1.19697,1.19702,1.31,1.57
2015.04.21 19:08:10.978,1.19698,1.19703,1.12,1.10
2015.04.21 19:08:16.037,1.197,1.19704,1.00,1.50
2015.04.21 19:08:25.138,1.197,1.19706,1.57,2.25
2015.04.21 19:08:25.744,1.19701,1.19706,1.00,1.50
2015.04.21 19:08:25.947,1.19703,1.19706,1.00,1.50
2015.04.21 19:08:26.048,1.19703,1.19708,1.00,2.25
2015.04.21 19:08:26.352,1.19706,1.19709,1.50,1.50
2015.04.21 19:08:26.867,1.19707,1.1971,1.00,1.50
2015.04.21 19:08:27.284,1.19705,1.19709,1.10,1.12
2015.04.21 19:08:27.588,1.19701,1.19706,2.25,1.00
2015.04.21 19:08:27.690,1.19701,1.19705,1.10,1.10
2015.04.21 19:08:29.009,1.19701,1.19705,1.00,1.12
2015.04.21 19:08:33.966,1.19701,1.19707,1.57,2.25
2015.04.21 19:08:34.698,1.19702,1.19707,1.00,1.50
2015.04.21 19:08:34.749,1.19702,1.19707,1.50,1.10
2015.04.21 19:08:37.904,1.19701,1.19707,2.25,2.25
2015.04.21 19:08:38.157,1.19702,1.19707,1.50,1.10
2015.04.21 19:08:39.565,1.19701,1.19707,3.00,1.87
2015.04.21 19:08:41.133,1.19701,1.19706,1.57,1.12
2015.04.21 19:08:42.567,1.19701,1.19707,3.00,1.87
2015.04.21 19:08:46.697,1.19701,1.19706,1.10,1.12
2015.04.21 19:08:47.202,1.19701,1.19707,2.25,1.87
2015.04.21 19:08:49.112,1.19703,1.19707,1.00,1.12
2015.04.21 19:08:51.059,1.19706,1.19708,1.00,1.50
2015.04.21 19:08:51.211,1.1971,1.19712,1.00,1.10
2015.04.21 19:08:51.717,1.1971,1.19715,1.00,1.50
2015.04.21 19:08:59.351,1.1971,1.19716,2.25,1.87
2015.04.21 19:09:43.343,1.1971,1.19713,2.44,1.00
2015.04.21 19:09:43.495,1.19705,1.19708,1.00,1.10
2015.04.21 19:09:43.597,1.19705,1.19706,1.00,1.10
2015.04.21 19:09:43.647,1.19701,1.19706,1.50,1.57
2015.04.21 19:09:51.537,1.19703,1.19706,1.00,1.10
2015.04.21 19:09:54.897,1.19703,1.19708,2.25,1.12
2015.04.21 19:09:54.999,1.19707,1.19709,1.00,1.50
2015.04.21 19:09:55.251,1.19709,1.19713,1.00,1.75
2015.04.21 19:09:55.755,1.1971,1.19714,1.00,1.75
2015.04.21 19:09:56.009,1.1971,1.19715,1.00,1.50
2015.04.21 19:09:57.103,1.19711,1.19716,1.00,2.25
2015.04.21 19:09:57.611,1.1971,1.19716,2.32,2.25
2015.04.21 19:09:58.117,1.19711,1.19716,1.00,1.50
2015.04.21 19:10:00.318,1.1971,1.19716,2.51,2.25
2015.04.21 19:10:02.267,1.19711,1.19716,1.00,1.50
2015.04.21 19:10:02.816,1.19713,1.19716,1.00,1.12
2015.04.21 19:10:03.321,1.19712,1.19716,1.57,1.10
2015.04.21 19:10:26.914,1.19711,1.19716,1.57,1.12
2015.04.21 19:10:27.572,1.19711,1.19716,1.00,1.50
2015.04.21 19:10:32.316,1.19711,1.19717,1.69,2.25
2015.04.21 19:10:33.401,1.19711,1.19717,1.76,2.25
2015.04.21 19:10:38.226,1.19711,1.19717,1.10,1.69
2015.04.21 19:10:38.571,1.19694,1.19697,1.10,1.00
2015.04.21 19:10:38.877,1.19692,1.19697,1.76,1.87
2015.04.21 19:10:39.030,1.19688,1.19696,4.54,1.75
2015.04.21 19:10:39.132,1.1969,1.19693,1.50,1.50
2015.04.21 19:10:39.183,1.19689,1.19693,1.50,1.50
2015.04.21 19:10:39.740,1.19688,1.19693,1.25,1.50
2015.04.21 19:10:40.261,1.19689,1.19694,1.00,1.75
2015.04.21 19:10:42.346,1.19688,1.19692,1.25,1.12
2015.04.21 19:10:42.750,1.19686,1.1969,1.00,1.50
2015.04.21 19:10:43.004,1.19683,1.19687,2.06,1.00
2015.04.21 19:10:43.509,1.19682,1.19687,2.06,1.10
2015.04.21 19:10:46.180,1.19683,1.19689,2.06,1.87
2015.04.21 19:10:47.160,1.19683,1.19689,2.44,1.57
2015.04.21 19:10:48.765,1.19682,1.19683,1.00,2.10
2015.04.21 19:10:48.922,1.19678,1.19681,1.00,2.62
2015.04.21 19:10:48.975,1.19676,1.1968,1.00,1.10
2015.04.21 19:10:49.482,1.19677,1.19681,1.00,1.87
2015.04.21 19:10:50.642,1.19678,1.19683,1.00,2.25
2015.04.21 19:10:50.694,1.1968,1.19683,1.00,1.75
2015.04.21 19:10:50.798,1.19677,1.19681,1.69,1.50
2015.04.21 19:10:51.153,1.19679,1.19685,2.25,1.87
2015.04.21 19:10:51.254,1.19679,1.19682,1.00,1.00
2015.04.21 19:10:51.558,1.19678,1.19682,1.00,5.10
2015.04.21 19:10:52.074,1.19677,1.19682,1.00,2.25
2015.04.21 19:10:54.081,1.19677,1.19682,1.76,1.12
2015.04.21 19:10:56.984,1.19679,1.19682,1.00,1.12
2015.04.21 19:10:57.537,1.19679,1.19682,1.00,1.12
2015.04.21 19:10:58.088,1.19679,1.19682,1.00,1.50
2015.04.21 19:11:00.249,1.19678,1.19682,1.10,1.10
2015.04.21 19:11:01.249,1.19679,1.19682,1.00,1.57
2015.04.21 19:11:01.754,1.19678,1.19682,1.00,1.57
2015.04.21 19:11:04.867,1.19679,1.19682,1.50,1.10
2015.04.21 19:11:05.120,1.19678,1.19682,1.00,2.25
2015.04.21 19:11:05.677,1.19678,1.19682,1.00,2.25
2015.04.21 19:11:10.296,1.19677,1.19682,1.00,2.44
2015.04.21 19:11:11.137,1.19676,1.19682,1.69,2.44
2015.04.21 19:11:15.128,1.19677,1.19681,1.00,1.50
2015.04.21 19:11:20.285,1.19677,1.19682,1.10,2.06
2015.04.21 19:11:21.901,1.1968,1.19682,1.00,1.12
2015.04.21 19:11:22.205,1.19683,1.19686,1.00,1.12
2015.04.21 19:11:22.510,1.19682,1.19686,1.00,1.12
2015.04.21 19:11:23.218,1.19683,1.19687,1.00,1.50
2015.04.21 19:11:23.680,1.19681,1.19687,2.25,2.25
2015.04.21 19:11:24.993,1.19681,1.19683,1.50,1.00
2015.04.21 19:11:25.119,1.19679,1.19682,1.00,1.57
2015.04.21 19:11:25.170,1.19677,1.19682,1.10,1.57
2015.04.21 19:11:25.221,1.19677,1.19681,1.00,1.12
2015.04.21 19:11:25.737,1.19676,1.19681,1.69,1.12
2015.04.21 19:11:26.683,1.19676,1.19681,1.00,1.69
2015.04.21 19:11:33.024,1.19676,1.19678,1.00,1.00
2015.04.21 19:11:33.349,1.19672,1.19676,1.00,2.25
2015.04.21 19:11:34.020,1.19672,1.19676,1.00,2.25
2015.04.21 19:11:36.933,1.19671,1.19676,1.00,3.00
2015.04.21 19:11:37.477,1.1967,1.19676,1.50,3.00
2015.04.21 19:11:38.314,1.1967,1.19676,1.57,2.25
2015.04.21 19:11:42.926,1.1967,1.19676,1.50,2.44
2015.04.21 19:11:45.896,1.1967,1.19676,1.87,2.06
2015.04.21 19:11:50.160,1.19672,1.19676,1.00,1.31
2015.04.21 19:11:53.777,1.19671,1.19676,1.10,2.06
2015.04.21 19:11:54.140,1.19673,1.19678,1.00,2.44
2015.04.21 19:11:54.645,1.19672,1.19678,1.50,3.00
2015.04.21 19:12:01.911,1.1967,1.19676,3.37,1.87
2015.04.21 19:12:02.416,1.1967,1.19674,1.57,1.10
2015.04.21 19:12:03.839,1.19669,1.19673,1.10,1.00
2015.04.21 19:12:04.346,1.19668,1.19673,2.32,1.12
2015.04.21 19:12:04.649,1.19668,1.19673,3.00,1.00
2015.04.21 19:12:05.193,1.19668,1.19674,3.75,1.57
2015.04.21 19:12:05.722,1.19669,1.19674,1.10,1.87
2015.04.21 19:12:09.905,1.1967,1.19674,1.00,1.12
2015.04.21 19:12:16.610,1.1967,1.19674,1.10,1.57
2015.04.21 19:12:20.766,1.19668,1.19673,3.37,1.10
2015.04.21 19:12:21.272,1.19668,1.19674,4.50,1.76
2015.04.21 19:12:27.463,1.19668,1.19674,4.69,1.76
2015.04.21 19:12:29.166,1.19668,1.19674,4.50,1.76
2015.04.21 19:12:29.680,1.19668,1.19674,3.75,1.57
2015.04.21 19:12:32.093,1.19668,1.19673,3.00,1.00
2015.04.21 19:12:34.667,1.19668,1.19672,1.50,1.00
2015.04.21 19:12:34.769,1.19668,1.19672,1.10,1.10
2015.04.21 19:12:35.297,1.19668,1.19672,1.00,1.12
2015.04.21 19:12:41.245,1.19668,1.19674,2.51,3.00
2015.04.21 19:12:44.221,1.19669,1.19674,1.00,2.25
2015.04.21 19:13:05.165,1.19668,1.19674,3.26,2.44
2015.04.21 19:13:21.597,1.19668,1.19673,1.69,1.50
2015.04.21 19:13:24.904,1.19668,1.19672,1.00,1.50
2015.04.21 19:13:26.282,1.19667,1.19672,1.00,1.69
2015.04.21 19:13:32.979,1.19667,1.19669,1.00,1.00
2015.04.21 19:13:33.031,1.19665,1.19666,1.00,1.00
2015.04.21 19:13:33.082,1.19664,1.19666,1.10,1.50
2015.04.21 19:13:33.184,1.19661,1.19664,1.00,1.01
2015.04.21 19:13:33.235,1.19661,1.19662,1.00,1.00
2015.04.21 19:13:33.286,1.19659,1.19662,1.00,1.10
2015.04.21 19:13:33.692,1.19661,1.19662,1.00,1.00
2015.04.21 19:13:34.148,1.19661,1.19666,1.57,1.12
2015.04.21 19:13:34.553,1.19663,1.19666,1.00,1.10
2015.04.21 19:13:34.856,1.19665,1.1967,1.00,2.25
2015.04.21 19:13:35.869,1.19665,1.19667,1.00,1.00
2015.04.21 19:13:35.971,1.19662,1.19667,1.10,2.81
2015.04.21 19:13:37.190,1.19663,1.19667,1.00,1.12
2015.04.21 19:13:37.698,1.19663,1.19669,1.57,2.25
2015.04.21 19:13:37.975,1.19663,1.19669,2.25,1.57
2015.04.21 19:13:41.413,1.19664,1.19669,1.10,1.12
2015.04.21 19:13:46.294,1.19666,1.19669,1.50,1.12
2015.04.21 19:13:46.446,1.19668,1.19672,1.00,1.12
2015.04.21 19:13:46.800,1.19669,1.19674,1.10,3.37
2015.04.21 19:14:04.875,1.19669,1.19675,1.76,2.44
2015.04.21 19:14:09.581,1.19669,1.19674,1.01,1.12
2015.04.21 19:14:13.305,1.19669,1.19674,1.00,1.50
2015.04.21 19:14:21.010,1.19668,1.19674,2.81,1.87
2015.04.21 19:14:28.231,1.19667,1.19671,1.50,1.00
2015.04.21 19:14:28.383,1.19667,1.19671,1.00,1.50
2015.04.21 19:14:28.593,1.19666,1.1967,1.00,1.75
2015.04.21 19:14:28.947,1.19664,1.19668,1.10,1.50
2015.04.21 19:14:30.633,1.19661,1.19666,2.25,1.00
2015.04.21 19:14:30.684,1.19661,1.19666,1.50,1.10
2015.04.21 19:14:31.192,1.19659,1.19665,3.00,1.57
2015.04.21 19:14:32.050,1.19659,1.19664,1.75,1.00
2015.04.21 19:14:32.202,1.19659,1.19663,1.10,1.50
2015.04.21 19:14:35.949,1.19659,1.19664,1.50,1.50
2015.04.21 19:14:41.021,1.19657,1.19663,3.19,2.25
2015.04.21 19:14:41.476,1.19656,1.1966,3.00,1.00
2015.04.21 19:14:41.679,1.19655,1.1966,1.69,2.25
2015.04.21 19:14:42.184,1.19654,1.19659,2.25,1.50
2015.04.21 19:14:47.980,1.19654,1.1966,3.19,2.25
2015.04.21 19:14:50.376,1.19654,1.19658,1.75,1.00
2015.04.21 19:14:53.578,1.19654,1.19659,2.44,1.57
2015.04.21 19:15:01.663,1.19658,1.1966,1.00,1.50
2015.04.21 19:15:01.916,1.19658,1.19663,3.75,2.32
2015.04.21 19:15:02.424,1.1966,1.19663,3.00,2.25
2015.04.21 19:15:02.526,1.1966,1.19666,3.00,3.00
2015.04.21 19:15:04.380,1.19662,1.19666,1.00,1.69
2015.04.21 19:15:04.785,1.19662,1.19668,2.25,3.75
2015.04.21 19:15:04.988,1.19666,1.19669,1.50,1.75
2015.04.21 19:15:05.140,1.19668,1.19674,1.57,5.44
2015.04.21 19:15:05.292,1.1967,1.19674,1.00,1.75
2015.04.21 19:15:21.408,1.19671,1.19675,1.00,1.75
2015.04.21 19:15:22.040,1.1967,1.19676,2.32,2.25
2015.04.21 19:15:22.142,1.19671,1.19676,1.10,1.50
2015.04.21 19:15:22.647,1.19672,1.19677,1.00,2.00
2015.04.21 19:15:29.940,1.1967,1.19676,3.19,2.25
2015.04.21 19:15:31.950,1.1967,1.19675,1.76,1.75
2015.04.21 19:15:32.254,1.19672,1.19677,1.00,2.00
2015.04.21 19:15:32.305,1.19672,1.19677,1.00,2.00
2015.04.21 19:15:35.271,1.19672,1.19677,1.69,1.50
2015.04.21 19:15:44.828,1.19672,1.19674,1.50,1.00
2015.04.21 19:15:44.929,1.19671,1.19674,1.10,1.10
2015.04.21 19:15:45.438,1.1967,1.19674,1.10,1.50
2015.04.21 19:15:55.502,1.1967,1.19676,2.25,2.44
2015.04.21 19:15:59.876,1.1967,1.19676,2.44,1.76
2015.04.21 19:16:22.870,1.19674,1.19678,1.00,2.25
2015.04.21 19:16:23.375,1.19674,1.19679,1.00,2.06
2015.04.21 19:16:29.807,1.19676,1.1968,1.00,2.00
2015.04.21 19:16:29.909,1.19681,1.19682,1.00,1.10
2015.04.21 19:16:30.011,1.19683,1.19684,1.00,1.50
2015.04.21 19:16:30.062,1.19683,1.19687,1.00,1.12
2015.04.21 19:16:30.568,1.19682,1.19688,1.57,2.81
2015.04.21 19:16:32.329,1.19682,1.19686,1.50,1.37
2015.04.21 19:16:33.729,1.19682,1.19683,1.00,1.00
2015.04.21 19:16:33.881,1.19678,1.19682,1.00,3.19
2015.04.21 19:16:33.932,1.19676,1.19681,1.57,1.12
2015.04.21 19:16:34.539,1.19676,1.19681,1.00,1.50
2015.04.21 19:16:35.049,1.19676,1.19681,1.01,1.12
2015.04.21 19:16:42.137,1.19676,1.19681,1.25,1.50
2015.04.21 19:16:42.642,1.19674,1.19679,1.76,1.12
2015.04.21 19:16:45.084,1.19674,1.19679,1.76,1.12
2015.04.21 19:16:46.870,1.19674,1.19679,1.76,1.12
2015.04.21 19:16:48.688,1.19674,1.19679,1.57,1.12
2015.04.21 19:16:49.193,1.19674,1.19679,1.76,1.12
2015.04.21 19:16:53.969,1.19674,1.19679,1.76,1.12
2015.04.21 19:16:55.282,1.19674,1.19679,1.76,1.12
2015.04.21 19:16:56.303,1.19674,1.19678,1.57,1.10
2015.04.21 19:16:56.456,1.19674,1.19678,1.00,1.50
2015.04.21 19:17:12.015,1.19673,1.19679,2.44,2.25
2015.04.21 19:17:13.026,1.19673,1.19679,1.50,2.25
2015.04.21 19:17:19.446,1.19673,1.19678,1.19,1.50
2015.04.21 19:17:20.833,1.19673,1.19678,1.25,1.69
2015.04.21 19:17:35.923,1.19674,1.19679,1.00,1.75
2015.04.21 19:17:37.227,1.19673,1.19679,1.69,2.25
2015.04.21 19:17:37.927,1.19674,1.19679,1.00,1.75
2015.04.21 19:17:40.361,1.19673,1.19678,1.25,1.50
2015.04.21 19:17:44.188,1.19673,1.19677,1.00,1.50
2015.04.21 19:17:44.730,1.19671,1.19677,2.51,2.25
2015.04.21 19:17:45.474,1.19671,1.19677,2.51,2.25
2015.04.21 19:17:46.889,1.19671,1.19677,2.51,2.25
2015.04.21 19:17:51.625,1.19671,1.19676,1.19,1.50
2015.04.21 19:17:52.194,1.19671,1.19675,1.25,1.50
2015.04.21 19:17:52.346,1.19669,1.19674,1.50,1.50
2015.04.21 19:17:52.447,1.19669,1.1967,1.00,1.00
2015.04.21 19:17:52.498,1.19667,1.1967,1.00,1.00
2015.04.21 19:17:52.550,1.19667,1.19672,1.00,2.32
2015.04.21 19:17:52.601,1.19666,1.19669,1.50,1.00
2015.04.21 19:17:52.703,1.19664,1.19669,1.01,1.12
2015.04.21 19:17:52.754,1.19664,1.19669,1.25,1.75
2015.04.21 19:17:52.956,1.19662,1.19668,1.50,2.25
2015.04.21 19:17:53.464,1.19662,1.19666,1.50,1.10
2015.04.21 19:17:55.130,1.19664,1.19668,1.00,3.00
2015.04.21 19:17:55.181,1.19666,1.19668,1.00,2.25
2015.04.21 19:17:55.383,1.19668,1.19673,1.50,1.75
2015.04.21 19:17:55.485,1.19668,1.19674,4.01,2.25
2015.04.21 19:17:55.738,1.1967,1.19675,1.00,1.75
2015.04.21 19:17:56.262,1.1967,1.19675,1.00,1.50
2015.04.21 19:18:05.400,1.1967,1.19675,1.01,1.12
2015.04.21 19:18:10.371,1.1967,1.19676,1.76,2.25
2015.04.21 19:18:13.444,1.1967,1.19676,1.76,2.25
2015.04.21 19:18:13.972,1.1967,1.19675,1.25,1.50
2015.04.21 19:18:16.252,1.19671,1.19675,1.00,1.50
2015.04.21 19:18:19.132,1.19671,1.19676,1.00,1.50
2015.04.21 19:18:23.173,1.19672,1.19677,1.00,2.25
2015.04.21 19:18:23.713,1.19671,1.19677,1.50,2.44
2015.04.21 19:18:26.171,1.19671,1.19675,1.00,1.50
2015.04.21 19:18:28.295,1.19669,1.19675,2.51,2.25
2015.04.21 19:18:37.093,1.19667,1.19673,2.81,1.87
2015.04.21 19:18:38.101,1.19667,1.19671,2.06,1.00
2015.04.21 19:18:38.606,1.19667,1.19671,1.01,1.10
2015.04.21 19:18:38.891,1.19665,1.19669,3.19,1.00
2015.04.21 19:18:39.145,1.19661,1.19666,1.57,1.87
2015.04.21 19:18:39.651,1.19658,1.19664,3.94,1.57
2015.04.21 19:18:39.904,1.19658,1.19662,2.06,1.00
2015.04.21 19:18:40.410,1.19657,1.19661,1.31,1.00
2015.04.21 19:18:42.455,1.19656,1.19661,1.76,1.12
2015.04.21 19:18:46.525,1.19657,1.19661,1.00,2.25
2015.04.21 19:18:49.141,1.19658,1.19662,1.00,2.25
2015.04.21 19:18:54.537,1.19658,1.19663,1.00,2.25
2015.04.21 19:19:07.553,1.19658,1.19664,2.44,4.50
2015.04.21 19:19:07.756,1.1966,1.19664,1.50,1.50
2015.04.21 19:19:08.267,1.19661,1.19665,1.50,1.69
2015.04.21 19:19:09.577,1.19666,1.19667,1.35,1.50
2015.04.21 19:19:09.679,1.19667,1.19672,1.00,2.62
2015.04.21 19:19:09.730,1.19667,1.19672,1.00,3.00
2015.04.21 19:19:09.832,1.1967,1.19675,1.00,2.44
2015.04.21 19:19:09.948,1.1967,1.19675,1.00,1.31
2015.04.21 19:19:10.502,1.19671,1.19676,1.00,2.25
2015.04.21 19:19:20.396,1.19671,1.19677,1.50,3.00
2015.04.21 19:19:21.779,1.19671,1.19677,1.69,2.25
2015.04.21 19:19:29.900,1.19671,1.19676,1.50,1.12
2015.04.21 19:19:33.812,1.19671,1.19676,1.69,1.75
2015.04.21 19:19:37.899,1.19672,1.19677,1.00,1.50
2015.04.21 19:19:38.884,1.19671,1.19677,1.69,2.25
2015.04.21 19:19:39.435,1.19672,1.19677,1.00,1.50
2015.04.21 19:19:43.752,1.19673,1.19678,1.00,2.25
2015.04.21 19:19:50.030,1.19672,1.19677,2.44,1.12
2015.04.21 19:19:50.301,1.19667,1.19669,1.00,2.25
2015.04.21 19:19:50.352,1.19666,1.19668,1.00,1.00
2015.04.21 19:19:50.454,1.19667,1.19669,1.00,1.00
2015.04.21 19:19:51.979,1.19667,1.19672,1.50,2.25
2015.04.21 19:19:55.197,1.19669,1.19672,1.00,2.25
2015.04.21 19:19:55.400,1.1967,1.19675,1.00,1.50
2015.04.21 19:19:55.502,1.19672,1.19675,1.00,1.50
2015.04.21 19:19:56.050,1.19671,1.19677,1.50,3.00
2015.04.21 19:19:56.608,1.19672,1.19677,1.00,2.25
2015.04.21 19:19:57.158,1.19672,1.19677,1.00,1.50
2015.04.21 19:19:59.415,1.19671,1.19677,1.76,2.25
2015.04.21 19:20:09.497,1.19671,1.19676,1.00,1.69
2015.04.21 19:20:09.801,1.19668,1.19672,1.57,1.10
2015.04.21 19:20:10.306,1.19666,1.19669,1.12,1.00
2015.04.21 19:20:10.459,1.19664,1.19667,1.00,1.50
2015.04.21 19:20:10.560,1.19661,1.19666,1.50,1.50
2015.04.21 19:20:11.066,1.1966,1.19665,1.25,1.50
2015.04.21 19:20:11.572,1.19661,1.19665,1.00,1.50
2015.04.21 19:20:12.098,1.1966,1.19665,1.25,1.50
2015.04.21 19:20:13.450,1.19661,1.19665,1.00,1.50
2015.04.21 19:20:13.995,1.19661,1.19665,1.00,1.12
2015.04.21 19:20:14.658,1.19662,1.19665,1.00,1.12
2015.04.21 19:20:15.160,1.19662,1.19665,1.10,1.00
2015.04.21 19:20:17.968,1.19661,1.19665,1.76,1.10
2015.04.21 19:20:18.493,1.19661,1.19665,1.00,1.12
2015.04.21 19:20:19.175,1.19661,1.19665,1.10,1.10
2015.04.21 19:20:20.447,1.19662,1.19665,1.00,1.10
2015.04.21 19:20:20.852,1.19664,1.19668,1.00,1.69
2015.04.21 19:20:21.138,1.19665,1.1967,1.00,2.44
2015.04.21 19:20:21.449,1.19667,1.19671,1.00,1.75
2015.04.21 19:20:21.853,1.19669,1.1967,1.00,1.00
2015.04.21 19:20:22.005,1.19669,1.19672,1.00,1.31
2015.04.21 19:20:23.543,1.19672,1.19675,1.00,2.62
2015.04.21 19:20:24.049,1.19672,1.19677,1.00,3.19
2015.04.21 19:20:25.508,1.19672,1.19677,1.00,3.19
2015.04.21 19:20:27.839,1.19671,1.19675,2.25,1.75
2015.04.21 19:20:28.380,1.19672,1.19675,1.00,1.75
2015.04.21 19:20:34.057,1.19672,1.19673,1.00,1.10
2015.04.21 19:20:34.108,1.19669,1.19671,1.29,1.00
2015.04.21 19:20:34.211,1.19667,1.1967,1.00,1.00
2015.04.21 19:20:34.262,1.19665,1.19669,1.00,1.50
2015.04.21 19:20:34.313,1.19665,1.19669,1.00,2.25
2015.04.21 19:20:34.516,1.19663,1.19668,1.00,1.50
2015.04.21 19:20:35.028,1.19662,1.19668,1.57,3.00
2015.04.21 19:20:36.633,1.19662,1.19666,1.50,1.50
2015.04.21 19:20:37.987,1.19662,1.19666,1.50,1.75
2015.04.21 19:20:41.501,1.1966,1.19666,1.87,3.00
2015.04.21 19:20:42.002,1.19661,1.19666,1.10,2.25
2015.04.21 19:20:49.498,1.19662,1.19666,1.50,1.69
2015.04.21 19:20:50.028,1.19662,1.19667,1.57,2.44
2015.04.21 19:21:02.438,1.19664,1.19667,1.00,1.50
2015.04.21 19:21:02.693,1.19669,1.19674,1.50,3.00
2015.04.21 19:21:03.149,1.19671,1.19674,1.00,1.50
2015.04.21 19:21:04.567,1.19671,1.19675,1.10,2.62
2015.04.21 19:21:05.333,1.19671,1.19675,1.00,3.37
2015.04.21 19:21:05.879,1.19669,1.19675,1.87,4.12
2015.04.21 19:21:08.343,1.19669,1.19673,1.00,1.50
2015.04.21 19:21:09.073,1.19669,1.19672,1.00,1.22
2015.04.21 19:21:09.593,1.19667,1.19673,1.87,3.94
2015.04.21 19:21:10.141,1.19667,1.19673,1.87,3.94
2015.04.21 19:21:10.849,1.19667,1.19672,1.10,1.69
2015.04.21 19:21:11.758,1.19667,1.19672,1.10,2.44
2015.04.21 19:21:12.061,1.19668,1.19673,1.12,1.69
2015.04.21 19:21:24.493,1.19669,1.19675,1.87,4.31
2015.04.21 19:21:30.160,1.19669,1.19673,1.87,1.00
2015.04.21 19:21:30.676,1.19669,1.19673,1.10,2.25
2015.04.21 19:21:31.181,1.19669,1.19673,1.12,1.00
2015.04.21 19:21:50.138,1.19668,1.19669,2.44,1.50
2015.04.21 19:21:50.342,1.19662,1.19667,2.51,1.22
2015.04.21 19:21:53.098,1.19662,1.19666,1.00,1.50
2015.04.21 19:21:56.125,1.19661,1.19666,1.10,1.69
2015.04.21 19:21:56.707,1.1966,1.19665,1.10,1.50
2015.04.21 19:21:57.225,1.19658,1.19663,2.44,1.00
2015.04.21 19:21:57.276,1.19658,1.19663,1.69,1.75
2015.04.21 19:21:57.781,1.19657,1.19662,1.10,2.25
2015.04.21 19:21:58.327,1.19657,1.19662,1.00,2.25
2015.04.21 19:21:58.832,1.19656,1.19662,3.26,3.00
2015.04.21 19:21:59.467,1.19654,1.19659,1.10,1.75
2015.04.21 19:21:59.974,1.19654,1.19659,1.00,2.25
2015.04.21 19:22:05.645,1.19652,1.19656,1.57,1.15
2015.04.21 19:22:05.696,1.19651,1.19654,1.12,1.87
2015.04.21 19:22:05.747,1.19649,1.19653,1.50,1.20
2015.04.21 19:22:05.798,1.19647,1.19651,1.12,1.00
2015.04.21 19:22:06.101,1.19646,1.19651,1.00,2.25
2015.04.21 19:22:06.607,1.19645,1.19651,1.57,3.00
2015.04.21 19:22:07.675,1.19646,1.19651,1.00,2.44
2015.04.21 19:22:09.473,1.19648,1.19651,1.00,1.69
2015.04.21 19:22:09.777,1.19657,1.19658,1.00,1.50
2015.04.21 19:22:09.828,1.19657,1.19661,1.50,1.00
2015.04.21 19:22:11.789,1.19656,1.19662,2.25,5.06
2015.04.21 19:22:16.302,1.19656,1.19661,1.87,1.22
2015.04.21 19:22:18.266,1.19656,1.19661,1.10,2.00
2015.04.21 19:22:28.379,1.19656,1.19661,1.10,1.31
2015.04.21 19:22:32.452,1.19655,1.1966,1.31,1.29
2015.04.21 19:22:34.446,1.19655,1.1966,1.12,1.01
2015.04.21 19:22:37.008,1.19655,1.19659,1.12,1.00
2015.04.21 19:22:37.059,1.19655,1.19657,1.12,1.00
2015.04.21 19:22:37.211,1.19652,1.19656,1.10,1.57
2015.04.21 19:22:37.717,1.19651,1.19656,1.10,1.87
2015.04.21 19:22:38.171,1.19653,1.19658,1.00,3.75
2015.04.21 19:22:38.676,1.19654,1.19659,1.50,1.87
2015.04.21 19:22:39.380,1.19655,1.19659,1.00,1.50
2015.04.21 19:22:39.936,1.19656,1.1966,1.00,1.50
2015.04.21 19:22:40.928,1.19656,1.1966,1.10,1.10
2015.04.21 19:22:42.462,1.19656,1.1966,1.00,1.12
2015.04.21 19:22:46.356,1.19654,1.1966,2.06,2.81
2015.04.21 19:22:46.858,1.19654,1.1966,1.76,3.19
2015.04.21 19:22:52.619,1.19654,1.19659,1.12,1.10
2015.04.21 19:22:57.339,1.19654,1.19659,1.00,2.62
2015.04.21 19:23:05.043,1.19654,1.1966,1.76,3.00
2015.04.21 19:23:05.617,1.19654,1.1966,2.06,2.62
2015.04.21 19:23:07.782,1.19653,1.19658,2.06,1.10
2015.04.21 19:23:08.086,1.19653,1.19658,1.57,1.69
2015.04.21 19:23:11.789,1.19653,1.19657,1.57,1.10
2015.04.21 19:23:12.117,1.19653,1.19657,2.25,1.00
2015.04.21 19:23:16.553,1.19655,1.19659,1.10,1.57
2015.04.21 19:23:18.559,1.19653,1.19659,1.57,3.00
2015.04.21 19:23:19.065,1.19654,1.19659,1.00,2.25
2015.04.21 19:23:19.217,1.19654,1.19659,1.12,1.57
2015.04.21 19:23:30.700,1.19656,1.19659,1.00,1.10
2015.04.21 19:23:30.902,1.19657,1.19661,1.10,1.57
2015.04.21 19:23:31.432,1.19657,1.19661,1.12,1.00
2015.04.21 19:23:31.962,1.19657,1.19662,1.87,1.57
2015.04.21 19:23:32.476,1.19658,1.19662,1.12,1.50
2015.04.21 19:23:33.529,1.19659,1.19663,1.10,3.26
2015.04.21 19:23:33.832,1.1966,1.19663,1.12,2.25
2015.04.21 19:23:40.541,1.1966,1.19663,1.10,3.00
2015.04.21 19:23:41.106,1.1966,1.19663,1.12,2.25
2015.04.21 19:23:48.530,1.19665,1.19666,1.50,1.87
2015.04.21 19:23:48.733,1.19671,1.19673,1.00,1.12
2015.04.21 19:23:48.834,1.1967,1.19676,1.87,2.62
2015.04.21 19:23:50.016,1.1967,1.19676,2.25,2.32
2015.04.21 19:24:08.072,1.1967,1.19676,1.57,3.75
2015.04.21 19:24:08.827,1.19668,1.19674,1.76,2.25
2015.04.21 19:24:09.337,1.19668,1.19673,1.00,1.50
2015.04.21 19:24:10.247,1.19668,1.19673,1.10,1.12
2015.04.21 19:24:14.415,1.19668,1.19674,2.62,2.62
2015.04.21 19:24:15.224,1.19668,1.19674,2.51,3.00
2015.04.21 19:24:19.064,1.19668,1.19673,1.00,2.25
2015.04.21 19:24:25.234,1.19668,1.19673,1.10,1.87
2015.04.21 19:24:25.747,1.19668,1.19673,2.06,1.10
2015.04.21 19:24:31.202,1.1967,1.19673,1.00,1.10
2015.04.21 19:24:31.730,1.19669,1.19674,1.87,3.26
2015.04.21 19:24:32.411,1.19672,1.19675,1.00,1.12
2015.04.21 19:24:32.462,1.19672,1.19677,1.10,2.06
2015.04.21 19:24:33.270,1.19672,1.19677,1.12,1.01
2015.04.21 19:24:35.134,1.19671,1.19677,2.51,3.00
2015.04.21 19:24:38.208,1.19672,1.19677,1.00,2.25
2015.04.21 19:24:38.662,1.19672,1.19677,1.12,1.57
2015.04.21 19:24:40.415,1.19671,1.19676,1.50,1.00
2015.04.21 19:24:40.997,1.19671,1.19677,2.25,3.07
2015.04.21 19:24:42.384,1.19671,1.19676,1.50,1.00
2015.04.21 19:24:42.637,1.1967,1.19675,1.75,2.44
2015.04.21 19:24:42.688,1.19669,1.19675,2.25,2.51
2015.04.21 19:24:43.042,1.19667,1.19673,3.75,2.51
2015.04.21 19:24:43.143,1.19667,1.19672,1.57,1.31
2015.04.21 19:24:43.299,1.19665,1.19666,1.00,1.50
2015.04.21 19:24:43.451,1.19659,1.19663,1.50,1.25
2015.04.21 19:24:44.037,1.19657,1.19662,1.50,1.69
2015.04.21 19:24:44.543,1.19657,1.19662,1.12,1.76
2015.04.21 19:24:45.139,1.19657,1.19662,1.12,1.76
2015.04.21 19:24:50.882,1.19656,1.19661,1.50,1.19
2015.04.21 19:24:51.466,1.19655,1.19661,2.25,1.76
2015.04.21 19:24:52.683,1.19655,1.19661,2.25,1.57
2015.04.21 19:24:55.124,1.19657,1.19663,2.62,2.62
2015.04.21 19:24:56.236,1.19659,1.19663,1.12,1.50
2015.04.21 19:25:01.200,1.19659,1.19663,1.10,1.10
2015.04.21 19:25:05.715,1.19657,1.19662,2.25,1.00
2015.04.21 19:25:05.917,1.19657,1.19662,1.57,1.12
2015.04.21 19:25:06.119,1.19658,1.19663,1.12,1.57
2015.04.21 19:25:06.425,1.19662,1.19665,1.50,2.25
2015.04.21 19:25:06.628,1.19668,1.19671,2.25,1.75
2015.04.21 19:25:06.679,1.19668,1.19671,2.25,1.10
2015.04.21 19:25:07.134,1.19668,1.19673,2.62,1.10
2015.04.21 19:25:19.671,1.19669,1.19672,1.00,1.10
2015.04.21 19:25:20.220,1.19669,1.19672,1.87,1.00
2015.04.21 19:25:20.920,1.19669,1.19673,1.87,1.00
2015.04.21 19:25:21.452,1.19669,1.19672,1.87,1.00
2015.04.21 19:25:21.999,1.19668,1.19672,2.62,1.00
2015.04.21 19:25:24.304,1.19668,1.19674,2.62,3.37
2015.04.21 19:25:25.958,1.19668,1.19672,1.87,1.00
2015.04.21 19:25:30.137,1.19668,1.19673,2.62,1.76
2015.04.21 19:25:31.000,1.19668,1.19672,2.62,1.00
2015.04.21 19:25:31.549,1.19668,1.19673,2.62,1.76
2015.04.21 19:25:32.313,1.19668,1.19672,2.62,1.00
2015.04.21 19:25:38.524,1.19668,1.1967,1.31,1.00
2015.04.21 19:25:38.676,1.19662,1.19667,1.50,1.50
2015.04.21 19:25:39.182,1.19661,1.19667,2.25,1.57
2015.04.21 19:25:44.391,1.19661,1.19666,1.12,1.10
2015.04.21 19:25:46.363,1.1966,1.19665,3.00,1.00
2015.04.21 19:25:47.046,1.1966,1.19665,1.87,1.10
2015.04.21 19:25:50.920,1.19659,1.19665,3.00,1.76
2015.04.21 19:25:51.326,1.19658,1.19663,1.87,1.10
2015.04.21 19:25:51.832,1.19658,1.19663,2.25,1.00
2015.04.21 19:25:56.385,1.19658,1.19663,1.12,1.01
2015.04.21 19:25:56.891,1.19658,1.19663,1.50,1.25
2015.04.21 19:25:59.195,1.19659,1.19664,1.12,1.76
2015.04.21 19:26:04.037,1.19659,1.19663,1.12,2.25
2015.04.21 19:26:04.543,1.19659,1.19662,1.10,1.00
2015.04.21 19:26:08.512,1.19658,1.19661,1.12,1.19
2015.04.21 19:26:08.765,1.19648,1.19652,2.25,1.00
2015.04.21 19:26:08.918,1.19652,1.19656,1.57,1.10
2015.04.21 19:26:09.423,1.19653,1.19658,1.10,1.87
2015.04.21 19:26:09.829,1.19655,1.1966,1.00,2.25
2015.04.21 19:26:09.930,1.19655,1.19661,2.32,3.94
2015.04.21 19:26:10.458,1.19655,1.19661,2.62,3.56
2015.04.21 19:26:26.747,1.19655,1.1966,1.00,2.25
2015.04.21 19:26:37.349,1.19655,1.19656,1.00,1.00
2015.04.21 19:26:37.653,1.1965,1.19655,1.50,1.10
2015.04.21 19:26:38.006,1.19651,1.19653,1.10,2.25
2015.04.21 19:26:38.512,1.19649,1.19653,1.50,2.25
2015.04.21 19:26:39.017,1.19649,1.19652,1.10,1.00
2015.04.21 19:26:39.524,1.19649,1.19652,1.00,1.50
2015.04.21 19:26:45.789,1.19649,1.19653,1.57,1.50
2015.04.21 19:26:46.093,1.19652,1.19657,1.50,2.25
2015.04.21 19:26:46.403,1.19655,1.1966,1.00,2.44
2015.04.21 19:26:46.556,1.19655,1.1966,1.00,2.25
2015.04.21 19:26:53.059,1.19654,1.19659,1.57,1.50
2015.04.21 19:26:53.566,1.19653,1.19658,1.10,1.50
2015.04.21 19:27:00.217,1.19653,1.19656,1.10,1.00
2015.04.21 19:27:00.751,1.1965,1.19655,2.25,1.00
2015.04.21 19:27:00.903,1.19648,1.19653,2.25,1.00
2015.04.21 19:27:01.055,1.19648,1.19653,2.25,1.10
2015.04.21 19:27:01.561,1.19648,1.19654,2.25,1.76
2015.04.21 19:27:02.887,1.19648,1.19653,2.25,1.25
2015.04.21 19:27:03.191,1.19651,1.19654,1.50,1.00
2015.04.21 19:27:03.293,1.19651,1.19656,1.75,1.00
2015.04.21 19:27:19.548,1.19655,1.19659,1.00,2.25
2015.04.21 19:27:20.054,1.19655,1.19659,1.00,2.25
2015.04.21 19:27:25.708,1.19655,1.1966,1.10,3.00
2015.04.21 19:27:26.606,1.19655,1.19658,1.00,1.75
2015.04.21 19:27:27.464,1.19653,1.19658,1.10,1.75
2015.04.21 19:27:27.994,1.19653,1.19657,1.00,1.75
2015.04.21 19:27:32.196,1.19653,1.19658,1.10,1.50
2015.04.21 19:27:46.928,1.19653,1.19655,1.10,1.00
2015.04.21 19:27:47.182,1.19649,1.19653,1.57,1.50
2015.04.21 19:27:47.320,1.1965,1.19656,1.57,2.25
2015.04.21 19:27:47.371,1.1965,1.19656,2.25,2.44
2015.04.21 19:27:57.809,1.19652,1.19658,2.25,2.25
2015.04.21 19:28:10.445,1.19654,1.19659,1.00,2.25
2015.04.21 19:28:10.597,1.19654,1.1966,2.25,3.19
2015.04.21 19:28:19.295,1.19654,1.19659,1.10,1.75
2015.04.21 19:28:19.807,1.19653,1.19654,2.25,1.00
2015.04.21 19:28:19.857,1.1965,1.19654,1.75,1.00
2015.04.21 19:28:19.959,1.19648,1.19654,2.25,2.32
2015.04.21 19:28:20.111,1.19652,1.19654,1.00,1.10
2015.04.21 19:28:20.416,1.19654,1.19658,1.00,1.75
2015.04.21 19:28:22.524,1.19652,1.19657,1.50,1.50
2015.04.21 19:28:23.140,1.19653,1.19658,1.50,1.50
2015.04.21 19:28:26.434,1.19654,1.19659,1.00,1.75
2015.04.21 19:28:28.939,1.19654,1.19658,1.00,1.12
2015.04.21 19:28:29.404,1.19654,1.19658,1.00,1.75
2015.04.21 19:28:30.511,1.19654,1.19659,1.00,1.50
2015.04.21 19:28:33.023,1.19654,1.19658,1.00,1.75
2015.04.21 19:28:37.420,1.19654,1.19658,1.00,1.12
2015.04.21 19:28:43.882,1.19652,1.19657,1.12,1.57
2015.04.21 19:28:44.135,1.1965,1.19655,1.50,1.00
2015.04.21 19:28:44.706,1.1965,1.19656,2.25,1.57
2015.04.21 19:28:45.211,1.19652,1.19658,1.87,1.87
2015.04.21 19:28:45.941,1.19652,1.19656,1.12,1.00
2015.04.21 19:28:46.446,1.19652,1.19658,3.56,1.87
2015.04.21 19:28:47.799,1.19656,1.19659,7.50,1.69
2015.04.21 19:28:48.104,1.19657,1.1966,7.50,2.06
2015.04.21 19:28:48.660,1.19657,1.1966,7.50,1.10
2015.04.21 19:28:49.277,1.19657,1.19661,7.57,1.10
2015.04.21 19:28:50.781,1.19658,1.19661,7.50,1.10
2015.04.21 19:28:52.836,1.19658,1.19662,7.57,2.32
2015.04.21 19:28:55.809,1.19658,1.19661,7.57,1.00
2015.04.21 19:28:55.910,1.19658,1.19659,7.57,1.00
2015.04.21 19:28:56.213,1.19655,1.19658,7.50,1.12
2015.04.21 19:28:58.366,1.19656,1.19658,7.50,2.62
2015.04.21 19:29:00.134,1.19652,1.19654,1.50,1.00
2015.04.21 19:29:00.424,1.19651,1.19654,7.87,1.00
2015.04.21 19:29:00.526,1.19652,1.19656,1.12,1.00
2015.04.21 19:29:01.097,1.19654,1.19656,7.50,1.00
2015.04.21 19:29:01.350,1.19658,1.1966,7.50,1.10
2015.04.21 19:29:02.325,1.19658,1.19659,7.57,1.50
2015.04.21 19:29:02.527,1.19656,1.19659,7.50,3.00
2015.04.21 19:29:03.305,1.19653,1.19658,8.32,2.62
2015.04.21 19:29:03.356,1.19653,1.19654,8.32,1.00
2015.04.21 19:29:03.610,1.1965,1.19653,7.87,1.00
2015.04.21 19:29:05.082,1.19651,1.19654,7.57,1.00
2015.04.21 19:29:05.609,1.19653,1.19655,7.50,1.69
2015.04.21 19:29:28.163,1.19653,1.19656,7.50,1.10
2015.04.21 19:29:28.668,1.19653,1.19656,9.37,1.00
2015.04.21 19:29:32.040,1.19654,1.19657,7.57,1.00
2015.04.21 19:29:38.507,1.19655,1.19659,7.50,2.44
2015.04.21 19:29:39.029,1.19655,1.19659,8.62,1.69
2015.04.21 19:29:43.681,1.19658,1.19659,7.50,1.00
2015.04.21 19:29:43.782,1.19659,1.19662,1.12,1.50
2015.04.21 19:29:44.288,1.19661,1.19663,7.50,1.00
2015.04.21 19:29:51.151,1.19661,1.19664,8.32,1.50
2015.04.21 19:29:51.732,1.19661,1.19664,8.62,1.50
2015.04.21 19:30:00.349,1.19661,1.19664,7.57,1.50
2015.04.21 19:30:00.703,1.19663,1.19665,1.00,1.10
2015.04.21 19:30:01.007,1.19665,1.19667,1.00,1.10
2015.04.21 19:30:01.341,1.19662,1.19667,10.87,1.10
2015.04.21 19:30:02.441,1.19662,1.19668,9.37,3.00
2015.04.21 19:30:02.972,1.19662,1.19666,8.25,1.00
2015.04.21 19:30:03.553,1.19662,1.19666,7.87,1.10
2015.04.21 19:30:04.241,1.19662,1.19666,7.50,2.62
2015.04.21 19:30:07.415,1.19662,1.19666,8.32,1.57
2015.04.21 19:30:08.310,1.19662,1.19665,7.57,1.00
2015.04.21 19:30:11.331,1.19662,1.19664,7.50,1.00
2015.04.21 19:30:11.483,1.19658,1.19664,9.75,2.62
2015.04.21 19:30:11.635,1.19658,1.19661,8.62,1.50
2015.04.21 19:30:11.737,1.19653,1.19654,2.25,1.00
2015.04.21 19:30:11.939,1.19651,1.19653,7.50,1.91
2015.04.21 19:30:12.091,1.19652,1.19657,8.50,1.50
2015.04.21 19:30:12.192,1.19651,1.19656,7.50,1.00
2015.04.21 19:30:12.243,1.1965,1.19652,7.50,1.10
2015.04.21 19:30:12.647,1.19651,1.19654,7.50,1.10
2015.04.21 19:30:13.152,1.1965,1.19654,7.87,1.00
2015.04.21 19:30:13.820,1.1965,1.19653,8.62,1.00
2015.04.21 19:30:14.330,1.1965,1.19652,8.62,1.00
2015.04.21 19:30:14.843,1.1965,1.19653,8.32,1.01
2015.04.21 19:30:16.444,1.1965,1.19654,8.62,1.19
2015.04.21 19:30:16.991,1.1965,1.19654,9.00,1.19
2015.04.21 19:30:17.528,1.1965,1.19654,9.00,1.25
2015.04.21 19:30:18.054,1.1965,1.19654,8.62,1.25
2015.04.21 19:30:18.559,1.1965,1.19654,8.62,1.19
2015.04.21 19:30:19.611,1.1965,1.19654,9.37,1.00
2015.04.21 19:30:19.763,1.19655,1.19657,7.50,1.87
2015.04.21 19:30:19.966,1.19656,1.19658,7.50,1.57
2015.04.21 19:30:20.977,1.19654,1.19658,1.10,1.57
2015.04.21 19:30:21.482,1.19654,1.19657,1.10,1.00
2015.04.21 19:30:21.634,1.19651,1.19654,9.00,1.00
2015.04.21 19:30:21.735,1.19651,1.19653,7.57,1.00
2015.04.21 19:30:25.679,1.19649,1.19652,2.25,1.00
2015.04.21 19:30:25.781,1.19649,1.19652,1.57,1.50
2015.04.21 19:30:25.883,1.19649,1.19652,1.50,1.00
2015.04.21 19:30:26.023,1.19649,1.19654,2.25,1.69
2015.04.21 19:30:27.636,1.19651,1.19653,7.57,1.00
2015.04.21 19:30:27.789,1.19648,1.19652,1.50,1.69
2015.04.21 19:30:28.293,1.19648,1.19651,1.50,1.00
2015.04.21 19:30:30.622,1.19648,1.19651,1.10,2.29
2015.04.21 19:30:31.172,1.19648,1.19651,1.50,1.19
2015.04.21 19:30:32.150,1.19648,1.19651,1.50,1.25
2015.04.21 19:30:39.994,1.19648,1.19651,1.50,1.19
2015.04.21 19:30:41.054,1.19647,1.19651,9.07,2.74
2015.04.21 19:30:48.404,1.19647,1.19648,1.00,1.35
2015.04.21 19:30:48.708,1.19644,1.19646,7.50,1.50
2015.04.21 19:30:49.113,1.19642,1.19646,4.50,1.00
2015.04.21 19:30:51.173,1.19642,1.19647,5.25,1.76
2015.04.21 19:30:51.427,1.19645,1.19648,1.00,1.31
2015.04.21 19:30:51.933,1.19646,1.19648,1.00,1.01
2015.04.21 19:30:58.150,1.19643,1.19648,3.00,1.01
2015.04.21 19:30:58.705,1.19643,1.19647,2.25,1.25
2015.04.21 19:30:59.211,1.19643,1.19647,1.10,1.76
2015.04.21 19:30:59.724,1.19643,1.19647,1.00,2.06
2015.04.21 19:31:00.776,1.19642,1.19647,1.10,2.81
2015.04.21 19:31:00.877,1.19642,1.19646,1.00,1.50
2015.04.21 19:31:03.418,1.19642,1.19646,1.10,1.76
2015.04.21 19:31:04.632,1.19643,1.19646,1.00,1.01
2015.04.21 19:31:08.578,1.19642,1.19646,1.10,1.01
2015.04.21 19:31:08.882,1.19642,1.19646,1.00,2.44
2015.04.21 19:31:09.697,1.19641,1.19646,4.57,2.44
2015.04.21 19:31:11.305,1.19641,1.19646,6.00,1.76
2015.04.21 19:31:11.813,1.19641,1.19646,6.07,1.31
2015.04.21 19:31:12.319,1.19641,1.19647,7.50,2.81
2015.04.21 19:31:12.774,1.19643,1.19647,1.50,1.01
2015.04.21 19:31:15.396,1.19646,1.19648,1.00,1.12
2015.04.21 19:31:15.548,1.19647,1.19649,1.00,1.01
2015.04.21 19:31:16.599,1.19646,1.19649,1.50,1.25
2015.04.21 19:31:18.366,1.19648,1.19649,1.00,1.00
2015.04.21 19:31:18.822,1.19649,1.19651,1.00,1.10
2015.04.21 19:31:18.923,1.19649,1.19652,2.25,1.00
2015.04.21 19:31:19.447,1.1965,1.19653,2.25,1.00
2015.04.21 19:31:21.217,1.1965,1.19653,2.25,1.00
2015.04.21 19:31:21.895,1.1965,1.19652,1.00,1.00
2015.04.21 19:31:22.420,1.19648,1.19652,2.25,1.00
2015.04.21 19:31:42.098,1.19648,1.19652,1.01,1.10
2015.04.21 19:31:42.603,1.19649,1.19652,1.10,1.00
2015.04.21 19:31:44.206,1.19647,1.19652,1.00,2.44
2015.04.21 19:31:45.728,1.19647,1.19652,1.50,2.06
2015.04.21 19:31:49.357,1.19647,1.1965,1.10,1.10
2015.04.21 19:31:49.509,1.19645,1.1965,2.51,1.12
2015.04.21 19:31:50.030,1.19645,1.1965,3.00,1.10
2015.04.21 19:31:50.676,1.19645,1.19649,1.50,1.00
2015.04.21 19:31:51.181,1.19645,1.19648,1.10,1.00
2015.04.21 19:31:53.836,1.19645,1.19649,1.10,1.10
2015.04.21 19:31:57.689,1.19643,1.19647,2.25,1.00
2015.04.21 19:31:57.740,1.19643,1.19647,1.10,1.10
2015.04.21 19:31:58.050,1.19643,1.19647,1.00,2.25
2015.04.21 19:31:59.195,1.19644,1.19648,1.50,1.75
2015.04.21 19:31:59.297,1.19644,1.19649,2.25,1.31
2015.04.21 19:32:00.258,1.19645,1.1965,2.25,1.87
2015.04.21 19:32:03.472,1.19643,1.19648,3.00,1.12
2015.04.21 19:32:06.686,1.19643,1.19648,1.00,2.44
2015.04.21 19:32:13.982,1.19643,1.19648,1.50,1.01
2015.04.21 19:32:22.892,1.19643,1.19649,2.51,3.00
2015.04.21 19:32:24.025,1.19643,1.19649,2.51,3.00
2015.04.21 19:32:25.081,1.19643,1.19649,3.19,2.62
2015.04.21 19:32:34.066,1.19645,1.19649,1.00,2.25
2015.04.21 19:32:39.149,1.19643,1.19648,1.76,1.50
2015.04.21 19:32:39.655,1.19643,1.19648,1.25,1.75
2015.04.21 19:32:42.425,1.19643,1.19647,1.25,1.75
2015.04.21 19:32:43.987,1.19643,1.19648,1.00,2.25
2015.04.21 19:32:49.255,1.19643,1.19648,1.69,1.75
2015.04.21 19:32:49.863,1.19644,1.19649,1.25,2.25
2015.04.21 19:32:49.965,1.19644,1.19649,1.69,2.25
2015.04.21 19:32:50.066,1.19643,1.19646,3.19,1.00
2015.04.21 19:32:50.168,1.19645,1.1965,1.25,1.75
2015.04.21 19:32:50.371,1.19646,1.1965,1.00,1.75
2015.04.21 19:32:51.155,1.19647,1.1965,1.00,1.75
2015.04.21 19:32:54.233,1.19648,1.1965,1.00,1.50
2015.04.21 19:32:54.537,1.19651,1.19652,1.00,1.00
2015.04.21 19:32:54.842,1.19654,1.19659,1.50,1.75
2015.04.21 19:32:55.564,1.19655,1.19659,1.00,1.75
2015.04.21 19:32:58.188,1.19654,1.19659,1.50,1.75
2015.04.21 19:33:00.857,1.19653,1.19654,1.00,1.00
2015.04.21 19:33:00.908,1.19652,1.19654,1.50,1.00
2015.04.21 19:33:01.060,1.19648,1.19653,1.57,2.25
2015.04.21 19:33:01.570,1.19648,1.19653,1.50,2.25
2015.04.21 19:33:07.925,1.19647,1.19653,3.07,2.44
2015.04.21 19:33:15.124,1.19647,1.19653,3.37,2.44
2015.04.21 19:33:15.609,1.19651,1.19653,1.00,1.50
2015.04.21 19:33:15.761,1.19652,1.19656,1.00,2.25
2015.04.21 19:33:21.605,1.19653,1.19656,1.00,1.50
2015.04.21 19:33:21.808,1.19653,1.19658,1.10,2.25
2015.04.21 19:33:21.960,1.19652,1.19657,1.57,1.75
2015.04.21 19:33:29.422,1.19649,1.19654,2.25,1.50
2015.04.21 19:33:29.524,1.19649,1.19653,1.00,1.50
2015.04.21 19:33:30.029,1.19647,1.19651,1.87,1.00
2015.04.21 19:33:30.563,1.19647,1.19651,2.32,1.10
2015.04.21 19:33:30.614,1.19647,1.19651,3.00,1.00
2015.04.21 19:33:30.963,1.1965,1.19652,1.00,1.57
2015.04.21 19:33:31.165,1.19651,1.19655,1.00,3.00
2015.04.21 19:33:31.670,1.1965,1.19653,1.57,1.00
2015.04.21 19:33:37.226,1.19651,1.19653,1.00,1.00
2015.04.21 19:33:40.023,1.19652,1.19653,1.00,1.00
2015.04.21 19:33:42.232,1.19652,1.19655,1.00,1.57
2015.04.21 19:33:44.376,1.19653,1.19655,1.00,1.00
2015.04.21 19:33:44.690,1.19654,1.19659,1.57,1.50
2015.04.21 19:33:44.841,1.19654,1.19659,2.25,1.75
2015.04.21 19:33:44.942,1.19654,1.19659,2.32,1.50
2015.04.21 19:33:45.044,1.19654,1.19659,2.25,1.75
2015.04.21 19:33:50.342,1.19656,1.19658,1.50,1.00
2015.04.21 19:33:50.669,1.19657,1.19661,1.25,1.75
2015.04.21 19:33:51.180,1.19658,1.19662,1.00,2.25
2015.04.21 19:33:51.686,1.19659,1.19662,1.00,2.25
2015.04.21 19:33:52.282,1.19658,1.19663,1.69,1.75
2015.04.21 19:33:53.850,1.19658,1.19663,1.25,1.75
2015.04.21 19:33:54.370,1.19657,1.19662,1.19,2.25
2015.04.21 19:33:55.801,1.19657,1.19662,1.19,2.25
2015.04.21 19:33:56.425,1.19658,1.19662,1.25,1.75
2015.04.21 19:33:56.978,1.19657,1.19662,3.26,1.50
2015.04.21 19:34:00.420,1.19657,1.19662,2.51,1.50
2015.04.21 19:34:02.014,1.19658,1.19662,1.25,1.50
2015.04.21 19:34:02.318,1.19661,1.19664,1.00,2.25
2015.04.21 19:34:02.521,1.1966,1.19666,2.51,2.25
2015.04.21 19:34:03.278,1.1966,1.19666,2.81,2.25
2015.04.21 19:34:03.783,1.1966,1.19666,2.81,2.25
2015.04.21 19:34:04.301,1.1966,1.19666,2.51,2.25
2015.04.21 19:34:04.839,1.1966,1.19666,2.51,2.25
2015.04.21 19:34:10.349,1.1966,1.19664,1.01,1.10
2015.04.21 19:34:10.450,1.19658,1.19662,2.44,1.00
2015.04.21 19:34:10.954,1.19657,1.19662,2.06,1.57
2015.04.21 19:34:11.461,1.19657,1.19662,1.10,2.25
2015.04.21 19:34:19.882,1.19656,1.19659,1.12,1.00
2015.04.21 19:34:20.135,1.19654,1.19658,1.10,1.10
2015.04.21 19:34:20.690,1.19654,1.19658,1.00,1.50
2015.04.21 19:34:20.983,1.19654,1.19655,1.00,1.00
2015.04.21 19:34:21.236,1.19652,1.19655,2.32,1.00
2015.04.21 19:34:29.611,1.19652,1.19657,4.31,1.10
2015.04.21 19:34:30.400,1.19654,1.19658,1.00,1.50
2015.04.21 19:34:30.704,1.19655,1.1966,1.10,1.87
2015.04.21 19:34:31.470,1.19655,1.1966,1.00,2.25
2015.04.21 19:34:34.092,1.19655,1.1966,1.10,1.87
2015.04.21 19:34:36.699,1.19655,1.19658,1.10,1.00
2015.04.21 19:34:37.206,1.19654,1.19658,2.32,1.10
2015.04.21 19:34:46.273,1.19653,1.19657,1.12,1.00
2015.04.21 19:34:46.324,1.19653,1.19655,1.12,1.50
2015.04.21 19:34:46.629,1.1965,1.19655,2.06,1.57
2015.04.21 19:34:47.980,1.19652,1.19655,1.00,1.57
2015.04.21 19:34:48.285,1.19649,1.19655,4.31,2.81
2015.04.21 19:34:48.848,1.19649,1.19655,4.01,3.19
2015.04.21 19:34:50.531,1.19649,1.19655,3.26,2.44
2015.04.21 19:34:52.151,1.19649,1.19653,3.19,1.12
2015.04.21 19:34:53.259,1.19649,1.19653,3.19,1.12
2015.04.21 19:34:55.240,1.19649,1.19654,2.51,1.31
2015.04.21 19:34:57.957,1.19649,1.19654,2.51,1.31
2015.04.21 19:35:03.050,1.19649,1.19655,2.51,3.19
2015.04.21 19:35:03.580,1.19649,1.19655,2.51,3.19
2015.04.21 19:35:04.874,1.19653,1.19656,2.50,3.75
2015.04.21 19:35:05.136,1.19656,1.19661,2.06,2.25
2015.04.21 19:35:05.237,1.19656,1.19661,2.06,1.57
2015.04.21 19:35:05.797,1.19657,1.19662,4.69,1.10
2015.04.21 19:35:06.305,1.19658,1.19662,1.69,1.12
2015.04.21 19:35:07.249,1.19656,1.19661,3.37,1.57
2015.04.21 19:35:07.552,1.19655,1.1966,1.10,1.12
2015.04.21 19:35:07.856,1.19655,1.19658,1.00,1.12
2015.04.21 19:35:15.606,1.19654,1.19656,1.00,1.00
2015.04.21 19:35:15.707,1.1965,1.19655,2.44,1.00
2015.04.21 19:35:15.809,1.1965,1.19655,2.06,1.10
2015.04.21 19:35:16.408,1.1965,1.19655,2.51,1.12
2015.04.21 19:35:19.063,1.1965,1.19655,1.00,1.69
2015.04.21 19:35:23.943,1.19648,1.19654,3.37,2.81
2015.04.21 19:35:24.491,1.19648,1.19654,3.07,3.19
2015.04.21 19:35:31.166,1.19648,1.19651,1.57,1.00
2015.04.21 19:35:33.561,1.19648,1.19652,1.57,1.76
2015.04.21 19:35:34.077,1.19648,1.19652,1.50,2.06
2015.04.21 19:35:38.411,1.19646,1.19651,2.81,1.10
2015.04.21 19:35:39.894,1.19646,1.1965,1.10,1.10
2015.04.21 19:35:40.399,1.19645,1.19649,2.32,1.10
2015.04.21 19:35:40.652,1.19645,1.19649,1.00,1.87
2015.04.21 19:35:40.753,1.19645,1.19649,1.10,1.20
2015.04.21 19:35:41.270,1.19646,1.19649,1.00,1.20
2015.04.21 19:36:00.908,1.19646,1.19649,1.00,1.50
2015.04.21 19:36:01.432,1.19645,1.1965,1.57,2.06
2015.04.21 19:36:05.382,1.19645,1.1965,2.81,1.57
2015.04.21 19:36:08.033,1.19645,1.1965,1.76,1.87
2015.04.21 19:36:10.317,1.19648,1.1965,1.00,1.12
2015.04.21 19:36:10.570,1.19651,1.19656,2.25,1.75
2015.04.21 19:36:10.621,1.19652,1.19657,2.25,2.25
2015.04.21 19:36:10.672,1.19654,1.19658,1.00,1.31
2015.04.21 19:36:11.178,1.19654,1.19658,1.00,1.69
2015.04.21 19:36:11.229,1.19652,1.19658,2.32,2.44
2015.04.21 19:36:13.234,1.1965,1.19655,3.00,1.00
2015.04.21 19:36:13.745,1.1965,1.19655,1.87,1.10
2015.04.21 19:36:14.520,1.1965,1.19655,1.87,1.29
2015.04.21 19:36:14.824,1.19653,1.19657,1.50,1.50
2015.04.21 19:36:14.875,1.19653,1.19658,1.50,1.12
2015.04.21 19:36:15.331,1.19655,1.19659,1.00,1.12
2015.04.21 19:36:21.796,1.19656,1.19661,1.00,2.25
2015.04.21 19:36:22.302,1.19656,1.19661,1.00,2.25
2015.04.21 19:36:24.008,1.19655,1.19659,1.10,1.10
2015.04.21 19:36:24.312,1.19655,1.19659,1.00,1.50
2015.04.21 19:36:25.929,1.19654,1.19655,3.00,1.00
2015.04.21 19:36:25.980,1.19651,1.19655,3.00,1.00
2015.04.21 19:36:26.183,1.1965,1.19656,4.12,1.87
2015.04.21 19:36:27.232,1.19652,1.19656,1.00,1.12
2015.04.21 19:36:27.283,1.19654,1.19658,1.00,2.44
2015.04.21 19:36:27.791,1.19654,1.19659,1.00,1.50
2015.04.21 19:36:31.060,1.19655,1.1966,1.00,2.25
2015.04.21 19:36:31.587,1.19655,1.1966,1.57,2.25
2015.04.21 19:36:35.050,1.19656,1.19661,1.00,2.44
2015.04.21 19:36:35.559,1.19656,1.19661,1.57,1.50
2015.04.21 19:36:36.581,1.19657,1.19662,1.00,2.25
2015.04.21 19:36:36.632,1.19657,1.19662,1.57,1.87
2015.04.21 19:36:36.683,1.19659,1.19663,1.00,1.50
2015.04.21 19:36:38.826,1.19659,1.19664,1.00,1.50
2015.04.21 19:36:57.217,1.1966,1.19665,1.00,1.75
2015.04.21 19:37:14.803,1.19659,1.19663,1.00,1.12
2015.04.21 19:37:15.314,1.19658,1.19663,3.07,1.12
2015.04.21 19:37:18.324,1.19657,1.19661,1.50,1.00
2015.04.21 19:37:18.628,1.19656,1.1966,1.10,1.87
2015.04.21 19:37:18.932,1.19655,1.19658,1.00,1.12
2015.04.21 19:37:19.185,1.19652,1.19655,1.10,2.44
2015.04.21 19:37:19.845,1.19654,1.19658,1.00,1.69
2015.04.21 19:37:20.350,1.19652,1.19657,1.57,1.12
2015.04.21 19:37:21.271,1.19652,1.19658,3.75,1.87
2015.04.21 19:37:21.788,1.19652,1.19657,2.32,1.12
2015.04.21 19:37:22.857,1.19654,1.19658,1.00,1.50
2015.04.21 19:37:23.363,1.19654,1.19658,1.00,1.12
2015.04.21 19:37:23.895,1.19654,1.19658,1.00,1.50
2015.04.21 19:37:29.085,1.19654,1.19659,1.50,1.50
2015.04.21 19:37:32.040,1.19655,1.19659,1.00,1.50
2015.04.21 19:37:32.591,1.19655,1.19659,1.00,1.12
2015.04.21 19:37:33.047,1.19654,1.19658,1.00,1.50
2015.04.21 19:37:35.921,1.19654,1.19659,1.00,1.50
2015.04.21 19:37:36.751,1.19655,1.1966,1.00,2.25
2015.04.21 19:37:37.258,1.19654,1.19658,1.00,1.50
2015.04.21 19:37:38.116,1.19655,1.19659,1.00,1.75
2015.04.21 19:37:38.655,1.19655,1.19659,1.50,1.50
2015.04.21 19:37:40.898,1.19655,1.19659,1.50,1.12
2015.04.21 19:37:45.153,1.19655,1.1966,1.57,2.06
2015.04.21 19:37:50.796,1.19655,1.1966,3.00,1.10
2015.04.21 19:37:51.312,1.19655,1.1966,2.32,1.12
2015.04.21 19:37:51.833,1.19655,1.1966,3.00,1.10
2015.04.21 19:37:55.294,1.19655,1.1966,2.51,1.12
2015.04.21 19:37:55.799,1.19655,1.1966,3.00,1.10
2015.04.21 19:37:56.302,1.19655,1.1966,1.57,1.87
2015.04.21 19:37:56.605,1.19656,1.19661,1.50,1.12
2015.04.21 19:37:57.123,1.19656,1.19661,1.00,1.50
2015.04.21 19:37:57.174,1.19656,1.19661,1.50,1.10
2015.04.21 19:37:57.275,1.19656,1.19661,1.00,1.50
2015.04.21 19:37:58.804,1.19656,1.19661,1.50,1.10
2015.04.21 19:37:58.905,1.19656,1.19661,1.00,1.50
2015.04.21 19:37:59.410,1.19656,1.19662,3.75,2.25
2015.04.21 19:38:02.236,1.19657,1.19662,1.50,1.12
2015.04.21 19:38:21.600,1.19658,1.19663,1.50,1.12
2015.04.21 19:38:22.811,1.19657,1.19662,1.10,1.12
2015.04.21 19:38:28.219,1.19658,1.19663,1.00,1.50
2015.04.21 19:38:28.379,1.19659,1.19664,1.10,1.31
2015.04.21 19:38:28.481,1.19659,1.19664,1.00,2.00
2015.04.21 19:38:31.045,1.19658,1.19662,1.10,1.12
2015.04.21 19:38:46.874,1.19656,1.19661,1.12,2.25
2015.04.21 19:38:54.811,1.19658,1.19662,1.00,1.75
2015.04.21 19:38:55.116,1.19655,1.1966,1.57,1.50
2015.04.21 19:38:55.621,1.19655,1.1966,1.00,1.75
2015.04.21 19:39:01.068,1.19655,1.1966,1.87,1.22
2015.04.21 19:39:01.768,1.19655,1.19658,1.12,1.00
2015.04.21 19:39:01.819,1.19654,1.19658,1.00,1.69
2015.04.21 19:39:02.341,1.19655,1.19658,1.00,1.69
2015.04.21 19:39:02.874,1.19656,1.19658,1.00,1.69
2015.04.21 19:39:16.145,1.19655,1.1966,1.50,1.94
2015.04.21 19:39:16.679,1.19655,1.19659,1.50,1.22
2015.04.21 19:39:18.990,1.19655,1.1966,1.57,1.50
2015.04.21 19:39:24.070,1.19655,1.19659,1.50,1.50
2015.04.21 19:39:24.575,1.19655,1.19659,1.50,2.00
2015.04.21 19:39:25.185,1.19657,1.19658,1.00,1.00
2015.04.21 19:39:29.124,1.19656,1.19659,1.00,1.75
2015.04.21 19:39:29.630,1.19656,1.19661,1.00,3.19
2015.04.21 19:39:30.168,1.19657,1.19661,1.50,2.00
2015.04.21 19:39:30.677,1.19659,1.1966,1.50,1.00
2015.04.21 19:39:31.183,1.19659,1.19663,1.50,1.75
2015.04.21 19:39:31.435,1.19659,1.19664,1.50,2.00
2015.04.21 19:39:33.498,1.1966,1.19663,1.00,1.50
2015.04.21 19:39:35.017,1.19661,1.19665,1.50,2.00
2015.04.21 19:39:35.118,1.19663,1.19664,1.00,1.00
2015.04.21 19:39:35.270,1.19663,1.19668,1.00,3.00
2015.04.21 19:39:35.775,1.19663,1.19668,1.10,3.00
2015.04.21 19:39:36.393,1.19663,1.19667,1.00,1.50
2015.04.21 19:39:38.411,1.19662,1.19667,1.57,1.50
2015.04.21 19:39:42.991,1.19662,1.19668,2.25,2.25
2015.04.21 19:39:43.515,1.19662,1.19668,2.25,1.57
2015.04.21 19:39:46.941,1.19662,1.19668,2.25,2.25
2015.04.21 19:39:49.568,1.19662,1.19668,1.57,2.25
2015.04.21 19:39:52.551,1.19662,1.19667,1.00,2.25
2015.04.21 19:39:55.199,1.19661,1.19666,1.57,1.22
2015.04.21 19:39:59.977,1.19661,1.19666,1.76,1.22
2015.04.21 19:40:01.010,1.19661,1.19666,1.76,1.22
2015.04.21 19:40:01.983,1.19661,1.19666,1.29,1.69
2015.04.21 19:40:02.135,1.19661,1.19667,1.69,4.69
2015.04.21 19:40:02.236,1.19661,1.19666,1.29,1.69
2015.04.21 19:40:02.439,1.19661,1.19666,1.19,2.44
2015.04.21 19:40:03.106,1.19661,1.19666,1.25,2.44
2015.04.21 19:40:10.489,1.19661,1.19666,1.76,1.69
2015.04.21 19:40:10.691,1.19661,1.19666,1.25,2.44
2015.04.21 19:40:14.959,1.19661,1.19666,1.00,2.00
2015.04.21 19:40:26.344,1.19659,1.19665,2.06,2.44
2015.04.21 19:40:26.858,1.19659,1.19664,1.76,1.22
2015.04.21 19:40:29.120,1.19661,1.19665,1.00,2.25
2015.04.21 19:40:29.171,1.19662,1.19666,1.50,1.50
2015.04.21 19:40:29.273,1.19664,1.19669,1.57,3.94
2015.04.21 19:40:29.785,1.19665,1.19668,1.00,1.22
2015.04.21 19:40:35.189,1.19664,1.19668,1.10,1.69
2015.04.21 19:40:35.721,1.19664,1.19668,1.00,2.00
2015.04.21 19:40:44.752,1.19665,1.19668,1.00,2.00
2015.04.21 19:40:46.209,1.19664,1.19668,1.00,2.00
2015.04.21 19:40:48.525,1.19663,1.19668,2.32,2.00
2015.04.21 19:40:51.549,1.19666,1.19667,1.00,1.00
2015.04.21 19:40:51.701,1.19666,1.19671,1.57,2.25
2015.04.21 19:40:51.853,1.19666,1.19671,3.00,1.57
2015.04.21 19:40:52.358,1.19667,1.19671,1.10,1.50
2015.04.21 19:40:52.876,1.19664,1.19669,1.75,1.50
2015.04.21 19:40:52.934,1.19664,1.19669,1.12,1.57
2015.04.21 19:40:53.462,1.19664,1.19669,1.10,2.25
2015.04.21 19:41:00.482,1.19665,1.1967,1.00,2.44
2015.04.21 19:41:01.002,1.19665,1.1967,1.12,1.69
2015.04.21 19:41:02.687,1.19668,1.19671,1.00,2.00
2015.04.21 19:41:02.840,1.19669,1.19674,1.00,3.00
2015.04.21 19:41:02.891,1.19671,1.19672,1.00,1.00
2015.04.21 19:41:03.043,1.19669,1.19673,1.00,1.50
2015.04.21 19:41:03.561,1.19669,1.19673,1.00,1.75
2015.04.21 19:41:06.869,1.1967,1.19673,1.00,1.75
2015.04.21 19:41:07.121,1.19671,1.19675,1.00,2.25
2015.04.21 19:41:08.283,1.19672,1.19675,2.25,2.25
2015.04.21 19:41:11.033,1.19677,1.19678,1.50,3.75
2015.04.21 19:41:11.186,1.19677,1.19679,1.00,2.85
2015.04.21 19:41:11.237,1.19676,1.19678,1.00,2.85
2015.04.21 19:41:11.388,1.19674,1.19678,1.00,3.60
2015.04.21 19:41:11.994,1.19673,1.19677,1.10,1.01
2015.04.21 19:41:12.095,1.19673,1.19676,1.00,2.25
2015.04.21 19:41:16.124,1.19673,1.19676,1.10,1.10
2015.04.21 19:41:24.919,1.19674,1.19676,1.00,1.10
2015.04.21 19:41:26.103,1.19673,1.19676,1.10,1.10
2015.04.21 19:41:27.382,1.19672,1.19676,3.82,2.25
2015.04.21 19:41:34.499,1.19673,1.19676,1.00,1.50
2015.04.21 19:41:35.601,1.19673,1.19678,1.57,2.44
2015.04.21 19:41:36.428,1.19674,1.19678,1.00,1.75
2015.04.21 19:41:36.731,1.19676,1.1968,1.01,1.50
2015.04.21 19:41:37.286,1.19676,1.1968,1.25,1.75
2015.04.21 19:41:37.791,1.19675,1.1968,1.57,1.75
2015.04.21 19:41:38.145,1.19673,1.19677,1.57,1.10
2015.04.21 19:41:40.222,1.19672,1.19677,2.25,1.76
2015.04.21 19:41:40.323,1.19672,1.19677,1.57,2.44
2015.04.21 19:41:40.828,1.19672,1.19677,1.87,1.76
2015.04.21 19:41:40.980,1.19675,1.19677,1.00,1.76
2015.04.21 19:41:41.495,1.19674,1.19677,1.00,2.51
2015.04.21 19:41:42.086,1.19672,1.19677,1.12,2.51
2015.04.21 19:41:42.390,1.19667,1.19668,1.00,1.25
2015.04.21 19:41:42.491,1.19666,1.19668,1.00,1.69
2015.04.21 19:41:42.643,1.19667,1.19669,1.00,1.69
2015.04.21 19:41:43.153,1.19667,1.1967,1.10,1.00
2015.04.21 19:41:44.838,1.19667,1.1967,1.00,2.25
2015.04.21 19:41:45.558,1.19667,1.19668,1.00,1.00
2015.04.21 19:41:52.092,1.19667,1.19669,1.00,1.10
2015.04.21 19:41:52.855,1.19668,1.1967,1.00,1.50
2015.04.21 19:41:53.363,1.19668,1.1967,1.00,1.10
2015.04.21 19:41:53.756,1.19669,1.19672,1.00,1.10
2015.04.21 19:41:54.263,1.19669,1.19672,1.00,2.25
2015.04.21 19:41:54.769,1.19671,1.19676,1.00,2.25
2015.04.21 19:41:54.870,1.1967,1.19676,1.57,2.25
2015.04.21 19:41:55.426,1.1967,1.19676,4.12,2.25
2015.04.21 19:42:02.684,1.1967,1.19675,1.57,1.22
2015.04.21 19:42:03.190,1.1967,1.19676,1.50,3.19
2015.04.21 19:42:05.347,1.1967,1.19676,2.32,3.19
2015.04.21 19:42:15.418,1.1967,1.19676,1.50,3.19
2015.04.21 19:42:17.124,1.19669,1.19671,1.10,1.00
2015.04.21 19:42:17.326,1.19667,1.19671,1.10,2.44
2015.04.21 19:42:17.832,1.19666,1.1967,1.10,1.10
2015.04.21 19:42:18.858,1.19666,1.1967,1.00,1.50
2015.04.21 19:42:19.608,1.19666,1.1967,1.00,1.75
2015.04.21 19:42:20.803,1.19666,1.1967,1.10,1.50
2015.04.21 19:42:21.308,1.19667,1.1967,1.00,1.50
2015.04.21 19:42:22.958,1.19667,1.19669,1.00,1.29
2015.04.21 19:42:23.009,1.19664,1.19668,2.62,1.01
2015.04.21 19:42:23.212,1.19664,1.19666,1.00,1.00
2015.04.21 19:42:23.364,1.19662,1.19668,2.32,3.19
2015.04.21 19:42:26.822,1.19664,1.19668,1.00,1.75
2015.04.21 19:42:26.873,1.19664,1.19668,1.00,1.50
2015.04.21 19:42:26.975,1.19664,1.1967,4.12,2.25
2015.04.21 19:42:27.481,1.19666,1.1967,1.10,1.10
2015.04.21 19:42:29.690,1.19668,1.19672,1.00,2.44
2015.04.21 19:42:29.842,1.19669,1.19675,1.50,3.19
2015.04.21 19:42:30.045,1.19671,1.19674,1.00,1.12
2015.04.21 19:42:30.751,1.19671,1.19675,1.00,2.06
2015.04.21 19:42:31.698,1.19671,1.19675,1.00,1.94
2015.04.21 19:42:32.002,1.19669,1.19676,3.00,2.44
2015.04.21 19:42:32.053,1.19671,1.19676,1.00,2.44
2015.04.21 19:42:32.356,1.19669,1.19674,2.25,1.75
2015.04.21 19:42:32.608,1.19671,1.19675,1.00,2.00
2015.04.21 19:42:33.113,1.1967,1.19674,1.50,1.75
2015.04.21 19:42:33.485,1.19671,1.19675,1.00,1.69
2015.04.21 19:42:37.307,1.19671,1.19675,1.00,1.31
2015.04.21 19:42:38.111,1.19671,1.19675,1.00,1.69
2015.04.21 19:42:38.627,1.19671,1.19675,1.00,2.00
2015.04.21 19:42:39.421,1.19671,1.19675,1.00,1.50
2015.04.21 19:42:43.027,1.19671,1.19675,1.25,1.12
2015.04.21 19:42:45.934,1.19672,1.19676,1.00,1.50
2015.04.21 19:42:49.433,1.19671,1.19676,1.50,1.69
2015.04.21 19:42:55.473,1.19671,1.19675,1.00,2.44
2015.04.21 19:42:55.574,1.1967,1.19675,2.25,2.44
2015.04.21 19:42:56.251,1.19671,1.19675,1.00,2.44
2015.04.21 19:42:56.792,1.19671,1.19675,1.00,2.44
2015.04.21 19:42:57.341,1.19671,1.19675,1.00,2.44
2015.04.21 19:42:59.877,1.19671,1.19676,1.50,2.44
2015.04.21 19:43:01.532,1.19671,1.19676,1.50,1.69
2015.04.21 19:43:02.061,1.19671,1.19676,1.50,1.94
2015.04.21 19:43:03.037,1.19671,1.19676,1.50,1.69
2015.04.21 19:43:03.188,1.19671,1.19676,1.50,1.94
2015.04.21 19:43:04.395,1.19671,1.19676,1.50,2.44
2015.04.21 19:43:06.259,1.19671,1.19676,1.50,2.44
2015.04.21 19:43:06.776,1.19671,1.19676,1.50,2.44
2015.04.21 19:43:11.081,1.19671,1.19676,1.50,3.19
2015.04.21 19:43:11.576,1.19668,1.1967,1.76,1.00
2015.04.21 19:43:11.879,1.19664,1.19668,1.00,1.75
2015.04.21 19:43:11.981,1.19664,1.19667,1.00,1.75
2015.04.21 19:43:12.488,1.19663,1.19667,1.00,1.69
2015.04.21 19:43:12.992,1.19662,1.19667,1.10,2.06
2015.04.21 19:43:13.786,1.19663,1.19667,1.00,1.87
2015.04.21 19:43:16.998,1.19662,1.19667,1.10,2.81
2015.04.21 19:43:17.504,1.19661,1.19665,2.25,1.12
2015.04.21 19:43:25.386,1.19663,1.19664,1.00,1.00
2015.04.21 19:43:25.979,1.19662,1.19666,1.00,1.12
2015.04.21 19:43:26.488,1.19661,1.19666,2.32,1.12
2015.04.21 19:43:26.989,1.19661,1.19666,2.32,1.31
2015.04.21 19:43:28.497,1.1966,1.19663,2.25,1.00
2015.04.21 19:43:28.750,1.19657,1.19661,1.00,1.12
2015.04.21 19:43:28.903,1.19656,1.19661,1.00,2.25
2015.04.21 19:43:29.450,1.19656,1.19661,1.00,1.75
2015.04.21 19:43:31.558,1.19656,1.19661,1.57,1.12
2015.04.21 19:43:32.085,1.19657,1.19661,1.00,1.12
2015.04.21 19:43:54.589,1.19657,1.19661,1.00,1.50
2015.04.21 19:43:57.089,1.19657,1.19661,1.00,1.69
2015.04.21 19:43:58.446,1.19656,1.19658,1.10,1.50
2015.04.21 19:43:58.952,1.19656,1.1966,1.00,1.50
2015.04.21 19:44:09.935,1.19656,1.1966,1.57,1.10
2015.04.21 19:44:10.486,1.19656,1.1966,2.25,1.12
2015.04.21 19:44:12.029,1.19656,1.1966,1.10,1.10
2015.04.21 19:44:17.578,1.1966,1.19661,2.25,1.87
2015.04.21 19:44:17.986,1.19658,1.19663,1.50,1.75
2015.04.21 19:44:18.497,1.19659,1.19663,1.00,1.50
2015.04.21 19:44:21.550,1.19658,1.19663,3.00,1.50
2015.04.21 19:44:24.648,1.19659,1.19663,1.00,1.50
2015.04.21 19:44:25.153,1.19658,1.19663,1.50,1.50
2015.04.21 19:44:27.461,1.19659,1.19663,1.00,1.50
2015.04.21 19:44:28.010,1.19659,1.19663,1.00,1.12
2015.04.21 19:44:33.517,1.1966,1.19663,1.00,1.12
2015.04.21 19:44:38.110,1.19661,1.19663,1.00,1.12
2015.04.21 19:44:38.262,1.19663,1.19664,1.00,1.00
2015.04.21 19:44:38.414,1.19663,1.19666,1.50,1.37
2015.04.21 19:44:39.433,1.19663,1.19667,1.50,2.06
2015.04.21 19:44:40.934,1.19663,1.19667,1.50,2.06
2015.04.21 19:44:41.534,1.19662,1.19666,1.00,1.31
2015.04.21 19:44:42.040,1.19663,1.19666,1.00,1.31
2015.04.21 19:44:43.494,1.19663,1.19665,1.00,1.00
2015.04.21 19:44:44.018,1.19663,1.19666,1.00,1.12
2015.04.21 19:44:44.594,1.19663,1.19667,1.00,2.81
2015.04.21 19:44:47.690,1.19664,1.19667,1.00,2.44
2015.04.21 19:44:48.206,1.19665,1.19667,1.00,2.44
2015.04.21 19:44:49.811,1.19664,1.19667,1.50,2.44
2015.04.21 19:44:53.770,1.19663,1.19667,1.50,1.69
2015.04.21 19:44:54.318,1.19663,1.19667,1.50,2.06
2015.04.21 19:44:56.657,1.19664,1.19667,1.00,2.06
2015.04.21 19:44:58.307,1.19664,1.19666,1.00,1.00
2015.04.21 19:44:58.814,1.19664,1.19667,1.00,2.06
2015.04.21 19:44:59.375,1.19664,1.19666,1.00,1.00
2015.04.21 19:45:00.319,1.19665,1.19668,1.00,1.12
2015.04.21 19:45:00.724,1.19667,1.19668,1.00,1.00
2015.04.21 19:45:01.233,1.19667,1.19668,1.00,1.12
2015.04.21 19:45:01.739,1.19665,1.19668,2.25,1.37
2015.04.21 19:45:02.278,1.19667,1.19668,1.00,1.12
2015.04.21 19:45:02.581,1.19665,1.19668,2.25,1.72
2015.04.21 19:45:02.733,1.19663,1.19666,4.50,1.37
2015.04.21 19:45:03.238,1.19666,1.19668,1.00,1.12
2015.04.21 19:45:03.289,1.19666,1.19669,1.00,1.12
2015.04.21 19:45:04.185,1.19666,1.19669,1.00,1.50
2015.04.21 19:45:05.724,1.19667,1.19669,1.00,1.50
2015.04.21 19:45:08.799,1.19666,1.19669,1.50,1.12
2015.04.21 19:45:10.079,1.19665,1.19669,1.50,1.87
2015.04.21 19:45:10.587,1.19665,1.19668,1.00,1.50
2015.04.21 19:45:17.455,1.19665,1.19668,1.00,1.50
2015.04.21 19:45:18.063,1.19666,1.19668,1.00,1.50
2015.04.21 19:45:18.606,1.19666,1.19668,1.00,1.12
2015.04.21 19:45:19.119,1.19667,1.1967,1.50,1.39
2015.04.21 19:45:35.225,1.19666,1.1967,1.00,2.06
2015.04.21 19:45:35.781,1.19665,1.1967,2.25,1.87
2015.04.21 19:45:36.652,1.19666,1.1967,1.00,1.87
2015.04.21 19:45:37.189,1.19667,1.1967,1.00,1.50
2015.04.21 19:45:38.498,1.19666,1.1967,1.50,1.50
2015.04.21 19:45:41.218,1.19667,1.19671,1.00,3.37
2015.04.21 19:45:43.897,1.19666,1.19671,2.25,3.56
2015.04.21 19:45:44.554,1.19665,1.1967,2.25,1.87
2015.04.21 19:45:44.656,1.19665,1.1967,3.00,2.62
2015.04.21 19:45:46.800,1.19664,1.19668,1.00,2.14
2015.04.21 19:45:47.306,1.19663,1.19666,1.00,1.12
2015.04.21 19:45:47.811,1.19663,1.19667,1.00,1.69
2015.04.21 19:45:49.278,1.19662,1.19667,1.50,2.81
2015.04.21 19:45:57.338,1.19661,1.19664,1.00,1.00
2015.04.21 19:45:57.679,1.19652,1.19655,1.00,1.12
2015.04.21 19:45:58.200,1.19651,1.19655,1.00,1.87
2015.04.21 19:45:58.504,1.19651,1.19654,1.00,1.37
2015.04.21 19:46:03.470,1.19651,1.19654,1.00,1.22
2015.04.21 19:46:04.830,1.19652,1.19654,1.00,1.22
2015.04.21 19:46:05.473,1.19651,1.19654,1.00,1.22
2015.04.21 19:46:09.433,1.19652,1.19655,1.00,2.06
2015.04.21 19:46:09.484,1.19652,1.19655,1.00,1.00
2015.04.21 19:46:09.586,1.19654,1.19657,1.00,1.87
2015.04.21 19:46:10.091,1.19654,1.19657,1.00,1.10
2015.04.21 19:46:10.561,1.19652,1.19655,1.00,1.00
2015.04.21 19:46:10.613,1.19652,1.19655,1.00,1.50
2015.04.21 19:46:11.721,1.19651,1.19654,1.00,2.06
2015.04.21 19:46:16.301,1.19651,1.19654,1.00,2.06
2015.04.21 19:46:21.114,1.19652,1.19654,1.00,2.06
2015.04.21 19:46:26.966,1.19651,1.19654,1.00,2.81
2015.04.21 19:46:27.481,1.1965,1.19654,1.00,2.81
2015.04.21 19:46:42.031,1.1965,1.19654,1.00,2.06
2015.04.21 19:46:47.591,1.1965,1.19654,1.00,2.06
2015.04.21 19:46:49.447,1.1965,1.19654,1.00,2.06
2015.04.21 19:47:02.774,1.1965,1.19652,1.00,1.12
2015.04.21 19:47:17.096,1.19648,1.19654,2.44,2.81
2015.04.21 19:47:27.925,1.19649,1.19654,1.00,2.06
2015.04.21 19:47:29.313,1.19648,1.19654,2.44,2.81
2015.04.21 19:47:33.549,1.19649,1.19654,1.00,2.06
2015.04.21 19:47:34.014,1.1965,1.19654,1.00,2.06
2015.04.21 19:47:34.521,1.19651,1.19654,1.00,2.06
2015.04.21 19:47:37.838,1.19651,1.19654,1.00,1.87
2015.04.21 19:47:37.939,1.19654,1.19656,1.00,1.00
2015.04.21 19:47:38.243,1.19656,1.19658,1.00,1.87
2015.04.21 19:47:38.344,1.19655,1.19658,1.00,2.06
2015.04.21 19:47:39.203,1.19654,1.19658,1.50,1.69
2015.04.21 19:47:39.746,1.19654,1.19658,1.50,2.29
2015.04.21 19:47:40.251,1.19654,1.19657,1.00,1.91
2015.04.21 19:47:42.454,1.19653,1.19657,1.50,2.24
2015.04.21 19:47:43.229,1.19654,1.19656,1.00,1.00
2015.04.21 19:47:43.736,1.19654,1.19656,1.00,1.69
2015.04.21 19:47:44.241,1.19653,1.19656,1.00,2.06
2015.04.21 19:47:45.711,1.19652,1.19656,1.50,2.06
2015.04.21 19:47:47.160,1.19652,1.19656,1.50,2.81
2015.04.21 19:47:52.771,1.19651,1.19655,1.50,2.06
2015.04.21 19:48:01.065,1.1965,1.19653,1.50,1.62
2015.04.21 19:48:02.710,1.19651,1.19654,1.50,1.69
2015.04.21 19:48:06.626,1.19651,1.19654,1.50,1.69
2015.04.21 19:48:07.725,1.19651,1.19654,1.50,1.69
2015.04.21 19:48:12.383,1.19651,1.19653,1.50,1.22
2015.04.21 19:48:25.718,1.1965,1.19653,1.50,1.22
2015.04.21 19:48:29.635,1.19651,1.19653,1.00,1.25
2015.04.21 19:48:30.176,1.19651,1.19653,1.00,1.22
2015.04.21 19:48:32.103,1.19652,1.19653,1.00,1.25
2015.04.21 19:48:39.760,1.19651,1.19654,1.00,2.06
2015.04.21 19:48:39.963,1.19653,1.19655,1.00,1.69
2015.04.21 19:48:40.216,1.19654,1.19657,1.50,1.10
2015.04.21 19:48:40.368,1.19656,1.19658,1.00,1.50
2015.04.21 19:48:40.469,1.19656,1.19657,1.00,1.00
2015.04.21 19:48:40.975,1.19656,1.19658,1.00,1.76
2015.04.21 19:48:41.365,1.19654,1.19658,1.10,1.76
2015.04.21 19:48:41.467,1.19654,1.19656,1.57,1.00
2015.04.21 19:48:41.976,1.19655,1.19656,1.00,1.00
2015.04.21 19:48:42.483,1.19654,1.19656,1.00,1.29
2015.04.21 19:48:42.991,1.19653,1.19656,1.00,1.69
2015.04.21 19:48:43.533,1.19653,1.19654,1.00,1.01
2015.04.21 19:48:44.391,1.19652,1.19654,1.00,1.12
2015.04.21 19:48:47.346,1.19652,1.19654,1.00,1.12
2015.04.21 19:48:47.498,1.19654,1.19656,1.00,1.69
2015.04.21 19:48:48.458,1.19654,1.19656,1.00,1.12
2015.04.21 19:48:48.560,1.19654,1.19656,1.00,1.12
2015.04.21 19:48:49.065,1.19654,1.19656,1.00,1.00
2015.04.21 19:48:49.604,1.19656,1.19658,1.00,1.50
2015.04.21 19:48:50.264,1.19654,1.19658,1.10,3.19
2015.04.21 19:48:50.772,1.19654,1.19656,1.00,1.20
2015.04.21 19:48:51.317,1.19653,1.19656,1.00,1.39
2015.04.21 19:48:52.020,1.19653,1.19656,1.00,2.06
2015.04.21 19:49:02.189,1.19652,1.19656,1.00,2.81
2015.04.21 19:49:04.486,1.19653,1.19656,1.00,1.87
2015.04.21 19:49:04.992,1.19654,1.19656,1.00,1.12
2015.04.21 19:49:05.549,1.19653,1.19656,1.50,1.12
2015.04.21 19:49:09.333,1.19653,1.19656,1.50,1.31
2015.04.21 19:49:09.858,1.19654,1.19656,1.00,1.31
2015.04.21 19:49:10.378,1.19654,1.19656,1.00,1.01
2015.04.21 19:49:11.862,1.19654,1.19657,1.00,1.69
2015.04.21 19:49:12.468,1.19654,1.19657,1.00,1.69
2015.04.21 19:49:15.327,1.19654,1.19657,1.50,1.69
2015.04.21 19:49:15.853,1.19654,1.19657,1.00,1.12
2015.04.21 19:49:16.459,1.19654,1.19657,1.00,1.10
2015.04.21 19:49:26.004,1.19653,1.19657,1.12,1.69
2015.04.21 19:49:27.132,1.19654,1.19657,1.00,1.76
2015.04.21 19:49:28.020,1.19652,1.19657,1.12,1.57
2015.04.21 19:49:28.325,1.19654,1.19657,1.00,2.25
2015.04.21 19:49:28.831,1.19656,1.19658,1.00,3.37
2015.04.21 19:49:29.083,1.19655,1.19657,1.00,1.10
2015.04.21 19:49:29.598,1.19654,1.19657,1.50,1.57
2015.04.21 19:49:33.132,1.19653,1.19657,2.32,1.10
2015.04.21 19:49:33.640,1.19654,1.19657,1.50,1.10
2015.04.21 19:49:34.319,1.19653,1.19657,1.10,1.10
2015.04.21 19:49:34.471,1.19654,1.19657,1.00,1.50
2015.04.21 19:49:35.998,1.19652,1.19656,1.00,1.22
2015.04.21 19:49:36.099,1.19652,1.19657,1.50,2.06
2015.04.21 19:49:36.605,1.19651,1.19656,9.75,2.06
2015.04.21 19:49:37.413,1.19652,1.19656,1.50,1.31
2015.04.21 19:49:37.540,1.19654,1.19657,1.00,1.12
2015.04.21 19:49:37.590,1.19654,1.19657,2.85,1.12
2015.04.21 19:49:37.794,1.19655,1.19658,1.50,1.12
2015.04.21 19:49:37.895,1.19655,1.19659,1.00,1.12
2015.04.21 19:49:38.199,1.19652,1.19658,10.76,3.37
2015.04.21 19:49:38.555,1.19653,1.19658,1.12,2.25
2015.04.21 19:49:39.060,1.19653,1.19657,1.00,1.31
2015.04.21 19:49:39.544,1.19656,1.19658,1.00,2.62
2015.04.21 19:49:39.747,1.19659,1.1966,1.00,1.50
2015.04.21 19:49:39.848,1.19656,1.19658,5.25,1.37
2015.04.21 19:49:39.900,1.19655,1.19658,1.00,1.37
2015.04.21 19:49:39.951,1.19654,1.19658,1.00,1.75
2015.04.21 19:49:40.455,1.19655,1.19658,1.00,2.25
2015.04.21 19:49:40.758,1.19653,1.19658,1.00,3.56
2015.04.21 19:49:41.717,1.19656,1.19658,1.00,1.50
2015.04.21 19:49:41.821,1.19657,1.19659,1.00,1.00
2015.04.21 19:49:42.055,1.19654,1.19658,1.00,2.32
2015.04.21 19:49:42.156,1.19654,1.19657,1.00,2.25
2015.04.21 19:49:42.669,1.19654,1.19657,1.00,1.12
2015.04.21 19:49:42.972,1.19653,1.19657,1.00,2.44
2015.04.21 19:49:47.442,1.19652,1.19657,2.25,2.00
2015.04.21 19:49:47.959,1.19652,1.19657,2.25,2.00
2015.04.21 19:49:49.913,1.19653,1.19657,1.00,2.00
2015.04.21 19:49:50.115,1.19656,1.19658,1.00,1.31
2015.04.21 19:49:55.378,1.19656,1.19658,1.00,1.31
2015.04.21 19:49:55.480,1.19653,1.19657,1.50,1.50
2015.04.21 19:49:55.985,1.19652,1.19657,1.50,2.25
2015.04.21 19:49:57.583,1.19653,1.19657,1.00,2.25
2015.04.21 19:49:57.686,1.19654,1.19658,1.00,3.00
2015.04.21 19:49:58.192,1.19654,1.19658,1.00,3.00
2015.04.21 19:49:58.723,1.19653,1.19656,1.00,1.10
2015.04.21 19:49:59.232,1.19653,1.19657,1.00,2.25
2015.04.21 19:49:59.796,1.19652,1.19657,1.50,2.44
2015.04.21 19:50:03.501,1.19652,1.19656,1.00,2.00
2015.04.21 19:50:04.119,1.19653,1.19657,7.50,2.44
2015.04.21 19:50:05.108,1.19652,1.19656,1.00,2.00
2015.04.21 19:50:07.009,1.19652,1.19656,1.00,1.50
2015.04.21 19:50:08.203,1.19653,1.19656,1.00,1.50
2015.04.21 19:50:08.254,1.19653,1.19656,1.87,1.00
2015.04.21 19:50:09.259,1.19652,1.19656,1.87,1.00
2015.04.21 19:50:09.916,1.19652,1.19656,1.10,1.12
2015.04.21 19:50:15.242,1.19653,1.19656,1.00,1.12
2015.04.21 19:50:18.905,1.19653,1.19658,1.10,2.62
2015.04.21 19:50:19.441,1.19654,1.19658,1.10,1.57
2015.04.21 19:50:21.866,1.19655,1.19658,1.00,1.76
2015.04.21 19:50:22.372,1.19653,1.19658,1.12,2.70
2015.04.21 19:50:22.877,1.19653,1.19657,1.10,1.76
2015.04.21 19:50:23.406,1.19653,1.19657,1.00,2.06
2015.04.21 19:50:27.547,1.19653,1.19657,1.00,2.06
2015.04.21 19:50:28.863,1.19652,1.19657,1.57,2.06
2015.04.21 19:50:29.479,1.19652,1.19656,1.00,2.00
2015.04.21 19:50:34.069,1.19651,1.19656,1.57,2.00
2015.04.21 19:50:34.582,1.19652,1.19656,1.00,2.00
2015.04.21 19:50:36.721,1.19652,1.19656,1.10,1.10
2015.04.21 19:50:39.056,1.19652,1.19656,1.10,1.29
2015.04.21 19:50:40.105,1.19653,1.19656,1.00,1.29
2015.04.21 19:50:40.610,1.19654,1.19656,1.00,1.00
2015.04.21 19:50:41.116,1.19653,1.19656,1.10,1.00
2015.04.21 19:50:41.631,1.19652,1.19656,1.57,1.10
2015.04.21 19:50:42.590,1.19653,1.19656,1.00,1.10
2015.04.21 19:50:44.305,1.19654,1.19656,1.00,1.29
2015.04.21 19:50:44.609,1.19657,1.19659,1.00,1.50
2015.04.21 19:50:45.129,1.19655,1.19658,1.00,1.50
2015.04.21 19:50:45.635,1.19656,1.19658,1.00,1.50
2015.04.21 19:50:46.140,1.19655,1.19658,1.50,1.75
2015.04.21 19:50:46.291,1.19656,1.19658,1.00,1.00
2015.04.21 19:50:46.817,1.19657,1.19658,1.00,1.00
2015.04.21 19:50:48.947,1.19657,1.19659,1.10,1.00
2015.04.21 19:50:48.998,1.19658,1.19661,1.00,1.20
2015.04.21 19:50:49.251,1.19659,1.19665,2.62,2.44
2015.04.21 19:50:49.756,1.19661,1.19665,1.00,1.87
2015.04.21 19:50:50.273,1.1966,1.19665,1.57,1.87
2015.04.21 19:50:50.815,1.1966,1.19665,1.87,1.47
2015.04.21 19:51:01.541,1.1966,1.19665,1.87,1.10
2015.04.21 19:51:02.089,1.1966,1.19665,2.25,1.00
2015.04.21 19:51:03.799,1.1966,1.19665,1.87,1.01
2015.04.21 19:51:04.308,1.1966,1.19665,1.12,2.14
2015.04.21 19:51:08.293,1.1966,1.19663,1.12,1.00
2015.04.21 19:51:11.742,1.19662,1.19663,1.00,1.00
2015.04.21 19:51:11.793,1.19662,1.19666,1.00,2.62
2015.04.21 19:51:12.312,1.19663,1.19666,1.10,1.87
2015.04.21 19:51:12.565,1.19663,1.19666,1.10,1.87
2015.04.21 19:51:12.666,1.19663,1.19666,1.10,1.12
2015.04.21 19:51:13.186,1.19663,1.19668,1.12,1.47
2015.04.21 19:51:13.237,1.19664,1.19668,1.10,1.20
2015.04.21 19:51:13.754,1.19664,1.19668,1.12,1.12
2015.04.21 19:52:02.049,1.19663,1.19667,2.25,1.00
2015.04.21 19:52:02.728,1.19663,1.19667,1.87,1.00
2015.04.21 19:52:03.233,1.19663,1.19667,2.25,1.00
2015.04.21 19:52:03.738,1.19664,1.19669,1.12,1.37
2015.04.21 19:52:37.443,1.19669,1.19672,1.50,2.14
2015.04.21 19:52:37.495,1.19669,1.19672,1.50,1.95
2015.04.21 19:52:37.799,1.1967,1.19675,1.50,2.06
2015.04.21 19:52:37.850,1.1967,1.19675,2.25,2.06
2015.04.21 19:52:44.640,1.19671,1.19675,2.25,1.62
2015.04.21 19:52:47.952,1.19671,1.19676,1.87,2.81
2015.04.21 19:53:04.137,1.19671,1.19676,1.50,2.81
2015.04.21 19:53:04.686,1.19671,1.19676,1.12,2.81
2015.04.21 19:53:47.106,1.19671,1.19676,1.87,1.12
2015.04.21 19:53:48.064,1.19672,1.19675,1.10,1.00
2015.04.21 19:53:53.431,1.19671,1.19674,1.12,1.00
2015.04.21 19:53:53.942,1.19671,1.19674,1.10,1.00
2015.04.21 19:53:55.076,1.19671,1.19675,1.10,1.00
2015.04.21 19:53:55.178,1.19673,1.19675,1.00,1.00
2015.04.21 19:54:05.979,1.19673,1.19675,1.00,1.00
2015.04.21 19:54:13.538,1.19672,1.19675,1.10,1.62
2015.04.21 19:54:18.460,1.19672,1.19676,1.10,2.25
2015.04.21 19:54:22.068,1.19672,1.19675,1.10,1.00
2015.04.21 19:54:29.289,1.19673,1.19675,1.00,1.25
2015.04.21 19:54:29.491,1.19671,1.19676,1.87,1.69
2015.04.21 19:54:30.041,1.19671,1.19675,1.87,1.10
2015.04.21 19:54:31.929,1.19671,1.19676,1.87,1.69
2015.04.21 19:54:35.785,1.19671,1.19675,1.87,1.00
2015.04.21 19:54:36.313,1.19671,1.19676,1.87,1.69
2015.04.21 19:54:37.740,1.19672,1.19673,1.10,1.00
2015.04.21 19:54:38.265,1.19672,1.19674,1.10,2.25
2015.04.21 19:54:39.173,1.19673,1.19674,1.00,1.00
2015.04.21 19:54:39.729,1.19673,1.19676,1.00,3.26
2015.04.21 19:54:43.926,1.19673,1.19677,1.00,1.95
2015.04.21 19:54:43.977,1.19672,1.19677,1.57,1.95
2015.04.21 19:54:44.886,1.19672,1.19676,1.57,1.62
2015.04.21 19:54:47.530,1.19672,1.19677,1.57,2.74
2015.04.21 19:54:52.258,1.19674,1.19676,1.00,1.37
2015.04.21 19:54:55.229,1.19673,1.19677,1.00,1.62
2015.04.21 19:54:57.421,1.19673,1.19677,1.00,1.50
2015.04.21 19:54:58.964,1.19672,1.19674,1.10,1.00
2015.04.21 19:54:59.490,1.19672,1.19674,1.10,1.00
2015.04.21 19:55:00.179,1.19673,1.19674,1.00,1.00
2015.04.21 19:55:00.280,1.19673,1.19676,1.00,1.50
2015.04.21 19:55:03.264,1.19674,1.19676,1.00,1.50
2015.04.21 19:55:04.007,1.19673,1.19676,1.00,1.69
2015.04.21 19:55:04.260,1.19666,1.1967,1.87,1.00
2015.04.21 19:55:04.767,1.19667,1.1967,1.00,1.50
2015.04.21 19:55:05.121,1.19665,1.1967,2.32,1.50
2015.04.21 19:55:05.672,1.19666,1.1967,1.10,1.01
2015.04.21 19:55:08.656,1.19667,1.1967,1.00,1.01
2015.04.21 19:55:09.161,1.19667,1.1967,1.00,1.29
2015.04.21 19:55:11.352,1.19668,1.1967,1.00,1.01
2015.04.21 19:55:14.676,1.19668,1.19671,1.10,1.00
2015.04.21 19:55:14.727,1.1967,1.19671,1.00,1.00
2015.04.21 19:55:14.778,1.1967,1.19676,3.00,3.19
2015.04.21 19:55:14.829,1.1967,1.19676,3.82,3.00
2015.04.21 19:55:14.880,1.19672,1.19676,1.00,2.25
2015.04.21 19:55:15.184,1.1967,1.19675,2.32,1.62
2015.04.21 19:55:17.202,1.1967,1.19675,1.10,1.56
2015.04.21 19:55:26.489,1.19669,1.19674,2.32,2.14
2015.04.21 19:55:35.723,1.19669,1.19672,1.57,1.00
2015.04.21 19:55:36.026,1.19668,1.1967,1.87,1.00
2015.04.21 19:55:36.531,1.19668,1.1967,1.10,1.00
2015.04.21 19:55:38.272,1.19667,1.1967,1.00,1.57
2015.04.21 19:55:38.575,1.19667,1.19668,1.00,1.00
2015.04.21 19:55:47.737,1.19666,1.19668,1.50,1.00
2015.04.21 19:55:48.495,1.19667,1.19668,1.00,1.10
2015.04.21 19:55:50.842,1.19667,1.1967,1.00,1.50
2015.04.21 19:55:51.518,1.19667,1.1967,1.12,1.00
2015.04.21 19:55:55.197,1.19667,1.1967,1.00,1.57
2015.04.21 19:56:00.503,1.19667,1.19669,1.00,1.00
2015.04.21 19:56:00.806,1.19666,1.19668,1.00,1.50
2015.04.21 19:56:01.315,1.19665,1.19668,1.00,1.75
2015.04.21 19:56:01.772,1.19666,1.19667,1.00,1.00
2015.04.21 19:56:07.496,1.19664,1.19666,1.00,1.50
2015.04.21 19:56:11.585,1.19664,1.19666,1.00,1.50
2015.04.21 19:56:12.346,1.19661,1.19663,1.57,1.00
2015.04.21 19:56:12.852,1.1966,1.19663,1.50,1.57
2015.04.21 19:56:13.380,1.19661,1.19663,1.00,2.25
2015.04.21 19:56:17.190,1.19659,1.19662,1.50,1.75
2015.04.21 19:56:17.392,1.1966,1.19662,1.00,1.10
2015.04.21 19:56:18.790,1.19659,1.19662,1.50,1.10
2015.04.21 19:56:19.098,1.19657,1.19661,3.82,1.10
2015.04.21 19:56:19.199,1.19656,1.19658,1.57,1.00
2015.04.21 19:56:19.402,1.19652,1.19658,3.75,2.70
2015.04.21 19:56:19.942,1.19653,1.19657,1.10,1.57
2015.04.21 19:56:20.459,1.19653,1.19656,1.10,1.50
2015.04.21 19:56:22.436,1.19654,1.19656,1.00,1.00
2015.04.21 19:56:24.638,1.19653,1.19656,1.10,1.00
2015.04.21 19:56:25.143,1.19653,1.19656,1.12,1.00
2015.04.21 19:56:27.612,1.19653,1.19657,1.12,1.50
2015.04.21 19:56:32.563,1.19653,1.19658,1.12,2.32
2015.04.21 19:56:35.164,1.19653,1.19657,1.12,1.00
2015.04.21 19:56:35.700,1.19653,1.19658,1.12,2.32
2015.04.21 19:56:36.206,1.19653,1.19657,1.87,1.00
2015.04.21 19:56:39.281,1.19653,1.19658,1.12,2.32
2015.04.21 19:56:40.125,1.19655,1.19659,1.00,1.50
2015.04.21 19:56:40.639,1.19656,1.1966,1.10,1.87
2015.04.21 19:56:48.980,1.19657,1.1966,1.00,1.12
2015.04.21 19:56:49.031,1.19659,1.1966,1.00,1.12
2015.04.21 19:56:49.550,1.19659,1.19662,1.00,1.50
2015.04.21 19:56:50.448,1.19659,1.19661,1.00,1.87
2015.04.21 19:56:50.960,1.19658,1.1966,1.00,1.12
2015.04.21 19:56:52.277,1.19659,1.1966,1.00,1.10
2015.04.21 19:56:53.419,1.19658,1.19662,1.50,1.50
2015.04.21 19:56:54.110,1.19657,1.19662,1.50,2.25
2015.04.21 19:56:54.682,1.19657,1.19662,1.57,1.87
2015.04.21 19:56:55.185,1.1966,1.19662,1.00,1.12
2015.04.21 19:56:55.652,1.1966,1.19666,1.50,3.19
2015.04.21 19:56:56.208,1.1966,1.19666,2.32,2.44
2015.04.21 19:56:56.713,1.19661,1.19666,1.00,1.69
2015.04.21 19:56:57.535,1.19661,1.19666,1.10,1.31
2015.04.21 19:57:00.502,1.19662,1.19666,1.00,1.31
2015.04.21 19:57:01.130,1.19663,1.19668,1.00,2.25
2015.04.21 19:57:01.636,1.19663,1.19668,1.10,1.50
2015.04.21 19:57:08.759,1.19663,1.19668,1.00,1.75
2015.04.21 19:57:13.537,1.19664,1.19669,1.00,3.00
2015.04.21 19:57:14.282,1.19664,1.19669,1.50,2.00
2015.04.21 19:57:15.380,1.19664,1.19669,1.57,1.69
2015.04.21 19:57:23.829,1.19664,1.19669,1.50,1.94
2015.04.21 19:57:24.371,1.19664,1.19669,1.00,2.44
2015.04.21 19:57:25.134,1.19663,1.19668,2.25,2.00
2015.04.21 19:57:25.792,1.19664,1.19668,1.00,2.00
2015.04.21 19:57:27.661,1.19663,1.19668,1.50,2.44
2015.04.21 19:57:33.717,1.19663,1.19668,1.50,2.00
2015.04.21 19:57:36.348,1.19663,1.19668,1.50,2.00
2015.04.21 19:57:44.666,1.19663,1.19668,1.00,3.00
2015.04.21 19:57:45.180,1.19661,1.19667,2.32,3.00
2015.04.21 19:57:45.484,1.19661,1.19666,1.00,2.25
2015.04.21 19:57:45.990,1.1966,1.19665,1.00,1.75
2015.04.21 19:57:47.101,1.19659,1.19665,3.00,2.44
2015.04.21 19:57:47.405,1.19661,1.19667,1.50,5.06
2015.04.21 19:57:47.911,1.1966,1.19665,1.00,1.75
2015.04.21 19:57:48.439,1.1966,1.19665,1.00,1.69
2015.04.21 19:57:49.400,1.19661,1.19665,1.00,1.69
2015.04.21 19:57:50.211,1.19662,1.19666,1.00,2.00
2015.04.21 19:57:50.792,1.19662,1.19667,2.25,1.75
2015.04.21 19:57:52.781,1.19661,1.19667,1.50,3.75
2015.04.21 19:57:53.084,1.19659,1.19664,2.25,1.50
2015.04.21 19:57:53.590,1.19659,1.19664,1.50,3.94
2015.04.21 19:57:54.096,1.19659,1.19663,1.00,1.75
2015.04.21 19:57:54.628,1.19656,1.1966,1.57,1.10
2015.04.21 19:57:54.729,1.19656,1.1966,2.25,1.50
2015.04.21 19:57:58.572,1.19655,1.19658,1.00,1.16
2015.04.21 19:57:58.623,1.19654,1.19658,1.50,1.91
2015.04.21 19:57:58.725,1.19654,1.19658,1.50,3.04
2015.04.21 19:58:00.447,1.19655,1.19658,1.00,2.25
2015.04.21 19:58:02.373,1.19654,1.19658,1.50,2.25
2015.04.21 19:58:02.562,1.19654,1.19658,1.50,1.57
2015.04.21 19:58:04.246,1.19654,1.19657,1.00,1.00
2015.04.21 19:58:04.752,1.19655,1.19657,1.00,1.00
2015.04.21 19:58:06.097,1.19656,1.19658,1.00,1.76
2015.04.21 19:58:06.618,1.19655,1.19657,1.00,1.00
2015.04.21 19:58:07.161,1.19657,1.19659,1.00,2.62
2015.04.21 19:58:07.717,1.19652,1.19658,3.75,2.25
2015.04.21 19:58:09.574,1.19653,1.19658,3.00,2.44
2015.04.21 19:58:10.060,1.19654,1.19657,1.00,2.00
2015.04.21 19:58:10.161,1.19651,1.19656,2.25,1.75
2015.04.21 19:58:12.869,1.19652,1.19656,1.50,1.75
2015.04.21 19:58:13.131,1.19652,1.19656,1.50,1.75
2015.04.21 19:58:17.870,1.19653,1.19656,1.00,1.75
2015.04.21 19:58:18.196,1.19654,1.19656,1.00,1.37
2015.04.21 19:58:18.247,1.19658,1.1966,1.00,4.50
2015.04.21 19:58:18.349,1.1966,1.19664,1.00,1.00
2015.04.21 19:58:18.400,1.19661,1.19664,1.00,1.50
2015.04.21 19:58:18.502,1.19661,1.19666,1.50,1.50
2015.04.21 19:58:18.604,1.19661,1.19666,1.50,1.75
2015.04.21 19:58:18.909,1.19662,1.19666,1.50,1.75
2015.04.21 19:58:19.062,1.19665,1.19668,1.00,2.25
2015.04.21 19:58:19.417,1.19669,1.19671,1.00,3.37
2015.04.21 19:58:19.468,1.1967,1.19671,1.00,1.00
2015.04.21 19:58:19.873,1.19668,1.19672,3.07,1.01
2015.04.21 19:58:19.924,1.19667,1.1967,1.50,1.00
2015.04.21 19:58:20.228,1.19664,1.19669,1.50,1.75
2015.04.21 19:58:21.041,1.19663,1.19669,2.32,2.44
2015.04.21 19:58:21.558,1.19663,1.19669,2.25,2.44
2015.04.21 19:58:23.138,1.19663,1.19668,1.00,1.75
2015.04.21 19:58:25.516,1.19663,1.19668,1.00,2.25
2015.04.21 19:58:26.274,1.19661,1.19667,3.07,3.00
2015.04.21 19:58:26.527,1.19661,1.19663,1.00,1.00
2015.04.21 19:58:26.780,1.19656,1.1966,1.00,1.12
2015.04.21 19:58:26.882,1.19656,1.19661,1.00,2.25
2015.04.21 19:58:27.186,1.19653,1.19656,1.00,1.57
2015.04.21 19:58:27.753,1.19653,1.19656,1.50,1.00
2015.04.21 19:58:28.260,1.19653,1.19656,1.10,1.50
2015.04.21 19:58:30.717,1.19654,1.19656,1.00,1.00
2015.04.21 19:58:30.920,1.19654,1.19658,1.57,1.10
2015.04.21 19:58:31.426,1.19655,1.19658,1.00,1.10
2015.04.21 19:58:31.969,1.19655,1.1966,1.57,1.12
2015.04.21 19:58:32.490,1.19656,1.19661,1.00,3.00
2015.04.21 19:58:35.233,1.19658,1.19661,1.00,1.50
2015.04.21 19:58:35.536,1.19656,1.19661,1.50,1.75
2015.04.21 19:58:35.637,1.19658,1.19661,1.00,2.25
2015.04.21 19:58:35.789,1.19656,1.19661,1.00,2.25
2015.04.21 19:58:36.870,1.19658,1.19661,1.00,2.25
2015.04.21 19:58:41.683,1.19657,1.19661,1.00,2.25
2015.04.21 19:58:42.564,1.19658,1.19661,1.00,2.25
2015.04.21 19:58:43.133,1.19657,1.19661,1.00,2.17
2015.04.21 19:58:43.639,1.19658,1.19661,1.00,2.25
2015.04.21 19:58:44.246,1.19658,1.19661,1.00,2.25
2015.04.21 19:58:44.982,1.19659,1.19661,1.00,2.25
2015.04.21 19:58:45.487,1.19657,1.19661,1.00,2.25
2015.04.21 19:58:45.993,1.19657,1.19661,1.00,2.25
2015.04.21 19:58:46.571,1.19658,1.19661,1.00,2.25
2015.04.21 19:58:48.400,1.19657,1.19661,1.00,1.75
2015.04.21 19:58:48.906,1.19658,1.19661,1.00,2.25
2015.04.21 19:58:49.652,1.19657,1.19661,1.00,2.25
2015.04.21 19:58:50.158,1.19658,1.19661,1.00,2.25
2015.04.21 19:58:52.287,1.19658,1.19661,1.00,1.50
2015.04.21 19:58:52.804,1.19659,1.19663,1.00,1.75
2015.04.21 19:58:54.063,1.19659,1.19665,1.50,3.19
2015.04.21 19:58:54.571,1.19662,1.19665,1.00,1.50
2015.04.21 19:58:54.673,1.19664,1.19667,1.00,1.50
2015.04.21 19:58:54.774,1.19666,1.1967,1.00,1.75
2015.04.21 19:58:55.129,1.19668,1.1967,1.00,1.12
2015.04.21 19:58:55.564,1.19668,1.19669,1.00,1.00
2015.04.21 19:58:56.070,1.19665,1.19671,1.50,3.56
2015.04.21 19:58:57.887,1.19665,1.19671,2.25,1.87
2015.04.21 19:58:58.090,1.19669,1.19672,1.50,1.87
2015.04.21 19:58:59.279,1.19669,1.19672,1.00,1.12
2015.04.21 19:58:59.330,1.19667,1.19671,3.75,1.12
2015.04.21 19:58:59.843,1.19668,1.19671,1.50,1.05
2015.04.21 19:59:00.197,1.19668,1.19671,1.50,1.12
2015.04.21 19:59:00.704,1.19667,1.1967,1.00,2.44
2015.04.21 19:59:01.210,1.19666,1.1967,1.00,2.44
2015.04.21 19:59:01.717,1.19667,1.1967,1.00,2.44
2015.04.21 19:59:04.096,1.19667,1.1967,1.00,1.50
2015.04.21 19:59:05.265,1.19668,1.19671,1.00,1.37
2015.04.21 19:59:05.919,1.19665,1.1967,3.82,1.50
2015.04.21 19:59:06.428,1.19665,1.19668,1.00,1.31
2015.04.21 19:59:06.934,1.19664,1.19667,1.00,1.12
2015.04.21 19:59:07.608,1.19664,1.19667,1.00,1.12
2015.04.21 19:59:08.215,1.19665,1.19669,1.00,2.06
2015.04.21 19:59:09.390,1.19665,1.19669,1.00,2.06
2015.04.21 19:59:09.896,1.19664,1.19667,1.00,1.12
2015.04.21 19:59:12.535,1.19665,1.19669,1.00,2.36
2015.04.21 19:59:14.333,1.19666,1.19669,1.00,2.81
2015.04.21 19:59:20.406,1.19666,1.19669,1.00,1.87
2015.04.21 19:59:20.912,1.19665,1.19669,1.00,1.87
2015.04.21 19:59:21.335,1.19664,1.19669,1.00,1.87
2015.04.21 19:59:21.386,1.19666,1.19669,1.00,1.37
2015.04.21 19:59:21.689,1.19667,1.1967,1.00,1.12
2015.04.21 19:59:22.194,1.19666,1.19669,1.00,1.12
2015.04.21 19:59:23.834,1.19665,1.19669,1.50,1.12
2015.04.21 19:59:23.936,1.19663,1.19667,1.50,1.12
2015.04.21 19:59:24.542,1.19663,1.19667,1.00,1.12
2015.04.21 19:59:25.048,1.19665,1.19667,1.00,1.37
2015.04.21 19:59:25.571,1.19663,1.19667,1.00,1.87
2015.04.21 19:59:26.841,1.19664,1.19666,1.00,1.42
2015.04.21 19:59:29.057,1.19664,1.19666,1.00,1.42
2015.04.21 19:59:29.572,1.19665,1.19666,1.00,1.42
2015.04.21 19:59:30.079,1.19665,1.19667,1.00,2.25
2015.04.21 19:59:30.603,1.19666,1.19668,1.00,1.50
2015.04.21 19:59:33.396,1.19664,1.19668,1.00,2.62
2015.04.21 19:59:35.553,1.19664,1.19668,1.50,1.87
2015.04.21 19:59:36.634,1.19665,1.19668,1.00,2.55
2015.04.21 19:59:36.836,1.19665,1.19668,1.00,2.55
2015.04.21 19:59:37.039,1.19663,1.19668,1.00,2.62
2015.04.21 19:59:37.543,1.19664,1.19668,1.00,2.62
2015.04.21 19:59:41.242,1.19666,1.19668,1.00,3.30
2015.04.21 19:59:41.748,1.19665,1.19668,1.00,3.30
2015.04.21 19:59:42.583,1.19666,1.19668,1.00,3.30
2015.04.21 19:59:43.392,1.19664,1.19668,1.00,3.30
2015.04.21 19:59:44.158,1.19665,1.19668,1.00,3.30
2015.04.21 19:59:44.707,1.19664,1.19666,1.00,1.42
2015.04.21 19:59:45.242,1.19664,1.19666,1.00,1.12
2015.04.21 19:59:46.045,1.19664,1.19666,1.00,1.12
2015.04.21 19:59:46.565,1.19665,1.19666,1.00,1.12
2015.04.21 19:59:47.088,1.19664,1.19666,1.00,1.12
2015.04.21 19:59:47.602,1.19665,1.19666,1.00,1.12
2015.04.21 19:59:48.486,1.19664,1.19666,1.00,1.12
2015.04.21 19:59:49.155,1.19663,1.19666,1.00,1.50
2015.04.21 19:59:50.157,1.19663,1.19666,1.00,1.50
2015.04.21 19:59:50.659,1.19662,1.19666,1.00,1.75
2015.04.21 19:59:51.601,1.19662,1.19666,1.00,1.75
2015.04.21 19:59:52.116,1.19663,1.19666,1.00,1.50
2015.04.21 19:59:52.631,1.19662,1.19666,1.00,1.75
2015.04.21 19:59:53.137,1.19664,1.19666,1.00,1.67
2015.04.21 19:59:53.663,1.19663,1.19666,1.00,1.67
2015.04.21 19:59:54.106,1.19663,1.19666,1.00,1.50
2015.04.21 19:59:54.619,1.19664,1.19668,1.00,1.87
2015.04.21 19:59:54.931,1.19662,1.19667,1.00,1.75
2015.04.21 19:59:55.435,1.19663,1.19667,1.00,1.75
2015.04.21 19:59:55.839,1.19664,1.19667,1.00,1.50
2015.04.21 19:59:56.460,1.19665,1.19667,1.00,1.50
2015.04.21 19:59:57.074,1.19663,1.19667,1.00,1.75
2015.04.21 19:59:57.679,1.19663,1.19667,1.00,1.75
2015.04.21 19:59:58.215,1.19664,1.19667,1.00,1.50
2015.04.21 19:59:58.266,1.19665,1.19668,1.00,1.50
2015.04.21 19:59:58.367,1.19664,1.19668,1.00,1.87
2015.04.21 19:59:58.897,1.19664,1.19667,1.00,2.25
2015.04.21 19:59:59.049,1.19662,1.19665,1.00,1.50
2015.04.21 19:59:59.401,1.19662,1.19665,1.00,2.25
2015.04.21 19:59:59.909,1.1966,1.19664,1.50,1.75
