2013.06.12 05:00:01.658,0.9653,0.96536,2.63,1.43
2013.06.12 05:00:02.697,0.9653,0.96536,2.63,1.43
2013.06.12 05:00:04.348,0.96532,0.96538,1.88,1.50
2013.06.12 05:00:04.665,0.96534,0.9654,1.50,2.63
2013.06.12 05:00:04.969,0.96535,0.9654,1.50,1.50
2013.06.12 05:00:05.088,0.96534,0.9654,1.50,3.00
2013.06.12 05:00:06.798,0.96534,0.9654,2.25,2.25
2013.06.12 05:00:07.338,0.96534,0.96539,1.50,3.00
2013.06.12 05:00:07.579,0.96531,0.96537,3.00,1.50
2013.06.12 05:00:08.008,0.96532,0.96538,1.50,2.25
2013.06.12 05:00:08.128,0.9653,0.96537,2.82,1.50
2013.06.12 05:00:08.369,0.9653,0.96537,2.82,2.25
2013.06.12 05:00:09.802,0.9653,0.96537,2.82,1.50
2013.06.12 05:00:10.228,0.96532,0.96538,1.50,1.50
2013.06.12 05:00:10.826,0.96532,0.96538,1.50,1.50
2013.06.12 05:00:11.007,0.96531,0.96537,1.13,1.50
2013.06.12 05:00:11.188,0.96532,0.96538,1.50,1.50
2013.06.12 05:00:11.677,0.96531,0.96537,1.32,1.50
2013.06.12 05:00:12.028,0.96533,0.96538,2.25,3.00
2013.06.12 05:00:12.088,0.96534,0.96539,1.50,1.50
2013.06.12 05:00:12.498,0.96535,0.96539,1.50,1.50
2013.06.12 05:00:16.018,0.96534,0.96539,3.00,1.50
2013.06.12 05:00:16.078,0.96534,0.96539,1.50,1.50
2013.06.12 05:00:21.087,0.96534,0.96539,2.25,1.50
2013.06.12 05:00:21.388,0.96536,0.9654,1.50,1.69
2013.06.12 05:00:21.567,0.96536,0.9654,2.25,4.32
2013.06.12 05:00:22.558,0.96534,0.96539,2.25,1.69
2013.06.12 05:00:23.061,0.96534,0.96539,1.50,1.69
2013.06.12 05:00:29.208,0.96534,0.96537,1.50,1.50
2013.06.12 05:00:29.758,0.96534,0.96537,1.50,1.50
2013.06.12 05:00:30.687,0.96534,0.96537,2.25,1.50
2013.06.12 05:00:30.807,0.96534,0.9654,2.25,3.19
2013.06.12 05:00:30.867,0.96534,0.9654,2.25,3.19
2013.06.12 05:00:31.227,0.96535,0.96537,1.50,1.50
2013.06.12 05:00:34.467,0.96535,0.9654,1.50,1.50
2013.06.12 05:00:34.767,0.96537,0.96542,1.50,4.88
2013.06.12 05:00:35.920,0.96538,0.96541,1.50,1.50
2013.06.12 05:00:36.977,0.96536,0.96541,2.25,1.50
2013.06.12 05:00:38.446,0.96536,0.96541,1.50,2.25
2013.06.12 05:00:38.975,0.96535,0.96539,1.50,2.25
2013.06.12 05:00:42.178,0.96535,0.96539,1.50,1.50
2013.06.12 05:00:45.874,0.96535,0.96539,1.50,2.25
2013.06.12 05:00:46.537,0.96533,0.96538,2.07,1.50
2013.06.12 05:00:46.718,0.96531,0.96538,1.50,3.75
2013.06.12 05:00:46.898,0.96531,0.96538,1.50,3.75
2013.06.12 05:00:46.958,0.9653,0.96536,1.88,2.25
2013.06.12 05:00:47.428,0.96532,0.96536,1.50,1.50
2013.06.12 05:00:49.277,0.96532,0.96536,1.50,1.50
2013.06.12 05:00:50.608,0.96532,0.96536,1.50,1.50
2013.06.12 05:00:50.790,0.9653,0.96536,2.63,3.00
2013.06.12 05:00:51.327,0.9653,0.96535,1.50,2.25
2013.06.12 05:00:51.868,0.9653,0.96536,2.25,2.25
2013.06.12 05:00:52.858,0.9653,0.96535,1.69,1.50
2013.06.12 05:00:53.397,0.9653,0.96536,1.50,3.75
2013.06.12 05:00:54.157,0.96529,0.96535,2.25,1.50
2013.06.12 05:00:55.487,0.9653,0.96536,1.50,3.75
2013.06.12 05:00:57.598,0.9653,0.96535,1.13,1.50
2013.06.12 05:00:58.158,0.9653,0.96536,1.88,1.50
2013.06.12 05:00:58.700,0.96531,0.96535,1.50,1.50
2013.06.12 05:01:00.880,0.9653,0.96535,1.50,1.50
2013.06.12 05:01:02.317,0.9653,0.96535,1.50,1.50
2013.06.12 05:01:03.490,0.9653,0.96535,1.50,1.50
2013.06.12 05:01:04.574,0.9653,0.96536,3.00,2.25
2013.06.12 05:01:04.888,0.96536,0.96542,3.19,1.50
2013.06.12 05:01:04.948,0.96537,0.96547,1.69,3.00
2013.06.12 05:01:05.008,0.96537,0.96543,1.50,1.69
2013.06.12 05:01:05.128,0.96535,0.96542,3.38,1.69
2013.06.12 05:01:05.670,0.96534,0.96541,1.50,2.29
2013.06.12 05:01:07.177,0.96534,0.9654,1.50,2.74
2013.06.12 05:01:07.300,0.96532,0.96538,1.50,1.62
2013.06.12 05:01:07.358,0.96531,0.96538,1.50,4.54
2013.06.12 05:01:07.718,0.96527,0.9653,1.50,3.12
2013.06.12 05:01:07.778,0.96522,0.96528,1.17,2.10
2013.06.12 05:01:08.018,0.9652,0.96527,1.50,2.37
2013.06.12 05:01:08.208,0.96519,0.96525,1.13,1.54
2013.06.12 05:01:08.868,0.96518,0.96525,1.13,1.99
2013.06.12 05:01:08.989,0.96516,0.96522,1.13,1.35
2013.06.12 05:01:09.169,0.96515,0.9652,1.32,1.43
2013.06.12 05:01:09.348,0.96513,0.96519,1.50,1.44
2013.06.12 05:01:09.409,0.9651,0.96518,3.19,2.29
2013.06.12 05:01:10.578,0.96511,0.96518,2.25,1.69
2013.06.12 05:01:10.938,0.9651,0.96516,3.19,1.50
2013.06.12 05:01:11.298,0.96516,0.96518,1.50,1.50
2013.06.12 05:01:11.358,0.96517,0.96524,2.25,2.82
2013.06.12 05:01:11.538,0.9652,0.96525,1.88,1.50
2013.06.12 05:01:11.658,0.96521,0.96527,1.13,2.25
2013.06.12 05:01:11.718,0.96522,0.96529,1.13,3.00
2013.06.12 05:01:11.838,0.96523,0.9653,1.20,4.50
2013.06.12 05:01:11.897,0.96524,0.9653,1.58,1.50
2013.06.12 05:01:12.138,0.96525,0.96532,2.33,1.50
2013.06.12 05:01:12.378,0.96525,0.96532,2.70,2.25
2013.06.12 05:01:12.738,0.96523,0.96529,2.07,1.50
2013.06.12 05:01:14.567,0.96522,0.96528,1.13,1.50
2013.06.12 05:01:14.868,0.9652,0.96527,2.25,2.25
2013.06.12 05:01:15.409,0.9652,0.96527,2.25,2.25
2013.06.12 05:01:16.020,0.96518,0.96523,3.00,1.35
2013.06.12 05:01:16.139,0.96517,0.9652,1.50,1.13
2013.06.12 05:01:16.259,0.96511,0.96517,4.69,6.38
2013.06.12 05:01:16.379,0.9651,0.96516,1.50,2.85
2013.06.12 05:01:16.439,0.96509,0.96514,2.25,1.50
2013.06.12 05:01:16.798,0.96511,0.96516,1.50,1.50
2013.06.12 05:01:17.098,0.96511,0.96518,2.25,2.44
2013.06.12 05:01:17.399,0.96513,0.9652,1.13,2.25
2013.06.12 05:01:17.458,0.96514,0.9652,2.07,2.25
2013.06.12 05:01:17.518,0.96517,0.96523,1.88,3.00
2013.06.12 05:01:17.578,0.96517,0.96523,1.88,2.25
2013.06.12 05:01:18.308,0.96517,0.96523,1.50,1.50
2013.06.12 05:01:18.368,0.96511,0.9652,1.50,9.00
2013.06.12 05:01:18.426,0.96501,0.96515,11.48,4.88
2013.06.12 05:01:18.488,0.96502,0.96512,5.07,2.25
2013.06.12 05:01:18.789,0.965,0.96504,1.50,1.50
2013.06.12 05:01:19.090,0.96498,0.96502,1.69,2.25
2013.06.12 05:01:19.569,0.96498,0.96506,1.50,3.00
2013.06.12 05:01:19.689,0.96498,0.96506,1.50,1.50
2013.06.12 05:01:19.869,0.96498,0.96506,1.50,3.00
2013.06.12 05:01:20.348,0.96498,0.96506,2.25,3.19
2013.06.12 05:01:20.648,0.96498,0.96506,1.50,2.44
2013.06.12 05:01:21.048,0.965,0.96504,1.50,1.50
2013.06.12 05:01:21.168,0.96501,0.96506,2.25,1.50
2013.06.12 05:01:21.288,0.96502,0.96508,1.50,1.50
2013.06.12 05:01:23.888,0.96501,0.96507,1.50,2.63
2013.06.12 05:01:23.948,0.96501,0.96506,1.50,7.88
2013.06.12 05:01:24.128,0.96495,0.96502,2.25,1.50
2013.06.12 05:01:24.188,0.96495,0.96501,2.25,1.88
2013.06.12 05:01:24.548,0.96499,0.96503,1.13,1.50
2013.06.12 05:01:24.668,0.965,0.96505,1.50,1.50
2013.06.12 05:01:24.799,0.965,0.96507,2.44,1.88
2013.06.12 05:01:27.488,0.96501,0.96508,2.44,2.25
2013.06.12 05:01:28.500,0.965,0.96507,1.69,1.50
2013.06.12 05:01:29.018,0.965,0.96506,2.82,1.50
2013.06.12 05:01:29.908,0.965,0.96506,2.25,1.50
2013.06.12 05:01:31.858,0.96502,0.96507,1.50,1.13
2013.06.12 05:01:32.278,0.96502,0.96508,2.25,2.82
2013.06.12 05:01:33.588,0.96501,0.96507,2.25,1.69
2013.06.12 05:01:33.838,0.965,0.96506,2.25,1.13
2013.06.12 05:01:36.407,0.965,0.96506,2.25,1.13
2013.06.12 05:01:36.527,0.96502,0.96507,1.50,1.50
2013.06.12 05:01:36.708,0.965,0.96507,2.25,2.25
2013.06.12 05:01:36.768,0.96501,0.96507,1.50,3.00
2013.06.12 05:01:38.027,0.96502,0.96508,3.00,1.50
2013.06.12 05:01:38.587,0.96502,0.96509,3.00,3.00
2013.06.12 05:01:41.488,0.96503,0.96509,1.50,2.25
2013.06.12 05:01:43.584,0.96504,0.9651,1.50,1.88
2013.06.12 05:01:46.078,0.96504,0.96511,2.25,2.25
2013.06.12 05:01:47.998,0.96504,0.96508,1.50,3.00
2013.06.12 05:01:48.119,0.96501,0.96505,1.50,5.08
2013.06.12 05:01:48.299,0.96496,0.96502,1.50,2.22
2013.06.12 05:01:48.362,0.96494,0.96501,1.50,1.13
2013.06.12 05:01:48.608,0.96492,0.96498,1.50,1.50
2013.06.12 05:01:48.848,0.96493,0.96499,1.50,1.88
2013.06.12 05:01:49.151,0.96493,0.96498,1.50,1.50
2013.06.12 05:01:49.279,0.96493,0.96499,2.25,1.50
2013.06.12 05:01:50.618,0.96493,0.96499,2.25,1.50
2013.06.12 05:01:53.148,0.96493,0.96499,1.50,1.50
2013.06.12 05:01:56.118,0.96493,0.96499,2.25,2.25
2013.06.12 05:02:00.429,0.96492,0.96498,2.25,1.50
2013.06.12 05:02:00.968,0.96491,0.96497,2.25,1.88
2013.06.12 05:02:01.675,0.96491,0.96497,1.50,2.63
2013.06.12 05:02:03.449,0.9649,0.96496,2.25,1.88
2013.06.12 05:02:05.678,0.9649,0.96496,1.50,2.63
2013.06.12 05:02:06.038,0.96494,0.96498,1.50,1.50
2013.06.12 05:02:07.059,0.96493,0.96498,1.50,1.50
2013.06.12 05:02:07.616,0.96494,0.96498,1.50,1.50
2013.06.12 05:02:07.808,0.96494,0.965,2.44,1.50
2013.06.12 05:02:07.989,0.96497,0.96502,1.13,3.00
2013.06.12 05:02:08.049,0.96497,0.96503,1.88,2.07
2013.06.12 05:02:08.588,0.96498,0.96504,1.88,1.69
2013.06.12 05:02:09.008,0.965,0.96506,1.50,3.83
2013.06.12 05:02:09.562,0.965,0.96506,2.25,1.77
2013.06.12 05:02:10.111,0.96501,0.96506,2.25,1.50
2013.06.12 05:02:10.179,0.96501,0.96508,3.00,3.08
2013.06.12 05:02:11.662,0.96502,0.96508,1.50,2.70
2013.06.12 05:02:12.267,0.96501,0.96508,2.63,1.69
2013.06.12 05:02:12.808,0.96506,0.96509,1.50,2.44
2013.06.12 05:02:12.928,0.96507,0.96511,1.50,1.50
2013.06.12 05:02:13.107,0.96508,0.96512,1.50,1.69
2013.06.12 05:02:13.528,0.96508,0.96514,1.50,1.95
2013.06.12 05:02:14.069,0.96508,0.96513,2.25,1.69
2013.06.12 05:02:15.237,0.96509,0.96514,2.25,2.25
2013.06.12 05:02:15.777,0.96509,0.96514,1.50,2.25
2013.06.12 05:02:16.199,0.9651,0.96515,1.50,3.00
2013.06.12 05:02:16.258,0.9651,0.96515,1.50,1.50
2013.06.12 05:02:16.498,0.96509,0.96515,2.25,2.07
2013.06.12 05:02:16.678,0.96507,0.96512,1.50,1.88
2013.06.12 05:02:16.858,0.96505,0.96511,2.25,1.88
2013.06.12 05:02:17.470,0.96506,0.9651,1.50,1.69
2013.06.12 05:02:22.739,0.96506,0.96512,1.50,4.54
2013.06.12 05:02:23.808,0.96506,0.96512,1.50,4.32
2013.06.12 05:02:24.998,0.96506,0.96512,1.50,3.94
2013.06.12 05:02:25.388,0.96505,0.96511,1.50,3.00
2013.06.12 05:02:25.568,0.96503,0.96509,1.50,2.63
2013.06.12 05:02:25.628,0.96502,0.96508,2.25,3.00
2013.06.12 05:02:25.688,0.96499,0.96506,5.07,1.50
2013.06.12 05:02:27.527,0.965,0.96506,1.69,1.50
2013.06.12 05:02:28.068,0.96499,0.96506,3.57,1.50
2013.06.12 05:02:30.908,0.96501,0.96507,1.13,1.50
2013.06.12 05:02:31.418,0.96501,0.96508,1.88,3.00
2013.06.12 05:02:52.158,0.96501,0.96508,2.63,2.25
2013.06.12 05:02:52.339,0.96501,0.96508,2.82,2.25
2013.06.12 05:02:52.459,0.96502,0.96508,1.50,1.50
2013.06.12 05:02:52.998,0.96502,0.96508,1.50,1.50
2013.06.12 05:02:54.600,0.96499,0.96507,4.13,3.00
2013.06.12 05:03:00.828,0.96501,0.96508,1.50,1.69
2013.06.12 05:03:05.488,0.96501,0.96508,1.50,1.69
2013.06.12 05:03:07.735,0.96501,0.96508,1.50,2.44
2013.06.12 05:03:08.039,0.96492,0.96499,1.50,2.25
2013.06.12 05:03:08.099,0.96492,0.96497,3.00,1.50
2013.06.12 05:03:08.218,0.96489,0.96495,1.50,1.50
2013.06.12 05:03:08.458,0.96489,0.96494,1.50,1.32
2013.06.12 05:03:08.819,0.96486,0.96491,2.25,2.44
2013.06.12 05:03:08.939,0.96482,0.96489,1.50,2.25
2013.06.12 05:03:09.058,0.96483,0.9649,3.00,2.25
2013.06.12 05:03:09.118,0.96484,0.96491,1.50,1.32
2013.06.12 05:03:09.486,0.96484,0.96491,1.50,2.82
2013.06.12 05:03:10.798,0.96483,0.9649,2.25,1.50
2013.06.12 05:03:12.808,0.96482,0.96488,2.44,2.10
2013.06.12 05:03:12.868,0.9648,0.96485,1.13,1.13
2013.06.12 05:03:12.989,0.96478,0.96484,1.13,1.88
2013.06.12 05:03:13.109,0.96477,0.96483,1.50,1.13
2013.06.12 05:03:13.228,0.96477,0.96484,1.50,2.25
2013.06.12 05:03:13.349,0.96479,0.96485,2.25,3.00
2013.06.12 05:03:13.468,0.9648,0.96487,2.44,1.50
2013.06.12 05:03:13.528,0.96481,0.96488,1.50,3.00
2013.06.12 05:03:13.951,0.96482,0.96488,2.07,1.13
2013.06.12 05:03:14.978,0.96485,0.9649,1.50,1.50
2013.06.12 05:03:15.519,0.96485,0.9649,1.50,1.50
2013.06.12 05:03:16.119,0.96483,0.9649,1.69,2.25
2013.06.12 05:03:18.098,0.96483,0.9649,1.69,2.25
2013.06.12 05:03:18.219,0.96483,0.96487,1.50,4.50
2013.06.12 05:03:18.280,0.96481,0.96485,2.63,2.63
2013.06.12 05:03:18.349,0.9648,0.96482,1.50,1.50
2013.06.12 05:03:18.409,0.96476,0.96482,2.07,1.50
2013.06.12 05:03:18.469,0.96476,0.96484,2.82,3.38
2013.06.12 05:03:19.215,0.96477,0.96483,1.69,1.50
2013.06.12 05:03:19.458,0.96476,0.96483,2.82,3.00
2013.06.12 05:03:19.818,0.96476,0.96482,1.32,2.25
2013.06.12 05:03:19.939,0.96476,0.9648,1.32,1.50
2013.06.12 05:03:20.489,0.96476,0.9648,1.32,1.50
2013.06.12 05:03:20.799,0.96476,0.96482,1.32,2.25
2013.06.12 05:03:24.889,0.96477,0.96483,1.69,2.25
2013.06.12 05:03:27.548,0.96476,0.96482,2.25,1.73
2013.06.12 05:03:27.849,0.96473,0.9648,3.19,1.88
2013.06.12 05:03:33.148,0.96474,0.96481,3.19,1.88
2013.06.12 05:03:43.996,0.96474,0.9648,2.25,1.88
2013.06.12 05:03:46.137,0.96474,0.9648,4.50,1.88
2013.06.12 05:03:46.668,0.96476,0.9648,1.50,1.13
2013.06.12 05:03:56.368,0.96474,0.96481,3.19,1.13
2013.06.12 05:03:58.908,0.96475,0.96481,1.50,1.13
2013.06.12 05:03:59.730,0.96476,0.96482,1.50,2.25
2013.06.12 05:04:13.174,0.96475,0.9648,1.50,1.13
2013.06.12 05:04:13.689,0.96474,0.9648,1.50,1.13
2013.06.12 05:04:16.518,0.96474,0.9648,1.50,1.13
2013.06.12 05:04:16.638,0.9647,0.96477,2.25,1.32
2013.06.12 05:04:16.758,0.96469,0.96475,1.69,1.13
2013.06.12 05:04:18.419,0.96468,0.96473,2.44,1.13
2013.06.12 05:04:18.960,0.96468,0.96473,1.50,2.07
2013.06.12 05:04:21.165,0.96468,0.96474,1.50,2.82
2013.06.12 05:04:21.468,0.9647,0.96475,1.50,2.63
2013.06.12 05:04:21.709,0.9647,0.96477,1.69,1.50
2013.06.12 05:04:21.770,0.9647,0.96475,1.69,1.50
2013.06.12 05:04:22.128,0.96465,0.96472,3.19,3.23
2013.06.12 05:04:22.188,0.96465,0.96472,1.50,3.23
2013.06.12 05:04:22.428,0.96467,0.96472,1.50,1.50
2013.06.12 05:04:22.668,0.96464,0.9647,1.50,3.38
2013.06.12 05:04:23.150,0.96463,0.96468,2.44,1.13
2013.06.12 05:04:23.688,0.96463,0.96468,1.69,1.13
2013.06.12 05:04:24.468,0.96463,0.96468,1.69,1.13
2013.06.12 05:04:24.889,0.96464,0.9647,2.25,1.88
2013.06.12 05:04:26.131,0.96464,0.9647,2.25,1.88
2013.06.12 05:04:26.679,0.96463,0.96468,1.50,1.13
2013.06.12 05:04:27.918,0.96463,0.9647,2.44,1.13
2013.06.12 05:04:31.488,0.96464,0.96468,1.50,1.89
2013.06.12 05:04:31.729,0.96459,0.96466,2.44,3.00
2013.06.12 05:04:32.282,0.96458,0.96465,1.69,3.75
2013.06.12 05:04:33.249,0.96459,0.96465,2.44,1.50
2013.06.12 05:04:33.921,0.9646,0.96466,1.69,2.25
2013.06.12 05:04:34.109,0.96461,0.96468,3.00,1.32
2013.06.12 05:04:34.648,0.96463,0.9647,2.25,1.07
2013.06.12 05:04:37.119,0.96463,0.9647,3.19,1.07
2013.06.12 05:04:37.298,0.96462,0.96468,1.69,1.07
2013.06.12 05:04:37.539,0.96464,0.96469,2.44,1.50
2013.06.12 05:04:37.658,0.96465,0.96471,1.69,1.50
2013.06.12 05:04:38.198,0.96465,0.96473,1.69,3.88
2013.06.12 05:04:38.988,0.96465,0.96472,1.69,1.50
2013.06.12 05:04:39.548,0.96465,0.96471,1.50,1.50
2013.06.12 05:04:40.438,0.96464,0.9647,2.25,1.13
2013.06.12 05:04:41.939,0.96464,0.96471,3.00,1.50
2013.06.12 05:04:42.178,0.96466,0.96472,1.13,1.69
2013.06.12 05:04:42.369,0.96469,0.96475,1.50,2.25
2013.06.12 05:04:42.489,0.9647,0.96476,2.82,1.50
2013.06.12 05:04:42.789,0.96473,0.9648,2.25,1.32
2013.06.12 05:04:43.348,0.96473,0.9648,1.50,2.07
2013.06.12 05:04:43.528,0.96473,0.9648,3.94,1.13
2013.06.12 05:04:44.249,0.96474,0.96482,3.19,2.44
2013.06.12 05:04:44.609,0.96481,0.96487,1.69,1.50
2013.06.12 05:04:44.849,0.96487,0.96494,2.25,3.19
2013.06.12 05:04:44.909,0.96489,0.96494,1.69,1.50
2013.06.12 05:04:44.969,0.96491,0.96497,1.50,2.25
2013.06.12 05:04:45.090,0.96492,0.96497,2.25,1.50
2013.06.12 05:04:45.208,0.96492,0.965,2.25,2.82
2013.06.12 05:04:45.328,0.96494,0.965,1.50,1.32
2013.06.12 05:04:45.878,0.96494,0.96501,1.69,2.25
2013.06.12 05:04:46.239,0.96492,0.965,2.25,2.07
2013.06.12 05:04:47.499,0.96491,0.96498,3.00,1.50
2013.06.12 05:04:53.384,0.96491,0.96498,2.25,2.44
2013.06.12 05:04:53.688,0.9649,0.96496,2.07,2.25
2013.06.12 05:04:54.838,0.9649,0.96496,1.88,2.25
2013.06.12 05:04:56.308,0.96489,0.96495,2.63,1.50
2013.06.12 05:04:59.778,0.96488,0.96494,1.32,2.25
2013.06.12 05:05:00.151,0.96489,0.96495,1.88,1.50
2013.06.12 05:05:07.018,0.96489,0.96495,1.50,1.50
2013.06.12 05:05:07.079,0.96489,0.96495,1.50,2.63
2013.06.12 05:05:07.260,0.96486,0.96493,1.50,4.69
2013.06.12 05:05:07.318,0.96484,0.96492,2.25,2.82
2013.06.12 05:05:07.558,0.96483,0.9649,2.63,1.50
2013.06.12 05:05:07.978,0.96485,0.96492,1.50,2.82
2013.06.12 05:05:17.020,0.96484,0.96491,1.50,2.63
2013.06.12 05:05:17.083,0.96483,0.96487,2.25,1.13
2013.06.12 05:05:17.150,0.96482,0.96487,1.69,1.89
2013.06.12 05:05:17.210,0.96481,0.96485,2.25,1.50
2013.06.12 05:05:17.270,0.96478,0.96485,2.25,3.75
2013.06.12 05:05:17.448,0.96476,0.96483,3.94,1.13
2013.06.12 05:05:17.749,0.96476,0.96482,1.50,1.69
2013.06.12 05:05:17.989,0.96477,0.96483,1.50,1.69
2013.06.12 05:05:18.574,0.96477,0.96484,2.25,1.50
2013.06.12 05:05:18.818,0.96479,0.96485,1.50,1.13
2013.06.12 05:05:21.299,0.96479,0.96486,3.00,1.50
2013.06.12 05:05:21.358,0.9648,0.96487,2.44,1.13
2013.06.12 05:05:21.908,0.96481,0.96487,2.25,1.13
2013.06.12 05:05:28.468,0.96482,0.96487,1.69,1.13
2013.06.12 05:05:30.318,0.96482,0.96487,2.25,1.13
2013.06.12 05:05:30.678,0.96482,0.96488,2.25,1.13
2013.06.12 05:05:30.738,0.96482,0.96488,2.25,1.13
2013.06.12 05:05:31.518,0.96483,0.96488,1.69,1.13
2013.06.12 05:05:32.066,0.96482,0.96488,2.44,1.88
2013.06.12 05:05:34.285,0.9648,0.96487,1.69,1.88
2013.06.12 05:05:34.768,0.96482,0.96489,3.00,4.13
2013.06.12 05:05:35.248,0.96482,0.96488,1.50,1.13
2013.06.12 05:05:35.781,0.96482,0.96488,1.50,1.13
2013.06.12 05:05:36.838,0.96482,0.96488,1.69,1.13
2013.06.12 05:05:37.199,0.96478,0.96486,2.44,1.50
2013.06.12 05:05:37.319,0.9648,0.96485,1.69,1.13
2013.06.12 05:05:37.858,0.9648,0.96487,2.44,1.88
2013.06.12 05:05:38.358,0.96481,0.96488,2.25,3.00
2013.06.12 05:05:38.540,0.96482,0.96489,2.44,1.35
2013.06.12 05:05:38.599,0.96484,0.96491,1.50,2.25
2013.06.12 05:05:39.263,0.96485,0.96492,1.50,1.50
2013.06.12 05:05:39.568,0.96486,0.96493,1.50,1.13
2013.06.12 05:05:41.268,0.96488,0.96493,1.50,1.13
2013.06.12 05:05:41.449,0.96491,0.96498,1.69,1.88
2013.06.12 05:05:41.570,0.96492,0.96499,1.50,1.32
2013.06.12 05:05:41.688,0.96491,0.96498,1.69,1.88
2013.06.12 05:05:41.988,0.96492,0.965,2.25,4.32
2013.06.12 05:05:43.888,0.96493,0.965,1.50,4.32
2013.06.12 05:05:46.688,0.96494,0.96501,2.25,2.82
2013.06.12 05:05:49.669,0.96496,0.96501,1.50,1.32
2013.06.12 05:05:49.789,0.96497,0.96503,3.00,1.13
2013.06.12 05:05:49.908,0.96499,0.96505,1.50,2.07
2013.06.12 05:05:50.029,0.96502,0.96509,1.50,2.52
2013.06.12 05:05:50.529,0.965,0.96508,3.19,1.88
2013.06.12 05:05:51.284,0.96501,0.96508,3.00,1.13
2013.06.12 05:05:57.648,0.96502,0.96508,1.50,1.88
2013.06.12 05:06:05.618,0.96502,0.96508,3.00,1.13
2013.06.12 05:06:09.168,0.96501,0.96508,3.75,2.63
2013.06.12 05:06:16.848,0.96502,0.96508,1.50,1.88
2013.06.12 05:06:18.209,0.96507,0.9651,1.13,1.69
2013.06.12 05:06:18.570,0.96516,0.96522,1.50,1.50
2013.06.12 05:06:18.689,0.96517,0.96523,2.25,1.50
2013.06.12 05:06:18.990,0.96514,0.96521,1.50,1.69
2013.06.12 05:06:19.110,0.96512,0.96518,1.13,1.50
2013.06.12 05:06:19.419,0.96511,0.96517,1.69,2.25
2013.06.12 05:06:19.598,0.96511,0.96516,1.69,1.50
2013.06.12 05:06:20.159,0.96511,0.96516,2.44,1.50
2013.06.12 05:06:20.279,0.96514,0.96517,1.69,2.25
2013.06.12 05:06:20.518,0.96518,0.96523,1.50,1.32
2013.06.12 05:06:21.058,0.96519,0.96525,1.50,1.88
2013.06.12 05:06:21.604,0.96518,0.96525,3.00,1.88
2013.06.12 05:06:21.909,0.96518,0.96523,1.50,1.50
2013.06.12 05:06:22.448,0.96516,0.96521,1.69,1.13
2013.06.12 05:06:22.568,0.96514,0.9652,2.25,2.07
2013.06.12 05:06:23.108,0.96514,0.9652,2.44,1.50
2013.06.12 05:06:23.889,0.96514,0.9652,2.44,1.50
2013.06.12 05:06:24.439,0.96514,0.9652,1.50,2.07
2013.06.12 05:06:24.918,0.96513,0.96518,1.50,1.50
2013.06.12 05:06:25.458,0.96512,0.96518,1.50,1.50
2013.06.12 05:06:25.998,0.96511,0.96515,2.25,1.13
2013.06.12 05:06:26.118,0.96509,0.96515,2.25,1.88
2013.06.12 05:06:26.179,0.96509,0.96515,1.50,4.13
2013.06.12 05:06:26.538,0.96508,0.96512,1.50,1.50
2013.06.12 05:06:27.379,0.96508,0.96512,1.50,1.50
2013.06.12 05:06:27.500,0.96509,0.96513,1.50,1.69
2013.06.12 05:06:28.299,0.96509,0.96513,1.50,1.69
2013.06.12 05:06:29.531,0.96509,0.96513,1.50,1.69
2013.06.12 05:06:30.468,0.96508,0.96514,1.50,2.44
2013.06.12 05:06:30.709,0.96511,0.96515,1.50,1.50
2013.06.12 05:06:31.289,0.96512,0.96517,1.50,2.44
2013.06.12 05:06:35.898,0.96511,0.96517,2.25,2.44
2013.06.12 05:06:35.959,0.96511,0.96515,1.50,1.50
2013.06.12 05:06:36.498,0.9651,0.96515,1.50,2.25
2013.06.12 05:06:37.969,0.9651,0.96513,1.50,1.13
2013.06.12 05:06:38.149,0.96504,0.96509,2.25,1.50
2013.06.12 05:06:38.689,0.96505,0.96508,1.50,1.13
2013.06.12 05:06:39.238,0.96505,0.96509,1.50,1.50
2013.06.12 05:06:39.780,0.96506,0.96509,1.50,1.50
2013.06.12 05:06:40.019,0.96506,0.9651,1.50,1.50
2013.06.12 05:06:40.558,0.96507,0.96511,1.50,1.50
2013.06.12 05:06:43.648,0.96508,0.96511,1.50,1.50
2013.06.12 05:06:43.889,0.9651,0.96513,1.50,1.50
2013.06.12 05:06:44.009,0.96511,0.96516,1.50,1.69
2013.06.12 05:06:45.418,0.96511,0.96516,1.50,1.69
2013.06.12 05:06:47.149,0.96511,0.96516,1.50,1.69
2013.06.12 05:06:47.688,0.96513,0.96518,2.25,2.82
2013.06.12 05:06:47.748,0.96513,0.9652,3.00,3.57
2013.06.12 05:06:48.239,0.96514,0.9652,3.00,2.82
2013.06.12 05:06:49.328,0.96514,0.9652,1.50,3.57
2013.06.12 05:06:49.838,0.96513,0.96519,1.50,2.44
2013.06.12 05:06:50.592,0.96515,0.96519,1.50,1.50
2013.06.12 05:06:51.168,0.96515,0.96521,1.50,3.19
2013.06.12 05:06:51.708,0.96515,0.9652,1.50,1.69
2013.06.12 05:06:51.829,0.96513,0.9652,2.25,3.38
2013.06.12 05:06:52.368,0.96513,0.96519,2.25,1.50
2013.06.12 05:06:53.618,0.96513,0.96518,2.25,1.50
2013.06.12 05:06:53.678,0.96512,0.96518,1.69,2.25
2013.06.12 05:06:54.898,0.96512,0.96519,1.69,3.00
2013.06.12 05:06:55.439,0.96512,0.96518,1.69,2.25
2013.06.12 05:06:56.848,0.96512,0.96518,1.50,1.50
2013.06.12 05:07:00.109,0.96514,0.96519,1.14,1.50
2013.06.12 05:07:00.350,0.96518,0.96524,1.88,4.34
2013.06.12 05:07:02.479,0.96518,0.96526,4.88,2.25
2013.06.12 05:07:02.679,0.9652,0.96527,1.88,2.25
2013.06.12 05:07:02.989,0.96522,0.96527,1.50,1.50
2013.06.12 05:07:06.660,0.9652,0.96527,3.75,2.44
2013.06.12 05:07:26.928,0.96521,0.96527,1.69,1.50
2013.06.12 05:07:28.771,0.96521,0.96526,1.50,1.50
2013.06.12 05:07:29.019,0.96514,0.96519,1.13,3.00
2013.06.12 05:07:29.078,0.9651,0.96516,3.19,1.50
2013.06.12 05:07:29.139,0.96509,0.96514,1.69,1.50
2013.06.12 05:07:29.587,0.96505,0.96512,1.32,1.50
2013.06.12 05:07:30.129,0.96504,0.96509,1.50,2.25
2013.06.12 05:07:30.309,0.96499,0.96504,2.25,1.50
2013.06.12 05:07:30.370,0.96498,0.96503,1.50,1.50
2013.06.12 05:07:30.925,0.96496,0.96503,1.69,1.50
2013.06.12 05:07:31.598,0.96496,0.96502,1.69,1.50
2013.06.12 05:07:34.228,0.96495,0.96501,1.32,1.50
2013.06.12 05:07:34.852,0.96495,0.96501,1.32,1.50
2013.06.12 05:07:39.120,0.96495,0.96501,1.32,1.50
2013.06.12 05:07:42.134,0.96495,0.96502,1.13,1.50
2013.06.12 05:07:42.728,0.96495,0.96502,1.13,3.00
2013.06.12 05:07:43.703,0.96496,0.96504,1.50,3.75
2013.06.12 05:07:43.770,0.96496,0.96504,1.50,3.75
2013.06.12 05:07:43.891,0.96498,0.96505,1.50,3.38
2013.06.12 05:07:44.249,0.965,0.96507,1.69,2.25
2013.06.12 05:07:44.759,0.965,0.96507,1.69,1.50
2013.06.12 05:07:45.246,0.965,0.96507,1.69,2.25
2013.06.12 05:07:45.669,0.965,0.96504,1.50,2.25
2013.06.12 05:07:45.789,0.96501,0.96506,1.50,2.25
2013.06.12 05:07:45.909,0.965,0.96505,2.25,2.64
2013.06.12 05:07:46.088,0.96496,0.96502,1.69,1.50
2013.06.12 05:07:46.809,0.96496,0.96502,1.69,1.50
2013.06.12 05:07:47.169,0.96495,0.96501,1.32,1.50
2013.06.12 05:07:47.698,0.96495,0.96501,1.32,3.00
2013.06.12 05:07:50.710,0.96495,0.96502,1.13,2.25
2013.06.12 05:07:50.770,0.96495,0.96502,3.38,2.25
2013.06.12 05:07:50.899,0.96497,0.96504,1.50,3.38
2013.06.12 05:07:53.599,0.96498,0.96504,2.07,1.50
2013.06.12 05:07:54.138,0.96498,0.96505,2.07,3.00
2013.06.12 05:07:54.789,0.965,0.96507,1.32,2.25
2013.06.12 05:07:54.909,0.965,0.96507,2.82,1.50
2013.06.12 05:07:54.970,0.96502,0.96509,1.69,2.63
2013.06.12 05:08:02.139,0.96502,0.96508,1.69,1.50
2013.06.12 05:08:02.439,0.965,0.96507,2.44,1.50
2013.06.12 05:08:02.979,0.965,0.96508,4.13,3.19
2013.06.12 05:08:03.595,0.96501,0.96508,1.50,2.44
2013.06.12 05:08:17.148,0.96501,0.96508,1.50,2.25
2013.06.12 05:08:18.869,0.96501,0.96508,1.50,2.25
2013.06.12 05:08:22.999,0.965,0.96508,3.57,3.00
2013.06.12 05:08:32.338,0.965,0.96506,2.82,2.25
2013.06.12 05:08:32.519,0.96495,0.96502,2.44,2.25
2013.06.12 05:08:32.579,0.96496,0.96501,1.13,1.50
2013.06.12 05:08:33.118,0.96494,0.96501,3.00,2.25
2013.06.12 05:08:33.676,0.96495,0.96501,1.13,1.50
2013.06.12 05:08:34.831,0.96494,0.96501,3.00,2.25
2013.06.12 05:08:35.079,0.96494,0.96499,1.50,1.50
2013.06.12 05:08:35.380,0.96489,0.96492,2.25,1.50
2013.06.12 05:08:35.441,0.96486,0.96492,1.50,1.50
2013.06.12 05:08:35.562,0.96485,0.96491,1.32,1.50
2013.06.12 05:08:35.689,0.96488,0.96494,1.50,2.07
2013.06.12 05:08:36.048,0.9649,0.96494,1.50,1.69
2013.06.12 05:08:36.408,0.96492,0.96494,1.50,1.32
2013.06.12 05:08:37.619,0.9649,0.96495,2.25,2.82
2013.06.12 05:08:37.679,0.96488,0.96495,2.25,2.82
2013.06.12 05:08:38.268,0.9649,0.96496,1.13,1.50
2013.06.12 05:08:39.411,0.96493,0.96496,2.85,1.50
2013.06.12 05:08:39.530,0.96496,0.965,1.50,1.13
2013.06.12 05:08:39.649,0.96494,0.96501,1.69,2.25
2013.06.12 05:08:39.888,0.96493,0.96499,2.63,1.50
2013.06.12 05:08:40.008,0.96493,0.96499,1.13,2.25
2013.06.12 05:08:41.078,0.96493,0.96499,1.50,1.50
2013.06.12 05:08:41.139,0.96494,0.96499,7.73,1.50
2013.06.12 05:08:41.440,0.96499,0.96504,2.25,1.50
2013.06.12 05:08:41.774,0.965,0.96507,1.13,3.19
2013.06.12 05:08:41.844,0.96498,0.96504,1.50,1.88
2013.06.12 05:08:42.149,0.96494,0.965,1.69,1.50
2013.06.12 05:08:51.149,0.96494,0.96501,2.10,1.69
2013.06.12 05:08:51.208,0.96496,0.96502,1.88,3.75
2013.06.12 05:08:51.268,0.96497,0.96503,1.88,3.38
2013.06.12 05:08:51.449,0.96499,0.96505,1.32,2.25
2013.06.12 05:08:51.509,0.965,0.96506,1.13,1.50
2013.06.12 05:08:51.628,0.965,0.96507,1.88,1.50
2013.06.12 05:08:52.499,0.965,0.96507,1.13,2.25
2013.06.12 05:08:53.029,0.96499,0.96506,2.82,1.50
2013.06.12 05:08:53.149,0.96502,0.96507,3.00,2.25
2013.06.12 05:08:53.270,0.96506,0.9651,1.50,1.13
2013.06.12 05:08:53.389,0.96502,0.96509,2.82,1.50
2013.06.12 05:08:53.450,0.96502,0.96508,1.32,2.25
2013.06.12 05:08:54.830,0.96502,0.96508,1.13,2.25
2013.06.12 05:09:05.178,0.96504,0.96509,2.29,2.25
2013.06.12 05:09:05.239,0.96506,0.96512,2.25,2.25
2013.06.12 05:09:05.308,0.96506,0.96512,1.50,2.25
2013.06.12 05:09:05.740,0.96503,0.96509,2.07,3.00
2013.06.12 05:09:06.179,0.96501,0.96508,2.82,2.25
2013.06.12 05:09:08.278,0.96502,0.96508,1.13,3.00
2013.06.12 05:09:08.403,0.96504,0.96508,2.25,1.50
2013.06.12 05:09:08.468,0.96513,0.96523,2.85,5.96
2013.06.12 05:09:08.588,0.96515,0.96523,1.69,2.25
2013.06.12 05:09:08.889,0.96519,0.96524,1.32,1.50
2013.06.12 05:09:16.238,0.96519,0.96526,2.44,3.00
2013.06.12 05:09:23.649,0.96519,0.96526,2.44,3.00
2013.06.12 05:09:28.192,0.9652,0.96527,2.07,3.00
2013.06.12 05:09:30.089,0.96521,0.96528,1.69,2.25
2013.06.12 05:09:30.150,0.96521,0.96528,2.82,2.25
2013.06.12 05:09:32.199,0.96523,0.96529,1.88,1.50
2013.06.12 05:09:32.258,0.96525,0.9653,1.50,2.63
2013.06.12 05:09:32.498,0.96526,0.96533,2.44,1.50
2013.06.12 05:09:33.049,0.96526,0.96534,3.19,2.25
2013.06.12 05:09:34.129,0.96527,0.96532,1.50,1.50
2013.06.12 05:09:34.490,0.96524,0.96532,2.63,2.44
2013.06.12 05:09:34.609,0.96524,0.9653,1.13,1.50
2013.06.12 05:09:34.859,0.96524,0.96532,1.88,2.44
2013.06.12 05:09:35.040,0.96525,0.96529,1.50,1.50
2013.06.12 05:09:35.279,0.96522,0.96528,3.19,1.50
2013.06.12 05:09:35.880,0.96522,0.96529,2.44,2.25
2013.06.12 05:09:36.388,0.96522,0.96528,2.44,1.50
2013.06.12 05:09:36.450,0.96521,0.96527,1.69,1.50
2013.06.12 05:09:37.269,0.96521,0.96527,1.69,1.50
2013.06.12 05:09:53.128,0.96521,0.96527,1.50,1.50
2013.06.12 05:10:11.862,0.96521,0.96527,1.50,2.25
2013.06.12 05:10:20.429,0.9652,0.96526,1.13,2.25
2013.06.12 05:10:33.519,0.9652,0.96526,1.88,1.50
2013.06.12 05:10:37.931,0.96522,0.96527,2.25,1.50
2013.06.12 05:10:38.289,0.96523,0.96529,2.46,2.25
2013.06.12 05:10:38.408,0.96525,0.96531,1.88,1.50
2013.06.12 05:10:38.954,0.96525,0.96532,3.38,2.44
2013.06.12 05:10:40.039,0.96525,0.96532,4.13,1.69
2013.06.12 05:10:40.758,0.96526,0.96532,1.50,1.69
2013.06.12 05:10:43.169,0.96527,0.96533,1.50,1.69
2013.06.12 05:10:43.724,0.96527,0.96534,1.50,2.44
2013.06.12 05:10:48.039,0.96527,0.96533,1.50,1.13
2013.06.12 05:10:48.219,0.96526,0.96533,1.50,2.25
2013.06.12 05:10:48.758,0.96527,0.96534,1.50,2.44
2013.06.12 05:10:48.878,0.96527,0.96532,1.50,1.50
2013.06.12 05:10:53.241,0.96527,0.96532,2.25,1.50
2013.06.12 05:10:53.360,0.96528,0.96534,1.88,1.50
2013.06.12 05:10:54.792,0.9653,0.96536,1.50,2.25
2013.06.12 05:10:55.328,0.96529,0.96535,1.69,1.50
2013.06.12 05:10:55.886,0.96529,0.96536,2.44,2.25
2013.06.12 05:10:56.009,0.9653,0.96536,1.50,3.00
2013.06.12 05:10:56.691,0.96531,0.96538,3.38,2.82
2013.06.12 05:10:56.809,0.96533,0.96538,1.50,1.13
2013.06.12 05:10:57.049,0.9653,0.96536,2.44,1.50
2013.06.12 05:10:57.589,0.9653,0.96536,2.25,1.50
2013.06.12 05:10:58.128,0.9653,0.96536,2.25,1.50
2013.06.12 05:10:58.668,0.9653,0.96535,1.50,1.50
2013.06.12 05:11:00.899,0.96529,0.96535,2.63,1.50
2013.06.12 05:11:01.260,0.96533,0.96537,1.50,1.50
2013.06.12 05:11:01.379,0.9653,0.96537,2.44,3.00
2013.06.12 05:11:01.927,0.96529,0.96535,3.57,1.50
2013.06.12 05:11:06.508,0.96529,0.96535,2.44,1.88
2013.06.12 05:11:06.869,0.9653,0.96535,1.13,1.50
2013.06.12 05:11:06.988,0.96532,0.96537,1.89,2.25
2013.06.12 05:11:07.107,0.96534,0.96541,1.88,1.50
2013.06.12 05:11:07.409,0.96531,0.96536,1.32,1.50
2013.06.12 05:11:07.949,0.9653,0.96536,1.50,2.25
2013.06.12 05:11:08.507,0.9653,0.96536,2.25,1.50
2013.06.12 05:11:10.819,0.96529,0.96535,1.50,1.50
2013.06.12 05:11:11.719,0.96528,0.96534,1.88,1.50
2013.06.12 05:11:11.778,0.96527,0.96533,2.44,1.50
2013.06.12 05:11:11.958,0.96528,0.96535,1.88,1.50
2013.06.12 05:11:12.079,0.96528,0.96533,1.50,1.50
2013.06.12 05:11:14.019,0.96528,0.96535,3.94,2.63
2013.06.12 05:11:14.379,0.96527,0.96532,1.13,1.50
2013.06.12 05:11:25.474,0.96527,0.96532,2.44,1.50
2013.06.12 05:11:25.538,0.96527,0.96534,3.19,1.50
2013.06.12 05:11:29.159,0.96528,0.96534,3.38,1.50
2013.06.12 05:11:29.218,0.96529,0.96535,1.50,1.50
2013.06.12 05:11:29.578,0.96531,0.96538,2.25,4.17
2013.06.12 05:11:29.759,0.96529,0.96535,1.50,1.13
2013.06.12 05:11:30.959,0.96529,0.96534,1.50,1.50
2013.06.12 05:11:31.465,0.96528,0.96534,1.50,1.50
2013.06.12 05:11:31.709,0.96529,0.96536,1.50,3.94
2013.06.12 05:11:31.828,0.96531,0.96536,1.50,2.25
2013.06.12 05:11:32.068,0.96531,0.96538,4.50,2.67
2013.06.12 05:11:32.194,0.96531,0.96537,3.00,2.25
2013.06.12 05:11:32.379,0.9653,0.96536,1.50,1.50
2013.06.12 05:11:33.039,0.9653,0.96536,1.50,1.13
2013.06.12 05:11:36.618,0.96531,0.96536,1.50,1.50
2013.06.12 05:11:37.039,0.96529,0.96535,2.44,1.13
2013.06.12 05:11:37.458,0.9653,0.96537,2.25,1.50
2013.06.12 05:11:37.999,0.9653,0.96536,1.50,1.50
2013.06.12 05:11:38.359,0.96531,0.96537,1.50,1.69
2013.06.12 05:11:38.718,0.96529,0.96536,3.75,2.25
2013.06.12 05:11:39.559,0.9653,0.96537,1.50,2.44
2013.06.12 05:11:39.979,0.96529,0.96536,2.25,2.25
2013.06.12 05:11:40.158,0.9653,0.96535,2.33,1.13
2013.06.12 05:11:40.219,0.96531,0.96537,1.50,1.69
2013.06.12 05:11:40.339,0.96529,0.96536,3.00,1.50
2013.06.12 05:11:41.179,0.9653,0.96537,3.00,3.19
2013.06.12 05:11:41.718,0.96529,0.96535,4.50,1.13
2013.06.12 05:11:42.259,0.9653,0.96536,1.50,1.69
2013.06.12 05:11:42.749,0.96531,0.96537,2.25,1.50
2013.06.12 05:11:43.289,0.9653,0.96537,1.50,3.75
2013.06.12 05:11:43.828,0.9653,0.96536,1.50,1.50
2013.06.12 05:11:46.249,0.96531,0.96537,1.50,2.44
2013.06.12 05:11:53.549,0.96531,0.96537,1.69,1.50
2013.06.12 05:11:53.851,0.96534,0.9654,2.25,1.88
2013.06.12 05:11:54.481,0.96535,0.9654,1.13,1.50
2013.06.12 05:11:54.789,0.96531,0.96538,2.25,1.88
2013.06.12 05:11:54.913,0.96531,0.96537,1.50,1.50
2013.06.12 05:11:55.459,0.96532,0.96537,2.25,1.50
2013.06.12 05:11:55.880,0.96531,0.96537,3.00,1.50
2013.06.12 05:11:56.421,0.96531,0.96538,3.19,2.63
2013.06.12 05:12:00.249,0.96531,0.96537,2.44,1.50
2013.06.12 05:12:04.189,0.9653,0.96536,3.19,1.13
2013.06.12 05:12:04.250,0.96529,0.96535,2.07,1.50
2013.06.12 05:12:17.409,0.96529,0.96535,2.44,1.50
2013.06.12 05:12:17.649,0.96531,0.96538,1.50,2.63
2013.06.12 05:12:17.769,0.96531,0.96538,2.25,1.88
2013.06.12 05:12:18.309,0.96532,0.96538,1.50,1.13
2013.06.12 05:12:19.441,0.9653,0.96537,3.94,1.50
2013.06.12 05:12:19.569,0.96531,0.96538,2.44,2.63
2013.06.12 05:12:19.629,0.96531,0.96538,3.19,1.88
2013.06.12 05:12:19.689,0.96531,0.96538,1.69,2.63
2013.06.12 05:12:19.929,0.96531,0.96537,3.94,1.50
2013.06.12 05:12:20.478,0.96531,0.96538,2.44,1.88
2013.06.12 05:12:21.139,0.96531,0.96538,3.19,1.13
2013.06.12 05:12:21.379,0.96531,0.96537,1.69,1.50
2013.06.12 05:12:21.498,0.9653,0.96536,1.32,1.50
2013.06.12 05:12:22.039,0.9653,0.96536,2.82,1.50
2013.06.12 05:12:22.159,0.96535,0.96542,4.35,6.00
2013.06.12 05:12:22.518,0.96542,0.96549,1.69,2.63
2013.06.12 05:12:22.639,0.96541,0.96548,2.25,1.13
2013.06.12 05:12:22.699,0.9654,0.96547,2.44,1.50
2013.06.12 05:12:22.760,0.96539,0.96546,2.63,1.88
2013.06.12 05:12:22.819,0.96539,0.96545,1.13,1.13
2013.06.12 05:12:23.179,0.96537,0.96543,1.50,1.13
2013.06.12 05:12:23.719,0.96538,0.96543,2.25,1.13
2013.06.12 05:12:25.769,0.96538,0.96542,1.50,1.88
2013.06.12 05:12:25.890,0.96536,0.96542,1.69,1.50
2013.06.12 05:12:26.429,0.96535,0.96542,2.82,3.00
2013.06.12 05:12:26.978,0.96536,0.96542,2.25,1.50
2013.06.12 05:12:29.399,0.96536,0.96543,3.38,2.25
2013.06.12 05:12:34.432,0.96536,0.96543,2.07,2.63
2013.06.12 05:12:34.496,0.96536,0.96542,1.69,1.50
2013.06.12 05:12:34.620,0.96534,0.96541,3.19,2.25
2013.06.12 05:12:35.219,0.96535,0.96542,1.69,2.25
2013.06.12 05:12:35.399,0.96536,0.96543,2.63,3.38
2013.06.12 05:12:36.969,0.96536,0.96543,2.07,2.63
2013.06.12 05:12:38.309,0.96536,0.96541,2.07,1.88
2013.06.12 05:12:38.549,0.96536,0.96541,1.88,1.50
2013.06.12 05:12:38.728,0.96537,0.96543,1.69,3.00
2013.06.12 05:12:41.309,0.96536,0.96542,2.07,1.13
2013.06.12 05:12:41.736,0.96535,0.96541,1.13,2.63
2013.06.12 05:12:43.999,0.96534,0.9654,2.44,1.13
2013.06.12 05:12:47.138,0.96534,0.9654,1.50,2.25
2013.06.12 05:12:47.440,0.96535,0.96542,3.00,1.50
2013.06.12 05:12:47.800,0.96538,0.96545,2.25,1.50
2013.06.12 05:12:47.920,0.9654,0.96544,2.07,1.50
2013.06.12 05:12:48.159,0.96539,0.96545,3.94,1.50
2013.06.12 05:12:48.219,0.96539,0.96544,1.69,1.50
2013.06.12 05:12:48.700,0.96538,0.96544,1.88,1.50
2013.06.12 05:12:48.889,0.96536,0.96542,1.13,3.00
2013.06.12 05:12:49.214,0.96536,0.9654,1.13,1.50
2013.06.12 05:12:49.949,0.96536,0.96542,1.13,2.25
2013.06.12 05:12:50.188,0.96536,0.96543,2.63,2.82
2013.06.12 05:13:07.980,0.96536,0.96542,1.88,1.50
2013.06.12 05:13:08.040,0.96536,0.96539,1.88,2.10
2013.06.12 05:13:08.280,0.96531,0.96535,1.50,1.13
2013.06.12 05:13:08.399,0.96528,0.96534,1.50,1.13
2013.06.12 05:13:08.581,0.96526,0.96532,1.13,2.48
2013.06.12 05:13:08.759,0.96526,0.96533,2.63,2.82
2013.06.12 05:13:09.308,0.96527,0.96533,1.50,1.32
2013.06.12 05:13:13.730,0.96527,0.96532,1.50,1.50
2013.06.12 05:13:13.969,0.96524,0.9653,1.50,2.25
2013.06.12 05:13:14.508,0.96524,0.96529,1.50,1.50
2013.06.12 05:13:15.259,0.96522,0.96528,2.25,3.57
2013.06.12 05:13:15.499,0.96521,0.96527,2.33,1.50
2013.06.12 05:13:15.920,0.96519,0.96526,1.58,2.82
2013.06.12 05:13:16.039,0.96518,0.96524,3.00,1.50
2013.06.12 05:13:16.579,0.96518,0.96524,2.25,1.50
2013.06.12 05:13:18.550,0.96517,0.96522,2.25,2.44
2013.06.12 05:13:18.609,0.96517,0.96522,1.50,3.19
2013.06.12 05:13:18.729,0.96513,0.9652,1.50,1.88
2013.06.12 05:13:19.089,0.96515,0.9652,1.50,1.69
2013.06.12 05:13:19.209,0.96515,0.96521,2.63,1.69
2013.06.12 05:13:19.270,0.96517,0.96523,2.25,1.50
2013.06.12 05:13:19.780,0.96517,0.96524,2.25,3.19
2013.06.12 05:13:25.199,0.96518,0.96523,1.13,2.44
2013.06.12 05:13:25.559,0.96515,0.96521,1.50,1.88
2013.06.12 05:13:27.490,0.96516,0.96521,2.63,1.69
2013.06.12 05:13:27.909,0.96517,0.96523,1.50,1.50
2013.06.12 05:14:02.551,0.96517,0.96522,2.25,1.50
2013.06.12 05:14:03.059,0.96517,0.96521,1.50,2.07
2013.06.12 05:14:04.060,0.96518,0.96522,1.50,1.13
2013.06.12 05:14:04.241,0.96519,0.96525,1.50,2.44
2013.06.12 05:14:05.919,0.96518,0.96524,2.25,2.25
2013.06.12 05:14:06.589,0.96518,0.96523,2.44,1.50
2013.06.12 05:14:12.914,0.96517,0.96522,1.50,1.50
2013.06.12 05:14:26.929,0.96516,0.96522,1.50,2.25
2013.06.12 05:14:32.959,0.96516,0.96523,1.88,3.00
2013.06.12 05:14:33.139,0.96518,0.96524,1.50,2.25
2013.06.12 05:14:33.679,0.96518,0.96523,1.88,1.50
2013.06.12 05:14:34.220,0.96521,0.96524,1.65,1.50
2013.06.12 05:14:34.280,0.96521,0.96526,2.40,3.94
2013.06.12 05:14:34.399,0.96522,0.96529,1.88,2.25
2013.06.12 05:14:34.520,0.96524,0.96531,4.50,1.50
2013.06.12 05:14:34.580,0.96528,0.96533,1.13,3.94
2013.06.12 05:14:34.639,0.96528,0.96534,1.13,2.25
2013.06.12 05:14:34.760,0.9653,0.96537,1.50,2.25
2013.06.12 05:14:35.361,0.9653,0.96534,1.50,2.25
2013.06.12 05:14:35.421,0.9653,0.96534,1.50,1.88
2013.06.12 05:14:35.482,0.96529,0.96534,2.63,3.38
2013.06.12 05:14:35.541,0.96529,0.96534,1.32,2.63
2013.06.12 05:14:35.600,0.96529,0.96535,2.07,3.00
2013.06.12 05:14:36.178,0.96529,0.96535,2.44,1.50
2013.06.12 05:14:37.769,0.9653,0.96536,1.50,2.25
2013.06.12 05:14:38.630,0.96532,0.96536,2.27,1.50
2013.06.12 05:14:38.749,0.96533,0.96539,1.50,2.63
2013.06.12 05:14:38.809,0.96533,0.96539,3.00,1.50
2013.06.12 05:14:39.229,0.96532,0.96539,2.44,2.63
2013.06.12 05:14:44.099,0.96532,0.96538,1.69,1.50
2013.06.12 05:14:44.579,0.9653,0.96537,2.44,3.00
2013.06.12 05:14:47.095,0.96531,0.96537,1.50,2.25
2013.06.12 05:14:48.210,0.96531,0.96537,1.50,1.50
2013.06.12 05:14:54.349,0.96532,0.96538,1.50,1.50
2013.06.12 05:14:54.649,0.96534,0.9654,1.50,2.07
2013.06.12 05:15:05.195,0.96532,0.96539,4.50,2.07
2013.06.12 05:15:05.754,0.96532,0.96538,3.00,1.50
2013.06.12 05:15:05.879,0.96533,0.96538,1.50,1.50
2013.06.12 05:15:06.299,0.9653,0.96537,3.19,1.50
2013.06.12 05:15:07.930,0.9653,0.96537,1.69,2.25
2013.06.12 05:15:10.969,0.9653,0.96536,1.69,2.63
2013.06.12 05:15:11.269,0.96529,0.96533,1.50,1.13
2013.06.12 05:15:11.389,0.96527,0.96533,1.88,1.88
2013.06.12 05:15:11.892,0.96525,0.96531,2.25,1.13
2013.06.12 05:15:13.929,0.96525,0.96531,1.50,1.88
2013.06.12 05:15:14.050,0.96525,0.9653,1.50,1.13
2013.06.12 05:15:14.169,0.96521,0.96528,1.50,1.88
2013.06.12 05:15:14.290,0.9652,0.96526,2.44,1.50
2013.06.12 05:15:14.769,0.96519,0.96526,1.50,2.07
2013.06.12 05:15:15.132,0.9652,0.96526,2.25,1.32
2013.06.12 05:15:15.439,0.96522,0.96527,1.50,2.07
2013.06.12 05:15:18.731,0.96522,0.96528,1.50,1.13
2013.06.12 05:15:19.269,0.96523,0.96529,1.50,2.07
2013.06.12 05:15:22.389,0.96523,0.96528,1.50,1.13
2013.06.12 05:15:29.469,0.96522,0.96527,1.50,1.50
2013.06.12 05:15:39.799,0.96522,0.96527,1.50,1.50
2013.06.12 05:15:44.377,0.96522,0.96527,1.50,1.50
2013.06.12 05:15:44.919,0.96524,0.9653,1.50,1.88
2013.06.12 05:15:46.729,0.96524,0.9653,2.25,1.50
2013.06.12 05:15:46.850,0.96527,0.96531,1.50,2.63
2013.06.12 05:15:47.029,0.96528,0.96534,1.50,1.50
2013.06.12 05:15:47.159,0.96529,0.96535,2.25,2.25
2013.06.12 05:15:47.279,0.96529,0.96536,2.25,1.32
2013.06.12 05:15:48.999,0.96529,0.96536,2.25,2.07
2013.06.12 05:15:54.060,0.96528,0.96535,2.25,2.25
2013.06.12 05:15:54.812,0.96528,0.96535,2.25,2.25
2013.06.12 05:16:02.029,0.96527,0.96534,1.50,1.88
2013.06.12 05:16:03.419,0.96527,0.96534,1.50,1.88
2013.06.12 05:16:08.069,0.96527,0.96534,1.50,2.63
2013.06.12 05:16:08.130,0.96526,0.96533,2.63,2.25
2013.06.12 05:16:09.890,0.96526,0.96533,1.88,2.25
2013.06.12 05:16:11.369,0.96526,0.96532,1.13,1.50
2013.06.12 05:16:21.379,0.96525,0.96532,4.88,1.88
2013.06.12 05:16:21.919,0.96525,0.9653,2.25,2.25
2013.06.12 05:16:32.360,0.96525,0.9653,2.25,1.50
2013.06.12 05:16:33.249,0.96525,0.9653,2.25,1.50
2013.06.12 05:16:33.790,0.96525,0.9653,3.00,1.13
2013.06.12 05:16:34.150,0.96526,0.9653,2.25,1.88
2013.06.12 05:16:34.390,0.96525,0.9653,1.50,1.88
2013.06.12 05:16:34.910,0.96527,0.9653,1.50,1.13
2013.06.12 05:16:35.030,0.96527,0.96532,1.50,1.69
2013.06.12 05:16:35.537,0.96527,0.96534,1.50,2.82
2013.06.12 05:16:36.079,0.96527,0.96534,1.50,2.82
2013.06.12 05:16:36.629,0.96525,0.96531,4.32,1.50
2013.06.12 05:16:36.690,0.96526,0.96532,1.13,2.25
2013.06.12 05:16:37.262,0.96528,0.96533,1.13,1.50
2013.06.12 05:16:39.989,0.96528,0.96533,1.88,1.50
2013.06.12 05:16:46.459,0.96528,0.96535,2.25,1.50
2013.06.12 05:16:53.319,0.96528,0.96535,2.44,1.50
2013.06.12 05:16:53.860,0.96528,0.96534,2.44,1.13
2013.06.12 05:16:54.389,0.96528,0.96534,2.44,1.13
2013.06.12 05:16:58.930,0.96528,0.96534,2.25,1.13
2013.06.12 05:16:59.050,0.96528,0.96534,3.19,1.13
2013.06.12 05:16:59.230,0.9653,0.96536,1.50,1.13
2013.06.12 05:16:59.289,0.9653,0.96537,1.50,2.63
2013.06.12 05:17:13.619,0.9653,0.96536,1.50,1.69
2013.06.12 05:17:13.800,0.96528,0.96535,3.00,1.50
2013.06.12 05:17:21.532,0.96529,0.96535,1.32,2.25
2013.06.12 05:17:22.133,0.96528,0.96534,3.57,1.50
2013.06.12 05:17:26.459,0.96529,0.96535,1.13,1.50
2013.06.12 05:17:33.919,0.96529,0.96535,1.50,2.63
2013.06.12 05:17:34.039,0.96527,0.96533,1.50,2.82
2013.06.12 05:17:34.160,0.96525,0.96531,1.50,2.25
2013.06.12 05:17:34.219,0.96524,0.96529,1.50,1.88
2013.06.12 05:17:34.339,0.9652,0.96527,2.44,1.50
2013.06.12 05:17:34.820,0.96521,0.96529,2.44,3.00
2013.06.12 05:17:39.879,0.96522,0.96529,2.25,2.63
2013.06.12 05:17:40.421,0.96522,0.96528,1.50,1.50
2013.06.12 05:17:46.410,0.96521,0.96528,1.69,2.25
2013.06.12 05:17:51.879,0.9652,0.96527,2.44,2.63
2013.06.12 05:17:52.120,0.96519,0.96525,2.44,1.50
2013.06.12 05:17:54.590,0.9652,0.96526,1.69,1.50
2013.06.12 05:17:54.960,0.9652,0.96526,1.50,1.50
2013.06.12 05:17:55.501,0.9652,0.96526,1.50,1.50
2013.06.12 05:17:58.730,0.96519,0.96525,1.50,1.50
2013.06.12 05:17:59.304,0.96518,0.96524,2.44,1.50
2013.06.12 05:18:04.010,0.96519,0.96524,1.50,1.50
2013.06.12 05:18:05.529,0.9652,0.96526,1.69,1.50
2013.06.12 05:18:06.049,0.9652,0.96527,1.69,1.50
2013.06.12 05:18:06.593,0.9652,0.96527,3.19,2.63
2013.06.12 05:18:13.580,0.9652,0.96527,3.19,1.50
2013.06.12 05:18:13.881,0.96524,0.9653,1.50,3.19
2013.06.12 05:18:19.340,0.96522,0.96528,2.44,1.13
2013.06.12 05:18:19.886,0.96522,0.96529,2.44,2.63
2013.06.12 05:18:21.290,0.96523,0.96529,1.50,1.88
2013.06.12 05:18:21.830,0.96523,0.96529,1.69,1.13
2013.06.12 05:18:24.450,0.96522,0.96529,3.19,1.88
2013.06.12 05:18:25.001,0.96522,0.96529,2.44,2.63
2013.06.12 05:18:33.160,0.96523,0.96529,1.13,2.63
2013.06.12 05:18:33.341,0.96526,0.96533,2.25,1.50
2013.06.12 05:18:33.640,0.96529,0.96534,1.13,1.69
2013.06.12 05:18:33.819,0.96529,0.96536,1.88,2.25
2013.06.12 05:18:46.952,0.96528,0.96535,2.25,1.69
2013.06.12 05:18:47.300,0.96528,0.96534,1.50,1.88
2013.06.12 05:18:47.421,0.96527,0.96533,1.13,1.50
2013.06.12 05:18:50.360,0.96527,0.96534,2.82,2.25
2013.06.12 05:18:51.940,0.96527,0.96533,1.32,1.50
2013.06.12 05:18:52.479,0.96526,0.96533,2.44,2.25
2013.06.12 05:18:53.352,0.96526,0.96532,1.69,1.50
2013.06.12 05:18:59.681,0.96527,0.96534,1.50,1.88
2013.06.12 05:19:00.241,0.96527,0.96535,2.82,1.50
2013.06.12 05:19:03.189,0.96528,0.96535,1.13,2.25
2013.06.12 05:19:03.490,0.96534,0.96539,1.50,1.69
2013.06.12 05:19:03.550,0.96534,0.9654,1.50,2.63
2013.06.12 05:19:04.720,0.96534,0.96541,1.50,1.69
2013.06.12 05:19:04.900,0.96536,0.9654,1.50,1.13
2013.06.12 05:19:05.020,0.96536,0.96542,1.69,1.35
2013.06.12 05:19:05.260,0.9654,0.96544,1.50,1.95
2013.06.12 05:19:05.441,0.96542,0.96548,2.25,2.07
2013.06.12 05:19:05.982,0.96544,0.96549,1.50,1.32
2013.06.12 05:19:06.160,0.96544,0.9655,2.25,2.07
2013.06.12 05:19:06.700,0.96545,0.96552,3.00,3.19
2013.06.12 05:19:06.879,0.96546,0.96552,1.50,2.44
2013.06.12 05:19:07.419,0.96546,0.96552,1.50,1.13
2013.06.12 05:19:08.139,0.96545,0.96552,3.00,1.88
2013.06.12 05:19:08.259,0.96545,0.96552,2.25,4.73
2013.06.12 05:19:08.799,0.96545,0.96552,2.25,1.13
2013.06.12 05:19:10.279,0.96545,0.96552,2.25,2.07
2013.06.12 05:19:16.040,0.96546,0.96552,2.25,1.92
2013.06.12 05:19:16.100,0.96548,0.96553,2.10,3.94
2013.06.12 05:19:16.280,0.96552,0.96554,2.10,1.13
2013.06.12 05:19:16.640,0.96552,0.96558,1.50,1.50
2013.06.12 05:19:17.179,0.96556,0.96562,1.50,1.69
2013.06.12 05:19:17.729,0.96557,0.96562,3.00,1.50
2013.06.12 05:19:18.029,0.96556,0.96562,2.25,1.50
2013.06.12 05:19:18.150,0.96558,0.96562,2.10,1.50
2013.06.12 05:19:18.271,0.9656,0.96563,1.50,2.78
2013.06.12 05:19:18.690,0.96561,0.96568,3.19,1.50
2013.06.12 05:19:18.930,0.96561,0.96566,3.19,1.65
2013.06.12 05:19:19.229,0.96561,0.96568,3.19,1.50
2013.06.12 05:19:19.529,0.96562,0.96567,1.50,1.50
2013.06.12 05:19:19.710,0.96563,0.9657,3.00,2.25
2013.06.12 05:19:20.010,0.96564,0.96571,1.50,1.88
2013.06.12 05:19:21.010,0.96565,0.96571,1.50,2.25
2013.06.12 05:19:21.251,0.96566,0.96571,2.25,1.50
2013.06.12 05:19:21.790,0.96566,0.96572,2.25,2.44
2013.06.12 05:19:22.850,0.96566,0.96571,2.25,1.69
2013.06.12 05:19:23.090,0.96562,0.96569,3.00,2.44
2013.06.12 05:19:23.599,0.96562,0.96569,3.00,1.69
2013.06.12 05:19:25.000,0.96563,0.96569,1.50,1.50
2013.06.12 05:19:25.526,0.96564,0.9657,1.50,2.07
2013.06.12 05:19:26.749,0.96564,0.9657,1.50,1.69
2013.06.12 05:19:28.330,0.96565,0.96571,2.44,2.25
2013.06.12 05:19:29.047,0.96566,0.96571,1.69,1.50
2013.06.12 05:19:30.139,0.96566,0.96571,2.25,1.50
2013.06.12 05:19:30.440,0.96567,0.96573,4.32,1.13
2013.06.12 05:19:30.632,0.96568,0.96575,1.69,2.25
2013.06.12 05:19:31.760,0.96569,0.96575,1.50,1.50
2013.06.12 05:19:31.940,0.96573,0.96578,2.25,3.38
2013.06.12 05:19:32.011,0.96574,0.96579,1.69,1.50
2013.06.12 05:19:32.270,0.96574,0.96581,1.69,1.88
2013.06.12 05:19:32.402,0.96575,0.96581,3.00,1.13
2013.06.12 05:19:32.579,0.96576,0.96582,1.50,1.13
2013.06.12 05:19:33.120,0.96577,0.96583,1.13,2.25
2013.06.12 05:19:33.240,0.96577,0.96583,2.44,1.50
2013.06.12 05:19:33.361,0.96577,0.96583,2.25,1.50
2013.06.12 05:19:33.721,0.96578,0.96585,1.13,3.21
2013.06.12 05:19:33.900,0.96581,0.96586,1.13,1.50
2013.06.12 05:19:34.020,0.96578,0.96585,3.19,1.50
2013.06.12 05:19:34.382,0.96578,0.96584,2.07,1.50
2013.06.12 05:19:34.930,0.96577,0.96584,2.07,2.25
2013.06.12 05:19:35.490,0.96578,0.96585,1.88,2.25
2013.06.12 05:19:36.049,0.96578,0.96586,1.88,5.25
2013.06.12 05:19:36.350,0.96581,0.9659,1.88,3.19
2013.06.12 05:19:36.770,0.96583,0.96589,1.13,1.50
2013.06.12 05:19:37.336,0.96583,0.9659,1.88,1.80
2013.06.12 05:19:37.883,0.96583,0.96589,1.88,1.35
2013.06.12 05:19:38.681,0.96583,0.96589,1.50,1.35
2013.06.12 05:19:39.161,0.96584,0.96591,1.69,2.10
2013.06.12 05:19:39.520,0.96583,0.9659,2.44,2.18
2013.06.12 05:19:39.819,0.96584,0.96591,1.69,1.43
2013.06.12 05:19:40.321,0.96585,0.96591,2.63,2.18
2013.06.12 05:19:40.741,0.96589,0.96595,2.63,1.43
2013.06.12 05:19:41.585,0.9659,0.96596,1.88,2.29
2013.06.12 05:19:42.130,0.96591,0.966,1.50,2.25
2013.06.12 05:19:42.191,0.96591,0.96593,1.50,1.50
2013.06.12 05:19:42.371,0.96583,0.96587,2.25,1.50
2013.06.12 05:19:42.430,0.96582,0.96587,1.13,1.50
2013.06.12 05:19:42.610,0.96579,0.96587,1.13,4.69
2013.06.12 05:19:42.730,0.96577,0.96585,1.69,1.50
2013.06.12 05:19:42.970,0.96575,0.96583,1.32,2.93
2013.06.12 05:19:43.030,0.96575,0.96583,1.69,2.93
2013.06.12 05:19:43.450,0.96577,0.96583,1.13,1.43
2013.06.12 05:19:43.632,0.96577,0.96585,1.13,3.94
2013.06.12 05:19:44.519,0.96579,0.96586,1.13,3.94
2013.06.12 05:19:45.221,0.96579,0.96585,1.13,1.69
2013.06.12 05:19:47.050,0.9658,0.96585,2.25,1.50
2013.06.12 05:19:47.550,0.96579,0.96585,1.88,2.25
2013.06.12 05:19:47.950,0.96577,0.96585,2.07,3.75
2013.06.12 05:19:48.502,0.96576,0.96583,3.19,1.50
2013.06.12 05:19:48.741,0.96576,0.96582,2.44,1.50
2013.06.12 05:19:49.280,0.96577,0.96583,2.07,2.25
2013.06.12 05:19:49.520,0.9658,0.96587,3.75,1.69
2013.06.12 05:19:49.640,0.96582,0.96589,1.50,3.00
2013.06.12 05:19:50.430,0.96582,0.96589,1.50,1.50
2013.06.12 05:19:51.881,0.96582,0.96589,2.25,3.00
2013.06.12 05:19:52.240,0.96578,0.96582,1.50,1.50
2013.06.12 05:19:53.209,0.96576,0.96582,2.44,1.50
2013.06.12 05:19:55.180,0.96577,0.96584,2.25,3.00
2013.06.12 05:19:55.420,0.96578,0.96585,2.25,2.82
2013.06.12 05:19:55.967,0.96579,0.96585,1.50,1.13
2013.06.12 05:19:56.389,0.9658,0.96587,1.50,1.69
2013.06.12 05:19:56.810,0.9658,0.96586,2.25,1.50
2013.06.12 05:20:02.520,0.9658,0.96585,2.25,1.50
2013.06.12 05:20:02.640,0.96578,0.96583,1.50,1.13
2013.06.12 05:20:02.700,0.96578,0.96582,1.50,1.50
2013.06.12 05:20:03.442,0.96581,0.96583,1.13,1.50
2013.06.12 05:20:03.500,0.96583,0.96585,1.50,1.50
2013.06.12 05:20:03.561,0.96584,0.96591,3.00,1.69
2013.06.12 05:20:03.681,0.96587,0.96592,1.50,1.69
2013.06.12 05:20:03.740,0.96588,0.96593,2.25,2.25
2013.06.12 05:20:03.800,0.96589,0.96593,1.50,1.50
2013.06.12 05:20:03.920,0.96589,0.96593,1.69,1.50
2013.06.12 05:20:03.980,0.96591,0.96597,1.50,1.50
2013.06.12 05:20:04.339,0.96592,0.96598,2.25,1.13
2013.06.12 05:20:04.460,0.96593,0.966,3.00,3.94
2013.06.12 05:20:04.761,0.96597,0.96604,2.25,2.25
2013.06.12 05:20:04.820,0.96597,0.96602,2.25,3.00
2013.06.12 05:20:04.880,0.96597,0.96602,1.50,2.25
2013.06.12 05:20:05.119,0.96596,0.96601,1.50,1.50
2013.06.12 05:20:05.300,0.96594,0.96601,1.50,3.00
2013.06.12 05:20:05.720,0.96592,0.96595,2.44,1.50
2013.06.12 05:20:05.899,0.96588,0.96594,3.19,1.50
2013.06.12 05:20:06.019,0.96588,0.96594,2.44,1.50
2013.06.12 05:20:06.320,0.96591,0.96595,1.50,2.63
2013.06.12 05:20:06.380,0.96592,0.96596,2.25,3.00
2013.06.12 05:20:06.750,0.96591,0.96598,1.69,3.00
2013.06.12 05:20:07.289,0.96593,0.96598,1.50,2.44
2013.06.12 05:20:07.410,0.96593,0.96599,3.00,1.69
2013.06.12 05:20:07.950,0.96594,0.966,2.25,1.69
2013.06.12 05:20:08.730,0.96594,0.96601,2.25,2.44
2013.06.12 05:20:09.699,0.96593,0.966,2.25,1.50
2013.06.12 05:20:11.070,0.96595,0.96601,1.50,2.44
2013.06.12 05:20:11.609,0.96595,0.96601,1.50,1.69
2013.06.12 05:20:12.095,0.96594,0.96598,1.50,2.25
2013.06.12 05:20:12.172,0.96594,0.96601,2.25,2.44
2013.06.12 05:20:12.720,0.96595,0.96602,2.25,7.32
2013.06.12 05:20:13.810,0.96595,0.966,2.25,2.82
2013.06.12 05:20:14.754,0.96595,0.96601,2.25,1.69
2013.06.12 05:20:16.532,0.96594,0.96601,1.50,3.19
2013.06.12 05:20:17.532,0.96599,0.96603,2.25,4.35
2013.06.12 05:20:17.600,0.966,0.96604,1.50,2.07
2013.06.12 05:20:17.720,0.96599,0.96604,1.50,1.13
2013.06.12 05:20:17.781,0.96602,0.96605,3.00,1.13
2013.06.12 05:20:17.841,0.96604,0.9661,1.50,1.69
2013.06.12 05:20:18.381,0.96606,0.96609,2.63,2.25
2013.06.12 05:20:18.745,0.96624,0.96629,1.13,8.25
2013.06.12 05:20:18.870,0.96635,0.96639,3.19,1.13
2013.06.12 05:20:18.932,0.96635,0.96639,2.44,1.13
2013.06.12 05:20:18.991,0.96635,0.96641,3.19,1.13
2013.06.12 05:20:19.052,0.96635,0.96642,2.44,1.50
2013.06.12 05:20:19.111,0.96635,0.96643,3.94,2.63
2013.06.12 05:20:19.232,0.96635,0.96641,3.19,1.13
2013.06.12 05:20:19.351,0.96635,0.96641,2.25,1.13
2013.06.12 05:20:19.652,0.96638,0.96642,1.50,1.99
2013.06.12 05:20:19.842,0.96637,0.96642,2.25,1.13
2013.06.12 05:20:19.974,0.96632,0.96638,1.50,3.90
2013.06.12 05:20:20.041,0.96629,0.96638,1.50,4.84
2013.06.12 05:20:20.160,0.96626,0.96637,3.19,2.44
2013.06.12 05:20:20.220,0.96625,0.96635,3.94,1.32
2013.06.12 05:20:20.280,0.96629,0.96635,1.50,1.32
2013.06.12 05:20:20.581,0.96628,0.96633,1.50,1.32
2013.06.12 05:20:20.759,0.96629,0.96635,1.50,1.54
2013.06.12 05:20:20.881,0.96631,0.96637,2.25,1.62
2013.06.12 05:20:21.241,0.96632,0.96638,1.50,1.92
2013.06.12 05:20:21.763,0.96632,0.96639,3.00,1.99
2013.06.12 05:20:21.891,0.96632,0.96638,2.25,1.32
2013.06.12 05:20:22.012,0.96631,0.96634,2.25,1.50
2013.06.12 05:20:22.143,0.96627,0.96632,1.50,2.07
2013.06.12 05:20:22.202,0.96627,0.96632,1.50,2.07
2013.06.12 05:20:22.500,0.96628,0.96634,3.00,2.18
2013.06.12 05:20:22.561,0.96631,0.96635,1.50,1.35
2013.06.12 05:20:22.620,0.96633,0.9664,2.25,1.99
2013.06.12 05:20:22.741,0.96635,0.9664,1.50,1.32
2013.06.12 05:20:22.802,0.96635,0.96642,1.50,2.74
2013.06.12 05:20:22.862,0.96639,0.96643,1.50,1.92
2013.06.12 05:20:22.981,0.9664,0.96646,1.50,1.35
2013.06.12 05:20:23.041,0.96643,0.96646,1.50,1.35
2013.06.12 05:20:23.101,0.96644,0.9665,1.50,2.25
2013.06.12 05:20:23.161,0.96644,0.96651,1.50,2.29
2013.06.12 05:20:23.281,0.96647,0.96652,2.25,2.44
2013.06.12 05:20:23.342,0.96647,0.96654,2.25,1.35
2013.06.12 05:20:23.461,0.96648,0.96654,2.25,1.35
2013.06.12 05:20:23.520,0.96649,0.96659,1.50,1.73
2013.06.12 05:20:23.581,0.96649,0.96656,5.25,1.35
2013.06.12 05:20:23.641,0.96652,0.9666,2.25,1.50
2013.06.12 05:20:23.701,0.96652,0.9666,1.50,1.35
2013.06.12 05:20:23.881,0.96652,0.9666,2.25,3.30
2013.06.12 05:20:24.060,0.9665,0.96658,2.25,1.43
2013.06.12 05:20:24.182,0.96649,0.96654,1.50,1.13
2013.06.12 05:20:24.761,0.9665,0.96655,1.50,2.03
2013.06.12 05:20:24.834,0.9665,0.96658,2.25,1.43
2013.06.12 05:20:24.902,0.96649,0.96655,2.25,1.13
2013.06.12 05:20:25.081,0.96646,0.96653,1.50,1.65
2013.06.12 05:20:25.270,0.96644,0.96651,3.00,1.65
2013.06.12 05:20:26.171,0.96644,0.96649,1.50,1.16
2013.06.12 05:20:26.710,0.96644,0.96649,1.50,1.16
2013.06.12 05:20:27.372,0.96646,0.96649,1.50,1.16
2013.06.12 05:20:27.740,0.96645,0.96651,1.50,1.80
2013.06.12 05:20:30.960,0.96645,0.96651,1.50,1.32
2013.06.12 05:20:31.151,0.96645,0.9665,1.50,1.50
2013.06.12 05:20:31.513,0.9665,0.96656,1.50,1.50
2013.06.12 05:20:32.001,0.96652,0.96657,1.50,1.69
2013.06.12 05:20:32.541,0.96651,0.96658,3.00,3.19
2013.06.12 05:20:32.780,0.96652,0.96659,1.50,2.07
2013.06.12 05:20:33.300,0.96653,0.9666,2.25,2.07
2013.06.12 05:20:33.542,0.96652,0.96659,1.50,2.82
2013.06.12 05:20:34.081,0.96652,0.96659,1.88,1.69
2013.06.12 05:20:34.621,0.96656,0.96659,1.17,1.50
2013.06.12 05:20:34.741,0.96659,0.96662,1.50,2.25
2013.06.12 05:20:34.862,0.96661,0.96667,1.13,1.69
2013.06.12 05:20:34.991,0.96664,0.96668,1.50,1.50
2013.06.12 05:20:35.051,0.96664,0.9667,2.25,1.69
2013.06.12 05:20:35.401,0.96651,0.96666,1.13,4.50
2013.06.12 05:20:35.693,0.96654,0.96662,2.25,3.87
2013.06.12 05:20:36.002,0.96657,0.96664,1.50,4.32
2013.06.12 05:20:36.363,0.96661,0.96665,1.13,1.54
2013.06.12 05:20:36.671,0.96662,0.96669,1.50,2.29
2013.06.12 05:20:36.910,0.96661,0.96667,1.88,1.35
2013.06.12 05:20:36.970,0.96662,0.96669,1.50,2.29
2013.06.12 05:20:37.489,0.96662,0.96668,1.50,1.62
2013.06.12 05:20:38.168,0.96663,0.96668,1.13,1.43
2013.06.12 05:20:38.301,0.96663,0.96666,1.13,1.35
2013.06.12 05:20:39.011,0.96661,0.96666,1.88,1.35
2013.06.12 05:20:40.360,0.96661,0.96666,1.13,2.10
2013.06.12 05:20:40.956,0.96661,0.96666,1.88,2.29
2013.06.12 05:20:41.501,0.96661,0.96667,2.25,1.62
2013.06.12 05:20:42.050,0.96662,0.96668,1.88,3.04
2013.06.12 05:20:42.490,0.96665,0.96669,1.13,1.50
2013.06.12 05:20:42.850,0.96671,0.96676,1.13,1.69
2013.06.12 05:20:43.390,0.96671,0.96677,1.88,1.62
2013.06.12 05:20:43.930,0.96669,0.96676,2.63,1.54
2013.06.12 05:20:44.510,0.9667,0.96677,2.25,2.37
2013.06.12 05:20:44.990,0.96671,0.96677,2.63,1.62
2013.06.12 05:20:45.530,0.96671,0.96678,2.63,2.59
2013.06.12 05:20:46.030,0.96671,0.96678,1.88,1.84
2013.06.12 05:20:46.270,0.9667,0.96676,1.88,1.35
2013.06.12 05:20:46.574,0.9667,0.96674,1.13,1.35
2013.06.12 05:20:48.230,0.9667,0.96676,1.13,2.44
2013.06.12 05:20:48.530,0.96666,0.96672,2.07,1.50
2013.06.12 05:20:48.890,0.96663,0.96669,1.88,2.44
2013.06.12 05:20:49.430,0.96664,0.9667,2.25,2.44
2013.06.12 05:20:49.970,0.96663,0.9667,1.50,1.69
2013.06.12 05:20:50.330,0.96662,0.96667,1.13,1.69
2013.06.12 05:20:50.390,0.96661,0.96667,2.63,1.69
2013.06.12 05:20:50.930,0.96661,0.96667,1.13,2.44
2013.06.12 05:20:50.990,0.9666,0.96666,1.13,1.50
2013.06.12 05:20:51.350,0.96658,0.96664,1.13,1.50
2013.06.12 05:20:52.070,0.96656,0.96662,1.50,1.80
2013.06.12 05:20:52.250,0.96653,0.96659,1.13,1.50
2013.06.12 05:20:52.610,0.9665,0.96657,2.25,3.00
2013.06.12 05:20:52.921,0.9665,0.96653,1.13,1.50
2013.06.12 05:20:53.040,0.96649,0.96653,2.63,1.50
2013.06.12 05:20:53.581,0.96646,0.96651,1.50,1.50
2013.06.12 05:20:53.641,0.96646,0.96651,1.13,1.50
2013.06.12 05:20:53.990,0.96644,0.9665,1.13,1.50
2013.06.12 05:20:54.181,0.96643,0.96649,1.13,3.00
2013.06.12 05:20:54.730,0.96641,0.96647,1.88,1.50
2013.06.12 05:20:54.930,0.96641,0.96647,1.13,3.00
2013.06.12 05:20:55.410,0.96641,0.96647,1.88,1.50
2013.06.12 05:20:55.590,0.9664,0.96646,1.13,1.50
2013.06.12 05:20:55.950,0.96639,0.96646,2.63,1.50
2013.06.12 05:20:56.076,0.96639,0.96644,1.50,1.50
2013.06.12 05:20:56.142,0.96637,0.96643,1.13,1.50
2013.06.12 05:20:56.680,0.96638,0.96645,2.25,1.69
2013.06.12 05:20:56.740,0.96638,0.96646,3.38,3.19
2013.06.12 05:20:56.801,0.96641,0.96647,2.25,1.69
2013.06.12 05:20:57.750,0.96641,0.96648,1.50,2.44
2013.06.12 05:20:58.291,0.96641,0.96647,1.50,1.50
2013.06.12 05:20:58.840,0.96641,0.96648,1.50,2.44
2013.06.12 05:20:59.022,0.96643,0.96649,1.50,2.44
2013.06.12 05:20:59.453,0.96643,0.96651,3.00,2.44
2013.06.12 05:20:59.520,0.96645,0.96652,1.50,3.94
2013.06.12 05:20:59.880,0.96647,0.96652,1.50,1.69
2013.06.12 05:21:00.181,0.9665,0.96655,1.50,1.69
2013.06.12 05:21:00.480,0.9665,0.96656,1.50,2.25
2013.06.12 05:21:00.999,0.9665,0.96655,1.50,1.50
2013.06.12 05:21:02.154,0.9665,0.96657,2.44,1.50
2013.06.12 05:21:02.414,0.96652,0.96658,1.50,1.50
2013.06.12 05:21:03.260,0.9665,0.96657,1.69,1.50
2013.06.12 05:21:04.381,0.9665,0.96656,2.25,12.38
2013.06.12 05:21:04.560,0.96645,0.96651,1.13,3.00
2013.06.12 05:21:04.860,0.96642,0.96649,1.50,1.50
2013.06.12 05:21:05.400,0.96642,0.96649,1.50,3.19
2013.06.12 05:21:05.761,0.9664,0.96648,2.25,2.44
2013.06.12 05:21:07.041,0.96639,0.96646,2.44,1.50
2013.06.12 05:21:08.880,0.96639,0.96646,1.69,1.50
2013.06.12 05:21:09.240,0.96635,0.96642,3.19,2.25
2013.06.12 05:21:09.303,0.96634,0.96642,4.32,2.25
2013.06.12 05:21:09.420,0.96634,0.96641,3.57,2.25
2013.06.12 05:21:09.540,0.96633,0.9664,1.50,1.50
2013.06.12 05:21:10.199,0.96633,0.9664,1.50,1.50
2013.06.12 05:21:10.260,0.96635,0.96641,1.13,2.44
2013.06.12 05:21:10.670,0.96637,0.96643,1.50,2.25
2013.06.12 05:21:11.030,0.96635,0.96641,1.50,3.19
2013.06.12 05:21:11.210,0.96633,0.9664,1.50,1.69
2013.06.12 05:21:11.591,0.96637,0.96641,1.50,2.44
2013.06.12 05:21:11.770,0.96638,0.96645,3.00,1.69
2013.06.12 05:21:12.310,0.96639,0.96645,1.50,1.69
2013.06.12 05:21:12.550,0.96646,0.96653,2.07,3.00
2013.06.12 05:21:13.030,0.96644,0.9665,1.69,1.88
2013.06.12 05:21:13.091,0.96643,0.96649,1.50,1.69
2013.06.12 05:21:13.602,0.96642,0.96649,1.50,3.19
2013.06.12 05:21:13.960,0.96644,0.9665,1.50,3.00
2013.06.12 05:21:15.391,0.96641,0.96649,2.25,2.25
2013.06.12 05:21:15.450,0.9664,0.96648,2.25,1.50
2013.06.12 05:21:16.029,0.9664,0.96647,1.50,2.82
2013.06.12 05:21:18.090,0.9664,0.96647,1.50,2.07
2013.06.12 05:21:19.650,0.96641,0.96648,2.25,2.44
2013.06.12 05:21:19.770,0.96643,0.9665,2.25,3.57
2013.06.12 05:21:20.070,0.96645,0.96652,1.50,3.94
2013.06.12 05:21:20.430,0.96645,0.96652,2.25,1.88
2013.06.12 05:21:20.671,0.96651,0.96657,1.50,1.32
2013.06.12 05:21:21.513,0.96651,0.96659,3.19,3.00
2013.06.12 05:21:22.060,0.96652,0.96659,1.69,1.50
2013.06.12 05:21:25.760,0.96653,0.96661,3.57,1.50
2013.06.12 05:21:26.122,0.96661,0.96667,1.50,3.19
2013.06.12 05:21:26.193,0.96662,0.96669,1.50,1.69
2013.06.12 05:21:28.612,0.96664,0.96672,3.75,3.94
2013.06.12 05:21:28.921,0.96667,0.96673,1.50,3.19
2013.06.12 05:21:30.181,0.96667,0.96674,1.50,1.69
2013.06.12 05:21:30.240,0.9667,0.96676,1.50,3.19
2013.06.12 05:21:30.300,0.9667,0.96677,1.50,2.82
2013.06.12 05:21:30.361,0.96671,0.96677,1.50,1.32
2013.06.12 05:21:32.070,0.96672,0.96678,2.25,1.50
2013.06.12 05:21:32.131,0.96676,0.96681,1.50,3.00
2013.06.12 05:21:32.190,0.96676,0.96682,1.50,2.07
2013.06.12 05:21:32.251,0.96678,0.96683,1.50,3.19
2013.06.12 05:21:32.490,0.9668,0.96686,1.50,1.69
2013.06.12 05:21:32.730,0.96681,0.96687,1.50,2.44
2013.06.12 05:21:33.031,0.96686,0.96691,1.50,1.50
2013.06.12 05:21:33.272,0.96689,0.96695,1.50,1.69
2013.06.12 05:21:33.810,0.96689,0.96696,2.25,1.50
2013.06.12 05:21:33.930,0.96694,0.96697,3.00,2.44
2013.06.12 05:21:34.171,0.96706,0.96712,2.63,1.50
2013.06.12 05:21:34.230,0.96708,0.96715,5.08,1.50
2013.06.12 05:21:34.291,0.96711,0.9672,3.00,3.57
2013.06.12 05:21:34.351,0.96712,0.96722,1.69,4.88
2013.06.12 05:21:34.410,0.96714,0.96722,1.50,3.38
2013.06.12 05:21:34.711,0.9672,0.96729,3.19,1.50
2013.06.12 05:21:34.772,0.9672,0.96728,2.44,1.50
2013.06.12 05:21:34.895,0.96722,0.9673,1.50,1.13
2013.06.12 05:21:34.962,0.96722,0.96731,1.50,3.00
2013.06.12 05:21:35.141,0.96724,0.96733,2.25,1.32
2013.06.12 05:21:35.201,0.96724,0.96732,1.50,1.13
2013.06.12 05:21:35.502,0.96728,0.96732,1.88,2.44
2013.06.12 05:21:35.562,0.96728,0.96735,1.88,3.94
2013.06.12 05:21:35.621,0.9673,0.96738,1.50,1.69
2013.06.12 05:21:35.741,0.96734,0.9674,1.50,1.69
2013.06.12 05:21:35.921,0.96734,0.96742,1.50,1.32
2013.06.12 05:21:36.041,0.96732,0.96742,1.69,2.82
2013.06.12 05:21:36.581,0.96731,0.96741,2.44,1.77
2013.06.12 05:21:37.127,0.96732,0.96741,1.50,1.69
2013.06.12 05:21:37.370,0.96735,0.96742,2.25,2.63
2013.06.12 05:21:37.550,0.96746,0.96757,4.02,1.69
2013.06.12 05:21:37.610,0.9675,0.96757,2.25,1.69
2013.06.12 05:21:37.670,0.96752,0.96763,1.50,2.25
2013.06.12 05:21:38.030,0.96753,0.96765,1.50,1.88
2013.06.12 05:21:38.270,0.96754,0.96767,1.50,2.44
2013.06.12 05:21:38.330,0.96756,0.96767,1.50,2.82
2013.06.12 05:21:38.630,0.96756,0.96766,1.50,2.25
2013.06.12 05:21:38.690,0.96754,0.96767,1.50,1.50
2013.06.12 05:21:38.933,0.96753,0.96764,1.50,3.38
2013.06.12 05:21:39.001,0.96749,0.9676,1.13,1.50
2013.06.12 05:21:39.310,0.96743,0.96754,1.50,3.75
2013.06.12 05:21:39.491,0.96738,0.96749,3.00,3.75
2013.06.12 05:21:39.551,0.96738,0.96748,2.63,1.50
2013.06.12 05:21:39.964,0.96735,0.96744,1.50,1.50
2013.06.12 05:21:40.041,0.96726,0.96739,1.50,2.63
2013.06.12 05:21:40.232,0.96725,0.96739,1.13,3.38
2013.06.12 05:21:40.770,0.96723,0.96737,1.69,2.82
2013.06.12 05:21:41.074,0.96725,0.96735,1.13,2.44
2013.06.12 05:21:41.141,0.96725,0.96736,1.32,1.69
2013.06.12 05:21:41.620,0.96724,0.96734,2.25,1.13
2013.06.12 05:21:41.681,0.96723,0.96734,1.69,2.07
2013.06.12 05:21:41.920,0.96723,0.96734,1.69,2.07
2013.06.12 05:21:42.040,0.96724,0.96732,1.69,1.13
2013.06.12 05:21:42.221,0.96724,0.96734,1.69,1.13
2013.06.12 05:21:42.280,0.96724,0.96734,1.69,1.88
2013.06.12 05:21:42.520,0.96728,0.96738,1.50,1.69
2013.06.12 05:21:43.070,0.96727,0.96737,3.19,1.69
2013.06.12 05:21:43.610,0.96725,0.96736,1.69,1.69
2013.06.12 05:21:43.675,0.96726,0.96736,1.13,1.69
2013.06.12 05:21:43.980,0.96733,0.96742,1.50,3.57
2013.06.12 05:21:44.102,0.96734,0.96744,1.50,3.19
2013.06.12 05:21:44.340,0.96734,0.96742,1.50,1.88
2013.06.12 05:21:44.520,0.96734,0.96744,1.50,3.19
2013.06.12 05:21:44.822,0.96735,0.96742,1.50,2.25
2013.06.12 05:21:45.181,0.96743,0.96747,1.50,1.50
2013.06.12 05:21:45.541,0.96747,0.96751,1.50,1.50
2013.06.12 05:21:45.661,0.96746,0.96752,2.63,1.50
2013.06.12 05:21:45.780,0.96748,0.96754,1.50,1.50
2013.06.12 05:21:45.962,0.96748,0.96755,3.75,1.50
2013.06.12 05:21:46.082,0.9675,0.96757,2.25,2.25
2013.06.12 05:21:46.260,0.96749,0.96756,1.50,1.50
2013.06.12 05:21:46.380,0.9675,0.96756,1.50,1.50
2013.06.12 05:21:46.501,0.96751,0.96758,2.44,1.50
2013.06.12 05:21:46.742,0.96753,0.96759,1.50,1.50
2013.06.12 05:21:47.281,0.96752,0.96758,1.50,1.50
2013.06.12 05:21:47.802,0.96751,0.96756,1.50,1.50
2013.06.12 05:21:47.861,0.96748,0.96755,2.44,1.50
2013.06.12 05:21:47.921,0.96748,0.96752,1.69,3.38
2013.06.12 05:21:47.980,0.96744,0.9675,2.25,1.50
2013.06.12 05:21:48.041,0.96741,0.96749,3.00,2.44
2013.06.12 05:21:48.112,0.96741,0.96748,1.50,1.50
2013.06.12 05:21:48.171,0.96742,0.96748,1.50,1.50
2013.06.12 05:21:49.822,0.96741,0.96748,2.25,1.50
2013.06.12 05:21:50.132,0.96741,0.96746,1.50,1.50
2013.06.12 05:21:50.870,0.96741,0.96746,1.50,1.50
2013.06.12 05:21:51.421,0.96739,0.96746,3.04,1.50
2013.06.12 05:21:51.962,0.96738,0.96745,3.75,3.00
2013.06.12 05:21:52.321,0.96735,0.96742,1.13,3.19
2013.06.12 05:21:52.681,0.96734,0.96738,1.50,1.50
2013.06.12 05:21:52.742,0.96734,0.9674,1.50,2.25
2013.06.12 05:21:52.811,0.96733,0.96739,1.50,1.50
2013.06.12 05:21:53.891,0.96732,0.96739,1.50,2.44
2013.06.12 05:21:54.250,0.96728,0.96732,1.50,3.00
2013.06.12 05:21:54.310,0.96726,0.96733,1.32,1.50
2013.06.12 05:21:54.851,0.96725,0.96733,1.50,1.50
2013.06.12 05:21:54.971,0.96724,0.96731,2.25,1.69
2013.06.12 05:21:55.451,0.96723,0.9673,1.50,6.19
2013.06.12 05:21:55.631,0.96716,0.96722,1.50,2.44
2013.06.12 05:21:55.750,0.96715,0.9672,1.13,1.50
2013.06.12 05:21:55.930,0.96713,0.9672,3.00,1.50
2013.06.12 05:21:56.291,0.96714,0.96719,1.50,3.00
2013.06.12 05:21:56.472,0.96712,0.96717,1.69,1.50
2013.06.12 05:21:56.651,0.96712,0.96719,1.69,1.50
2013.06.12 05:21:57.190,0.96712,0.9672,3.00,3.19
2013.06.12 05:21:58.026,0.96714,0.9672,3.38,1.69
2013.06.12 05:21:58.271,0.96721,0.96727,1.50,2.44
2013.06.12 05:21:58.830,0.96721,0.96728,1.88,1.69
2013.06.12 05:21:59.270,0.96719,0.96726,1.69,1.50
2013.06.12 05:21:59.835,0.96719,0.96726,1.50,1.69
2013.06.12 05:22:00.140,0.96715,0.96722,1.50,1.50
2013.06.12 05:22:00.681,0.96716,0.96723,2.25,1.50
2013.06.12 05:22:00.740,0.96717,0.96724,2.25,1.50
2013.06.12 05:22:00.990,0.96719,0.96726,1.50,3.00
2013.06.12 05:22:01.119,0.96717,0.96724,1.50,3.00
2013.06.12 05:22:01.185,0.96716,0.96723,2.25,1.50
2013.06.12 05:22:01.490,0.96717,0.96724,1.50,2.25
2013.06.12 05:22:02.090,0.96717,0.96724,1.50,3.00
2013.06.12 05:22:02.630,0.96717,0.96723,1.50,1.69
2013.06.12 05:22:02.870,0.96714,0.96722,4.50,2.07
2013.06.12 05:22:02.930,0.96717,0.96722,1.65,1.69
2013.06.12 05:22:02.990,0.96717,0.96724,3.90,1.50
2013.06.12 05:22:03.110,0.9672,0.96726,3.00,2.25
2013.06.12 05:22:03.170,0.9672,0.96727,5.25,3.00
2013.06.12 05:22:03.230,0.96721,0.96728,2.25,2.25
2013.06.12 05:22:03.351,0.96723,0.96728,1.50,1.50
2013.06.12 05:22:03.470,0.96722,0.96729,2.25,1.69
2013.06.12 05:22:03.651,0.96723,0.9673,1.50,3.04
2013.06.12 05:22:04.010,0.96723,0.96728,1.50,1.50
2013.06.12 05:22:04.369,0.96721,0.96728,2.25,1.50
2013.06.12 05:22:04.670,0.9672,0.96727,2.25,2.25
2013.06.12 05:22:06.239,0.9672,0.96727,1.50,2.25
2013.06.12 05:22:06.869,0.96721,0.96728,1.50,2.25
2013.06.12 05:22:07.109,0.9672,0.96727,1.50,2.25
2013.06.12 05:22:08.710,0.96719,0.96726,1.13,2.25
2013.06.12 05:22:09.071,0.96721,0.96728,2.25,2.25
2013.06.12 05:22:09.850,0.96722,0.96729,1.50,2.25
2013.06.12 05:22:10.151,0.96724,0.9673,4.88,1.50
2013.06.12 05:22:10.286,0.96726,0.96733,2.63,2.25
2013.06.12 05:22:10.352,0.96728,0.96733,1.50,1.50
2013.06.12 05:22:10.414,0.96728,0.96735,2.25,2.44
2013.06.12 05:22:11.022,0.96731,0.96734,1.50,1.69
2013.06.12 05:22:11.260,0.96732,0.96735,1.50,1.50
2013.06.12 05:22:11.441,0.96733,0.96737,1.50,2.25
2013.06.12 05:22:12.139,0.96735,0.96738,1.50,1.50
2013.06.12 05:22:12.200,0.96736,0.96739,1.50,1.50
2013.06.12 05:22:12.560,0.96736,0.9674,1.50,1.50
2013.06.12 05:22:13.710,0.96736,0.96742,2.25,1.50
2013.06.12 05:22:13.960,0.96738,0.96742,1.50,1.50
2013.06.12 05:22:14.141,0.96742,0.96748,2.25,4.32
2013.06.12 05:22:14.200,0.96742,0.96748,2.25,2.25
2013.06.12 05:22:14.260,0.96743,0.96748,2.25,1.50
2013.06.12 05:22:14.380,0.96745,0.96751,1.50,1.50
2013.06.12 05:22:14.561,0.96749,0.96753,1.50,1.88
2013.06.12 05:22:14.621,0.96749,0.96756,1.50,1.50
2013.06.12 05:22:14.681,0.96751,0.96756,1.50,1.50
2013.06.12 05:22:14.862,0.96752,0.96758,1.50,1.50
2013.06.12 05:22:15.220,0.96751,0.96756,2.82,1.50
2013.06.12 05:22:15.760,0.96752,0.96756,1.69,1.50
2013.06.12 05:22:15.821,0.96752,0.96758,1.69,1.50
2013.06.12 05:22:16.539,0.96756,0.96772,5.25,5.16
2013.06.12 05:22:16.601,0.96763,0.96775,6.77,1.50
2013.06.12 05:22:16.720,0.96768,0.96773,1.32,1.13
2013.06.12 05:22:16.842,0.96771,0.96778,3.57,1.50
2013.06.12 05:22:16.901,0.96773,0.96779,1.88,1.50
2013.06.12 05:22:16.961,0.96776,0.96781,1.69,1.50
2013.06.12 05:22:17.021,0.96776,0.96781,1.69,1.50
2013.06.12 05:22:17.141,0.96775,0.96784,3.21,1.13
2013.06.12 05:22:17.395,0.96775,0.96787,3.21,3.57
2013.06.12 05:22:17.760,0.96775,0.96784,1.52,3.94
2013.06.12 05:22:18.300,0.96775,0.96782,1.52,4.80
2013.06.12 05:22:18.361,0.96772,0.96782,2.63,4.80
2013.06.12 05:22:18.480,0.96771,0.96781,1.69,1.50
2013.06.12 05:22:18.781,0.96767,0.96776,1.69,2.25
2013.06.12 05:22:18.960,0.96764,0.96773,1.69,1.50
2013.06.12 05:22:19.021,0.96764,0.96771,1.69,2.10
2013.06.12 05:22:19.081,0.96762,0.96771,2.44,2.10
2013.06.12 05:22:19.620,0.96762,0.96772,1.50,3.12
2013.06.12 05:22:20.100,0.96764,0.96772,3.00,1.62
2013.06.12 05:22:20.281,0.96763,0.96771,2.44,2.85
2013.06.12 05:22:20.471,0.96765,0.96772,1.50,1.62
2013.06.12 05:22:20.830,0.96762,0.9677,3.94,1.35
2013.06.12 05:22:21.960,0.96763,0.96768,1.50,1.35
2013.06.12 05:22:22.080,0.96763,0.9677,2.25,1.35
2013.06.12 05:22:22.320,0.96762,0.96768,2.44,1.50
2013.06.12 05:22:22.621,0.9676,0.96764,1.50,1.50
2013.06.12 05:22:22.740,0.96761,0.96766,1.50,1.50
2013.06.12 05:22:23.100,0.96759,0.96766,3.00,1.50
2013.06.12 05:22:23.280,0.9676,0.96766,1.50,1.50
2013.06.12 05:22:23.760,0.96761,0.96768,2.25,1.50
2013.06.12 05:22:24.301,0.96763,0.96769,1.50,1.69
2013.06.12 05:22:24.840,0.96762,0.96768,1.50,1.50
2013.06.12 05:22:25.141,0.96759,0.96766,3.94,1.50
2013.06.12 05:22:25.500,0.96758,0.96761,1.50,1.50
2013.06.12 05:22:25.620,0.96753,0.9676,3.57,2.25
2013.06.12 05:22:25.860,0.96751,0.96758,3.00,3.75
2013.06.12 05:22:25.920,0.96751,0.96758,1.50,3.75
2013.06.12 05:22:25.981,0.9675,0.96756,1.50,2.25
2013.06.12 05:22:26.233,0.96746,0.96752,1.69,1.50
2013.06.12 05:22:26.420,0.96746,0.96752,2.44,2.25
2013.06.12 05:22:26.540,0.96749,0.96754,1.50,1.50
2013.06.12 05:22:26.660,0.96749,0.96756,3.00,1.50
2013.06.12 05:22:26.780,0.96751,0.96758,1.50,3.57
2013.06.12 05:22:27.020,0.96752,0.96758,1.69,1.50
2013.06.12 05:22:27.080,0.96752,0.9676,3.94,1.50
2013.06.12 05:22:27.500,0.96754,0.96761,1.50,1.50
2013.06.12 05:22:27.875,0.96752,0.9676,3.19,1.50
2013.06.12 05:22:29.101,0.96751,0.96758,3.57,2.25
2013.06.12 05:22:29.161,0.96751,0.96756,1.32,1.50
2013.06.12 05:22:29.340,0.96751,0.96756,3.57,1.50
2013.06.12 05:22:29.460,0.96752,0.9676,3.19,1.50
2013.06.12 05:22:29.941,0.96755,0.9676,1.50,1.50
2013.06.12 05:22:30.121,0.96757,0.96765,1.50,4.17
2013.06.12 05:22:30.361,0.96759,0.96766,1.50,1.69
2013.06.12 05:22:30.720,0.96761,0.96768,1.50,1.50
2013.06.12 05:22:31.680,0.96762,0.96768,1.50,1.50
2013.06.12 05:22:32.236,0.96763,0.96769,1.50,1.69
2013.06.12 05:22:34.581,0.96761,0.96769,3.00,2.44
2013.06.12 05:22:34.641,0.96763,0.9677,1.50,2.25
2013.06.12 05:22:35.280,0.96762,0.96769,1.69,1.50
2013.06.12 05:22:35.830,0.96761,0.96769,3.19,2.25
2013.06.12 05:22:36.687,0.96761,0.96768,1.69,2.25
2013.06.12 05:22:37.229,0.9676,0.96767,2.44,1.50
2013.06.12 05:22:37.470,0.96761,0.96768,1.69,3.60
2013.06.12 05:22:39.271,0.96761,0.96768,1.50,4.54
2013.06.12 05:22:39.390,0.96759,0.96767,2.63,2.44
2013.06.12 05:22:39.953,0.96759,0.96766,1.50,2.44
2013.06.12 05:22:40.312,0.96755,0.96761,2.03,1.50
2013.06.12 05:22:40.370,0.96756,0.96762,1.65,1.50
2013.06.12 05:22:40.430,0.96755,0.96763,3.42,3.79
2013.06.12 05:22:40.490,0.96759,0.96763,1.50,1.54
2013.06.12 05:22:40.610,0.96758,0.96764,1.50,1.69
2013.06.12 05:22:41.173,0.96759,0.96765,1.50,2.44
2013.06.12 05:22:42.181,0.96758,0.96764,1.50,1.69
2013.06.12 05:22:44.052,0.96759,0.96765,2.25,2.44
2013.06.12 05:22:44.601,0.96759,0.96766,2.63,1.69
2013.06.12 05:22:45.321,0.96759,0.96766,2.25,2.44
2013.06.12 05:22:45.380,0.9676,0.96766,1.13,2.44
2013.06.12 05:22:45.500,0.96761,0.96768,1.13,2.44
2013.06.12 05:22:45.861,0.96759,0.96766,1.88,1.50
2013.06.12 05:22:45.920,0.96759,0.96766,1.88,1.50
2013.06.12 05:22:46.161,0.96759,0.96764,1.88,1.50
2013.06.12 05:22:46.365,0.96759,0.96766,1.88,1.50
2013.06.12 05:22:46.925,0.96759,0.96766,2.63,1.69
2013.06.12 05:22:47.231,0.96763,0.96769,2.63,2.25
2013.06.12 05:22:47.351,0.96764,0.96772,2.29,1.69
2013.06.12 05:22:47.537,0.96763,0.9677,2.25,1.50
2013.06.12 05:22:47.841,0.96762,0.96768,3.38,1.50
2013.06.12 05:22:49.050,0.96762,0.96768,1.13,1.50
2013.06.12 05:22:49.591,0.96762,0.96768,1.88,1.50
2013.06.12 05:22:50.070,0.96762,0.96767,1.50,2.25
2013.06.12 05:22:51.920,0.96761,0.96766,1.50,1.69
2013.06.12 05:22:54.310,0.9676,0.96765,1.50,1.50
2013.06.12 05:22:54.913,0.96759,0.96765,2.25,1.50
2013.06.12 05:22:55.271,0.96757,0.96763,1.50,3.00
2013.06.12 05:22:55.450,0.96754,0.96761,2.25,2.44
2013.06.12 05:22:55.570,0.96754,0.96761,2.63,2.44
2013.06.12 05:22:55.930,0.96758,0.96763,1.50,2.44
2013.06.12 05:22:56.510,0.96758,0.96764,2.25,1.69
2013.06.12 05:22:57.026,0.96758,0.96765,2.25,3.00
2013.06.12 05:22:57.630,0.9676,0.96765,1.50,2.25
2013.06.12 05:22:58.389,0.9676,0.96765,1.50,2.25
2013.06.12 05:22:58.630,0.96759,0.96765,1.50,2.25
2013.06.12 05:22:59.509,0.9676,0.96765,1.50,2.25
2013.06.12 05:22:59.750,0.96762,0.96766,1.50,1.50
2013.06.12 05:23:00.062,0.9676,0.96766,1.50,1.50
2013.06.12 05:23:01.629,0.9676,0.96766,1.50,2.25
2013.06.12 05:23:02.193,0.9676,0.96765,1.50,1.50
2013.06.12 05:23:02.695,0.9676,0.96765,1.50,1.50
2013.06.12 05:23:02.879,0.9676,0.96766,1.50,1.50
2013.06.12 05:23:03.309,0.9676,0.96765,1.50,1.50
2013.06.12 05:23:03.730,0.96762,0.96765,1.50,1.50
2013.06.12 05:23:03.850,0.96762,0.96767,1.50,1.69
2013.06.12 05:23:04.940,0.96761,0.96767,2.25,1.69
2013.06.12 05:23:05.506,0.9676,0.96766,1.50,1.69
2013.06.12 05:23:06.616,0.96759,0.96766,2.25,2.44
2013.06.12 05:23:07.161,0.96759,0.96765,1.50,2.25
2013.06.12 05:23:07.981,0.96759,0.96765,1.50,1.50
2013.06.12 05:23:08.370,0.96758,0.96763,1.50,1.50
2013.06.12 05:23:08.551,0.96753,0.9676,1.50,1.69
2013.06.12 05:23:08.790,0.96754,0.96761,3.15,5.29
2013.06.12 05:23:08.910,0.96757,0.96764,2.25,2.25
2013.06.12 05:23:09.090,0.96757,0.96761,1.50,1.50
2013.06.12 05:23:09.150,0.96753,0.96761,2.82,2.25
2013.06.12 05:23:09.391,0.96754,0.96761,2.07,1.50
2013.06.12 05:23:09.930,0.96759,0.96762,1.50,1.50
2013.06.12 05:23:10.791,0.96758,0.96762,1.50,1.50
2013.06.12 05:23:11.150,0.96756,0.9676,1.88,1.50
2013.06.12 05:23:12.380,0.96756,0.96762,1.88,1.50
2013.06.12 05:23:12.930,0.96756,0.96763,1.88,1.69
2013.06.12 05:23:14.840,0.96757,0.96763,1.50,1.50
2013.06.12 05:23:15.391,0.96756,0.96763,2.18,3.00
2013.06.12 05:23:15.511,0.96753,0.9676,2.44,1.50
2013.06.12 05:23:15.570,0.96752,0.9676,1.50,2.44
2013.06.12 05:23:15.632,0.96755,0.96759,1.50,1.50
2013.06.12 05:23:15.751,0.96754,0.96759,2.25,2.25
2013.06.12 05:23:15.811,0.96754,0.96761,4.13,3.19
2013.06.12 05:23:15.993,0.96754,0.96761,2.25,2.44
2013.06.12 05:23:16.190,0.96752,0.9676,3.00,3.94
2013.06.12 05:23:16.250,0.96751,0.96758,2.14,1.50
2013.06.12 05:23:16.370,0.96754,0.96759,1.50,2.25
2013.06.12 05:23:16.430,0.96756,0.96761,1.13,3.19
2013.06.12 05:23:16.731,0.96753,0.9676,1.50,2.25
2013.06.12 05:23:16.852,0.96751,0.96759,2.89,1.50
2013.06.12 05:23:17.642,0.9675,0.96757,2.07,1.50
2013.06.12 05:23:18.000,0.96749,0.96755,1.32,1.50
2013.06.12 05:23:19.880,0.96749,0.96755,1.02,1.50
2013.06.12 05:23:20.240,0.96753,0.96756,1.13,1.50
2013.06.12 05:23:20.301,0.96753,0.96757,1.50,1.50
2013.06.12 05:23:20.420,0.9675,0.96756,1.13,2.25
2013.06.12 05:23:20.900,0.96751,0.96755,1.50,1.50
2013.06.12 05:23:20.960,0.96755,0.96758,1.13,1.13
2013.06.12 05:23:21.021,0.96756,0.96761,1.88,1.50
2013.06.12 05:23:21.330,0.96756,0.96763,2.63,2.44
2013.06.12 05:23:21.690,0.96755,0.96762,2.25,2.85
2013.06.12 05:23:21.991,0.96753,0.96758,3.00,2.25
2013.06.12 05:23:22.231,0.96756,0.96762,1.88,1.88
2013.06.12 05:23:22.410,0.96756,0.96763,3.38,3.00
2013.06.12 05:23:23.421,0.96757,0.96761,1.50,1.50
2013.06.12 05:23:23.780,0.96749,0.96755,2.82,1.50
2013.06.12 05:23:24.413,0.96747,0.96753,1.50,1.13
2013.06.12 05:23:24.661,0.9674,0.96747,2.07,1.50
2013.06.12 05:23:25.020,0.9674,0.96747,3.38,2.25
2013.06.12 05:23:25.321,0.96745,0.96752,2.63,3.75
2013.06.12 05:23:25.560,0.96747,0.96753,1.50,1.88
2013.06.12 05:23:25.741,0.96749,0.96755,1.50,2.44
2013.06.12 05:23:26.103,0.96754,0.96759,3.00,1.50
2013.06.12 05:23:26.461,0.96747,0.96753,1.50,2.10
2013.06.12 05:23:26.641,0.96749,0.96754,1.13,1.50
2013.06.12 05:23:26.761,0.96749,0.96756,3.75,1.69
2013.06.12 05:23:26.941,0.9675,0.96756,2.25,3.00
2013.06.12 05:23:27.000,0.96749,0.96756,1.50,4.50
2013.06.12 05:23:27.060,0.96749,0.96756,3.00,1.50
2013.06.12 05:23:27.240,0.9675,0.96757,1.88,1.50
2013.06.12 05:23:27.618,0.96749,0.96753,3.00,1.50
2013.06.12 05:23:27.688,0.96745,0.96751,1.50,2.25
2013.06.12 05:23:27.933,0.96747,0.96753,2.25,1.13
2013.06.12 05:23:28.122,0.96749,0.96755,1.13,2.25
2013.06.12 05:23:28.360,0.96751,0.96757,1.50,1.50
2013.06.12 05:23:28.900,0.96751,0.96758,3.00,2.25
2013.06.12 05:23:29.500,0.96751,0.96757,1.50,2.85
2013.06.12 05:23:29.560,0.96749,0.96756,2.25,3.00
2013.06.12 05:23:29.620,0.96748,0.96755,1.50,1.50
2013.06.12 05:23:29.740,0.96746,0.96752,3.75,2.25
2013.06.12 05:23:29.861,0.96746,0.96753,3.75,1.69
2013.06.12 05:23:29.981,0.96746,0.96752,3.00,3.19
2013.06.12 05:23:30.100,0.96743,0.96751,3.00,1.50
2013.06.12 05:23:31.260,0.96745,0.96751,2.25,1.69
2013.06.12 05:23:31.571,0.96749,0.96752,1.88,1.50
2013.06.12 05:23:31.691,0.96749,0.96755,2.63,2.25
2013.06.12 05:23:31.751,0.96749,0.96752,1.50,2.29
2013.06.12 05:23:31.931,0.96743,0.96749,1.50,2.10
2013.06.12 05:23:32.170,0.96741,0.96749,3.75,4.54
2013.06.12 05:23:32.770,0.96743,0.9675,1.50,1.50
2013.06.12 05:23:33.130,0.96746,0.96751,1.50,1.69
2013.06.12 05:23:33.250,0.96748,0.96755,1.50,3.57
2013.06.12 05:23:34.501,0.9675,0.96756,1.50,3.04
2013.06.12 05:23:34.980,0.9675,0.96754,1.50,1.50
2013.06.12 05:23:35.101,0.96748,0.96754,2.25,1.50
2013.06.12 05:23:35.161,0.96748,0.96755,2.25,4.35
2013.06.12 05:23:35.703,0.96749,0.96757,1.50,5.29
2013.06.12 05:23:35.760,0.9675,0.96757,1.50,3.79
2013.06.12 05:23:36.061,0.9675,0.96754,2.44,1.50
2013.06.12 05:23:36.181,0.96747,0.96753,2.25,2.25
2013.06.12 05:23:36.549,0.96746,0.96752,1.50,2.25
2013.06.12 05:23:37.480,0.96746,0.96752,1.50,2.63
2013.06.12 05:23:37.840,0.96742,0.96747,1.50,2.10
2013.06.12 05:23:40.881,0.96741,0.96744,2.25,1.50
2013.06.12 05:23:40.941,0.96738,0.96743,2.07,3.00
2013.06.12 05:23:41.060,0.96735,0.96739,1.50,2.85
2013.06.12 05:23:41.301,0.96732,0.96739,1.69,4.35
2013.06.12 05:23:42.980,0.96732,0.96738,1.69,2.25
2013.06.12 05:23:43.122,0.9673,0.96735,1.69,1.50
2013.06.12 05:23:43.180,0.96732,0.96736,1.50,1.50
2013.06.12 05:23:43.360,0.96735,0.9674,2.25,1.50
2013.06.12 05:23:43.900,0.96734,0.96741,1.50,2.25
2013.06.12 05:23:44.450,0.96734,0.96741,1.50,2.25
2013.06.12 05:23:44.770,0.96732,0.96739,3.75,2.25
2013.06.12 05:23:45.130,0.9673,0.96736,1.50,1.50
2013.06.12 05:23:45.619,0.96731,0.96738,3.00,1.50
2013.06.12 05:23:45.920,0.96732,0.96738,1.50,1.50
2013.06.12 05:23:46.100,0.96733,0.9674,3.75,1.50
2013.06.12 05:23:46.488,0.96735,0.96741,1.50,1.50
2013.06.12 05:23:46.795,0.96736,0.96742,1.50,1.69
2013.06.12 05:23:46.921,0.96739,0.96744,1.50,1.50
2013.06.12 05:23:47.041,0.96739,0.96746,2.25,2.25
2013.06.12 05:23:47.395,0.96742,0.96747,1.50,3.00
2013.06.12 05:23:47.468,0.96743,0.9675,1.50,1.50
2013.06.12 05:23:47.831,0.96743,0.96749,1.50,2.25
2013.06.12 05:23:49.600,0.96742,0.96748,1.69,1.50
2013.06.12 05:23:50.260,0.96743,0.9675,1.50,1.50
2013.06.12 05:23:52.340,0.96743,0.9675,2.25,1.69
2013.06.12 05:23:52.920,0.96742,0.96749,1.50,1.13
2013.06.12 05:23:53.040,0.96741,0.96748,1.69,1.50
2013.06.12 05:23:53.579,0.96742,0.96747,1.50,1.50
2013.06.12 05:23:54.229,0.96742,0.96749,1.50,2.07
2013.06.12 05:23:54.290,0.96743,0.96749,1.50,1.32
2013.06.12 05:23:54.471,0.96745,0.96752,1.50,2.44
2013.06.12 05:23:54.590,0.96746,0.96753,1.50,3.19
2013.06.12 05:23:54.971,0.96745,0.96752,1.50,2.44
2013.06.12 05:23:57.670,0.96744,0.96751,1.69,1.50
2013.06.12 05:23:58.478,0.96743,0.9675,2.44,1.50
2013.06.12 05:23:59.171,0.96743,0.9675,1.50,2.25
2013.06.12 05:24:00.640,0.96743,0.96749,2.25,1.50
2013.06.12 05:24:04.080,0.96748,0.96751,1.50,3.00
2013.06.12 05:24:04.200,0.96748,0.96752,1.50,1.50
2013.06.12 05:24:04.380,0.96748,0.96754,2.25,1.50
2013.06.12 05:24:04.971,0.96747,0.96753,1.50,3.00
2013.06.12 05:24:05.270,0.96745,0.96751,1.50,2.25
2013.06.12 05:24:05.391,0.96742,0.96749,2.82,1.50
2013.06.12 05:24:05.690,0.96744,0.9675,1.50,2.25
2013.06.12 05:24:07.160,0.96743,0.9675,2.25,3.00
2013.06.12 05:24:10.963,0.96742,0.96748,1.50,2.63
2013.06.12 05:24:11.272,0.96736,0.96741,2.44,1.88
2013.06.12 05:24:11.830,0.96735,0.9674,1.69,1.50
2013.06.12 05:24:12.370,0.96733,0.96738,3.19,1.50
2013.06.12 05:24:12.430,0.96733,0.9674,3.19,1.50
2013.06.12 05:24:12.691,0.96733,0.96739,1.69,1.50
2013.06.12 05:24:12.870,0.96733,0.96738,1.69,1.13
2013.06.12 05:24:13.290,0.96731,0.96736,2.07,1.50
2013.06.12 05:24:13.711,0.96731,0.96736,1.32,1.50
2013.06.12 05:24:13.830,0.9673,0.96734,1.69,1.50
2013.06.12 05:24:14.370,0.9673,0.96734,1.69,1.50
2013.06.12 05:24:14.790,0.9673,0.96736,1.69,1.50
2013.06.12 05:24:15.641,0.9673,0.96736,1.69,1.50
2013.06.12 05:24:15.760,0.96732,0.96738,1.69,1.88
2013.06.12 05:24:16.920,0.9673,0.96736,3.19,1.13
2013.06.12 05:24:17.220,0.96729,0.96735,1.69,2.25
2013.06.12 05:24:17.282,0.96728,0.96735,2.44,2.25
2013.06.12 05:24:23.081,0.96727,0.96733,2.25,1.32
2013.06.12 05:24:23.261,0.96725,0.9673,1.13,1.88
2013.06.12 05:24:23.940,0.96723,0.9673,3.19,1.88
2013.06.12 05:24:24.480,0.96723,0.96729,2.44,1.13
2013.06.12 05:24:25.030,0.96722,0.96728,1.69,2.63
2013.06.12 05:24:25.091,0.96721,0.96727,1.13,2.25
2013.06.12 05:24:25.450,0.96717,0.96723,3.57,1.50
2013.06.12 05:24:25.930,0.96718,0.96726,2.44,3.00
2013.06.12 05:24:26.173,0.96719,0.96725,1.50,2.25
2013.06.12 05:24:26.493,0.96719,0.96722,1.50,1.92
2013.06.12 05:24:26.621,0.96714,0.96721,1.50,1.69
2013.06.12 05:24:26.800,0.96713,0.9672,1.50,1.50
2013.06.12 05:24:27.161,0.96714,0.96721,2.25,2.44
2013.06.12 05:24:27.521,0.96716,0.96723,2.25,1.69
2013.06.12 05:24:28.071,0.96715,0.96722,4.32,1.50
2013.06.12 05:24:28.991,0.96714,0.96721,1.69,2.25
2013.06.12 05:24:29.291,0.96716,0.96723,1.50,2.63
2013.06.12 05:24:29.832,0.96716,0.96724,2.25,5.63
2013.06.12 05:24:31.291,0.96717,0.96724,2.25,2.18
2013.06.12 05:24:31.820,0.96718,0.96724,1.50,1.50
2013.06.12 05:24:34.870,0.96718,0.96723,1.69,1.50
2013.06.12 05:24:35.050,0.96716,0.96722,1.69,1.50
2013.06.12 05:24:35.230,0.96716,0.96723,1.69,1.80
2013.06.12 05:24:35.411,0.96717,0.96723,1.50,1.13
2013.06.12 05:24:35.770,0.96722,0.96725,1.50,2.07
2013.06.12 05:24:36.326,0.96722,0.96725,1.50,1.50
2013.06.12 05:24:36.821,0.9672,0.96724,1.50,1.50
2013.06.12 05:24:37.002,0.9672,0.96726,1.50,2.25
2013.06.12 05:24:37.360,0.9672,0.96726,1.69,1.50
2013.06.12 05:24:37.901,0.96719,0.96725,1.50,1.50
2013.06.12 05:24:38.740,0.96719,0.96726,1.50,3.00
2013.06.12 05:24:39.710,0.9672,0.96726,1.50,1.50
2013.06.12 05:24:42.000,0.96721,0.96728,1.69,2.63
2013.06.12 05:24:42.360,0.96726,0.96733,1.69,1.50
2013.06.12 05:24:42.600,0.96728,0.96735,1.50,5.25
2013.06.12 05:24:45.699,0.96727,0.96734,2.25,1.50
2013.06.12 05:24:46.394,0.96727,0.96734,1.50,2.25
2013.06.12 05:24:47.077,0.96727,0.96734,1.50,2.25
2013.06.12 05:24:48.336,0.96728,0.96735,2.25,2.25
2013.06.12 05:24:50.730,0.96728,0.96735,2.25,2.25
2013.06.12 05:24:50.913,0.96732,0.96736,1.69,2.25
2013.06.12 05:24:50.980,0.96733,0.96739,1.50,1.95
2013.06.12 05:24:53.570,0.96734,0.96741,3.75,1.50
2013.06.12 05:24:55.340,0.96735,0.96742,1.50,3.94
2013.06.12 05:24:55.521,0.96737,0.96742,1.50,1.13
2013.06.12 05:24:55.701,0.96741,0.96747,1.50,1.88
2013.06.12 05:24:55.761,0.96741,0.96747,3.75,1.13
2013.06.12 05:24:56.000,0.96744,0.9675,1.88,2.44
2013.06.12 05:24:56.120,0.96745,0.96751,4.69,1.13
2013.06.12 05:24:56.361,0.96752,0.96758,1.50,1.13
2013.06.12 05:24:58.611,0.96751,0.96756,3.00,12.98
2013.06.12 05:24:58.791,0.96744,0.9675,2.44,2.25
2013.06.12 05:24:58.970,0.96743,0.96747,1.13,1.50
2013.06.12 05:24:59.271,0.96741,0.96745,1.50,1.50
2013.06.12 05:24:59.451,0.96738,0.96743,2.25,2.25
2013.06.12 05:24:59.511,0.96738,0.96742,1.50,1.50
2013.06.12 05:24:59.631,0.96735,0.96742,1.50,2.44
2013.06.12 05:24:59.871,0.96734,0.9674,1.50,1.50
2013.06.12 05:24:59.990,0.96734,0.96741,3.75,1.50
2013.06.12 05:25:00.584,0.96736,0.96742,1.50,1.69
2013.06.12 05:25:01.568,0.96736,0.96743,1.50,3.19
2013.06.12 05:25:02.040,0.96738,0.96743,1.50,2.44
2013.06.12 05:25:02.281,0.9674,0.96746,1.88,2.25
2013.06.12 05:25:02.401,0.96742,0.96748,1.13,1.50
2013.06.12 05:25:02.581,0.96746,0.96753,1.13,3.94
2013.06.12 05:25:02.701,0.96749,0.96753,1.50,2.44
2013.06.12 05:25:02.821,0.9675,0.96755,1.50,1.50
2013.06.12 05:25:02.940,0.9675,0.96757,2.25,1.50
2013.06.12 05:25:03.061,0.96751,0.96758,2.25,2.44
2013.06.12 05:25:03.602,0.96751,0.96754,2.25,2.25
2013.06.12 05:25:03.781,0.96743,0.96749,1.69,1.50
2013.06.12 05:25:04.140,0.96742,0.96748,2.25,1.50
2013.06.12 05:25:04.650,0.9674,0.96747,2.44,2.25
2013.06.12 05:25:04.890,0.96739,0.96746,1.88,3.94
2013.06.12 05:25:05.071,0.96738,0.96743,1.50,1.50
2013.06.12 05:25:05.130,0.96737,0.96743,1.50,3.38
2013.06.12 05:25:05.191,0.96734,0.96742,2.25,3.19
2013.06.12 05:25:08.861,0.96735,0.96741,1.88,1.50
2013.06.12 05:25:09.100,0.96738,0.96745,2.44,3.00
2013.06.12 05:25:09.341,0.96735,0.96742,1.69,1.50
2013.06.12 05:25:12.592,0.96734,0.96741,3.19,1.50
2013.06.12 05:25:13.410,0.96734,0.96741,1.50,3.19
2013.06.12 05:25:13.711,0.96729,0.96735,3.19,1.50
2013.06.12 05:25:14.130,0.96728,0.96735,1.50,3.19
2013.06.12 05:25:14.551,0.9673,0.96737,1.50,2.44
2013.06.12 05:25:15.670,0.96729,0.96736,2.44,3.75
2013.06.12 05:25:15.851,0.96728,0.96734,1.50,1.50
2013.06.12 05:25:16.150,0.96729,0.96735,2.25,2.25
2013.06.12 05:25:17.281,0.96729,0.96737,2.82,3.00
2013.06.12 05:25:17.640,0.96728,0.96734,2.44,2.25
2013.06.12 05:25:17.950,0.96727,0.96733,1.32,2.25
2013.06.12 05:25:20.951,0.96726,0.96733,1.50,2.25
2013.06.12 05:25:21.332,0.96725,0.96731,1.69,3.00
2013.06.12 05:25:21.393,0.96723,0.9673,1.88,2.25
2013.06.12 05:25:21.461,0.96722,0.96728,2.25,1.50
2013.06.12 05:25:21.528,0.9672,0.96727,2.44,2.25
2013.06.12 05:25:22.081,0.9672,0.96726,2.44,1.50
2013.06.12 05:25:23.173,0.96719,0.96725,2.44,1.50
2013.06.12 05:25:23.720,0.96719,0.96725,1.69,1.50
2013.06.12 05:25:25.151,0.96718,0.96724,2.44,5.25
2013.06.12 05:25:25.391,0.96713,0.96718,1.50,1.50
2013.06.12 05:25:25.451,0.9671,0.96717,3.00,2.25
2013.06.12 05:25:25.691,0.96708,0.96715,1.50,1.69
2013.06.12 05:25:26.411,0.96707,0.96713,3.19,1.88
2013.06.12 05:25:26.591,0.96705,0.96712,1.88,1.32
2013.06.12 05:25:26.771,0.96706,0.96713,2.44,3.00
2013.06.12 05:25:27.431,0.96706,0.96712,1.69,1.13
2013.06.12 05:25:28.941,0.96707,0.96714,1.50,2.63
2013.06.12 05:25:29.300,0.96706,0.96713,1.69,1.50
2013.06.12 05:25:33.232,0.96707,0.96714,1.50,3.00
2013.06.12 05:25:33.870,0.96707,0.96714,1.50,2.25
2013.06.12 05:25:34.961,0.96709,0.96716,1.50,2.25
2013.06.12 05:25:35.501,0.96709,0.96717,3.00,3.19
2013.06.12 05:25:35.981,0.96709,0.96714,1.50,2.25
2013.06.12 05:25:36.042,0.96705,0.96712,2.44,1.50
2013.06.12 05:25:36.171,0.96704,0.96711,1.69,2.25
2013.06.12 05:25:36.694,0.96704,0.96711,2.07,2.25
2013.06.12 05:25:37.000,0.96708,0.96714,2.44,1.50
2013.06.12 05:25:37.181,0.96709,0.96716,1.69,1.50
2013.06.12 05:25:38.063,0.96709,0.96715,1.50,2.44
2013.06.12 05:25:39.270,0.96709,0.96715,1.50,1.50
2013.06.12 05:25:41.610,0.96709,0.96712,1.50,2.48
2013.06.12 05:25:41.791,0.96706,0.9671,1.50,1.35
2013.06.12 05:25:41.851,0.96704,0.9671,2.25,1.35
2013.06.12 05:25:42.091,0.96704,0.96709,1.50,1.50
2013.06.12 05:25:42.270,0.96702,0.96708,1.69,1.50
2013.06.12 05:25:42.815,0.96701,0.96708,2.44,3.75
2013.06.12 05:25:43.241,0.967,0.96706,1.69,2.25
2013.06.12 05:25:43.731,0.96697,0.96703,1.69,1.50
2013.06.12 05:25:44.032,0.96693,0.96698,1.50,2.44
2013.06.12 05:25:44.574,0.96694,0.96699,1.50,2.44
2013.06.12 05:25:44.821,0.96698,0.96705,2.44,3.00
2013.06.12 05:25:45.122,0.96699,0.96705,2.82,1.50
2013.06.12 05:25:45.243,0.967,0.96707,1.54,3.23
2013.06.12 05:25:45.495,0.96703,0.96707,1.35,1.35
2013.06.12 05:25:45.803,0.9671,0.96713,1.35,2.25
2013.06.12 05:25:46.112,0.96711,0.96714,2.48,1.13
2013.06.12 05:25:46.170,0.96713,0.96718,1.69,1.05
2013.06.12 05:25:46.470,0.9671,0.96717,3.94,1.35
2013.06.12 05:25:46.531,0.96712,0.96718,1.69,1.13
2013.06.12 05:25:46.714,0.96711,0.96717,2.44,1.13
2013.06.12 05:25:46.841,0.96709,0.96711,1.50,1.13
2013.06.12 05:25:47.022,0.96708,0.96711,1.50,1.13
2013.06.12 05:25:47.081,0.96703,0.96707,1.50,1.43
2013.06.12 05:25:47.202,0.96702,0.96709,1.50,3.68
2013.06.12 05:25:47.740,0.96702,0.96708,1.50,1.50
2013.06.12 05:25:48.041,0.96704,0.96708,1.50,1.50
2013.06.12 05:25:48.161,0.96702,0.96708,2.44,1.50
2013.06.12 05:25:49.061,0.96702,0.9671,2.44,2.85
2013.06.12 05:25:49.121,0.96702,0.96709,2.44,1.43
2013.06.12 05:25:49.661,0.967,0.96708,3.19,1.35
2013.06.12 05:25:50.200,0.967,0.96707,2.44,2.18
2013.06.12 05:25:51.363,0.967,0.96707,1.69,3.68
2013.06.12 05:25:51.910,0.967,0.96707,1.50,3.87
2013.06.12 05:25:52.810,0.967,0.96707,1.50,3.87
2013.06.12 05:25:54.981,0.967,0.96707,1.50,3.19
2013.06.12 05:25:55.283,0.96707,0.96711,2.25,1.50
2013.06.12 05:25:55.581,0.96707,0.96714,2.44,1.50
2013.06.12 05:25:55.701,0.96708,0.96715,1.69,2.25
2013.06.12 05:25:56.851,0.96709,0.96716,1.50,1.50
2013.06.12 05:25:57.030,0.9671,0.96716,2.25,1.50
2013.06.12 05:25:57.091,0.96712,0.96718,2.25,1.50
2013.06.12 05:25:57.151,0.96714,0.9672,1.88,1.50
2013.06.12 05:25:57.331,0.96715,0.96722,2.25,3.00
2013.06.12 05:25:57.451,0.96716,0.96722,1.50,1.50
2013.06.12 05:25:57.771,0.96715,0.9672,1.50,1.50
2013.06.12 05:25:58.330,0.96715,0.9672,3.19,1.50
2013.06.12 05:25:59.651,0.96716,0.96722,1.69,1.50
2013.06.12 05:26:00.201,0.96717,0.96722,1.50,1.50
2013.06.12 05:26:01.620,0.96716,0.96721,2.25,1.50
2013.06.12 05:26:02.253,0.96715,0.9672,3.75,1.50
2013.06.12 05:26:02.930,0.96715,0.9672,1.50,2.25
2013.06.12 05:26:03.052,0.96712,0.96718,1.50,2.25
2013.06.12 05:26:03.171,0.96711,0.96716,1.50,1.50
2013.06.12 05:26:03.593,0.9671,0.96714,2.25,1.50
2013.06.12 05:26:04.072,0.96706,0.96711,1.50,1.50
2013.06.12 05:26:04.251,0.96701,0.96706,1.50,1.50
2013.06.12 05:26:04.370,0.96699,0.96705,4.50,1.50
2013.06.12 05:26:04.671,0.967,0.96706,2.25,1.13
2013.06.12 05:26:05.151,0.96704,0.96708,3.38,3.00
2013.06.12 05:26:05.271,0.96704,0.96711,2.25,2.63
2013.06.12 05:26:05.931,0.96704,0.96711,3.19,1.50
2013.06.12 05:26:06.519,0.96705,0.96711,2.25,1.50
2013.06.12 05:26:07.071,0.96705,0.96711,1.50,1.50
2013.06.12 05:26:08.121,0.96705,0.96711,2.25,1.50
2013.06.12 05:26:08.242,0.96706,0.96709,1.50,2.25
2013.06.12 05:26:08.362,0.967,0.96704,1.13,2.25
2013.06.12 05:26:08.722,0.967,0.96704,1.50,1.50
2013.06.12 05:26:08.961,0.967,0.96706,1.50,1.50
2013.06.12 05:26:09.501,0.967,0.96706,1.50,1.50
2013.06.12 05:26:10.000,0.967,0.96703,1.50,1.13
2013.06.12 05:26:10.540,0.96701,0.96704,1.50,1.50
2013.06.12 05:26:10.601,0.96701,0.96708,1.50,3.57
2013.06.12 05:26:10.901,0.96703,0.9671,1.50,2.25
2013.06.12 05:26:11.321,0.96705,0.96711,2.25,1.50
2013.06.12 05:26:11.380,0.96705,0.96713,2.25,2.44
2013.06.12 05:26:12.201,0.96706,0.96713,2.25,1.69
2013.06.12 05:26:12.621,0.96704,0.96711,2.44,1.50
2013.06.12 05:26:12.934,0.96696,0.96702,2.07,3.75
2013.06.12 05:26:13.001,0.96696,0.96699,1.88,1.50
2013.06.12 05:26:13.181,0.96695,0.96701,3.19,1.50
2013.06.12 05:26:13.302,0.96695,0.96699,3.19,1.50
2013.06.12 05:26:13.423,0.96695,0.96701,3.19,1.50
2013.06.12 05:26:14.150,0.96696,0.96702,1.50,1.50
2013.06.12 05:26:14.730,0.96696,0.96702,1.50,1.50
2013.06.12 05:26:15.708,0.96696,0.96702,2.25,1.50
2013.06.12 05:26:15.891,0.96697,0.96703,1.88,1.50
2013.06.12 05:26:16.010,0.96699,0.96706,1.88,2.25
2013.06.12 05:26:16.980,0.967,0.96707,1.50,2.25
2013.06.12 05:26:17.381,0.96699,0.96704,1.13,2.25
2013.06.12 05:26:17.682,0.96696,0.96702,2.44,1.50
2013.06.12 05:26:17.801,0.96694,0.967,1.50,1.50
2013.06.12 05:26:20.222,0.96695,0.96701,1.50,1.50
2013.06.12 05:26:20.820,0.96696,0.96703,2.07,3.75
2013.06.12 05:26:20.881,0.96698,0.96703,2.44,2.25
2013.06.12 05:26:21.870,0.96698,0.96703,2.44,2.25
2013.06.12 05:26:21.991,0.96694,0.96701,3.19,2.25
2013.06.12 05:26:22.505,0.96694,0.967,1.69,2.25
2013.06.12 05:26:24.660,0.96694,0.96699,1.69,1.50
2013.06.12 05:26:24.781,0.96692,0.96697,1.69,3.00
2013.06.12 05:26:24.841,0.9669,0.96696,3.19,3.00
2013.06.12 05:26:24.901,0.96689,0.96694,1.50,1.80
2013.06.12 05:26:25.021,0.96687,0.96692,1.13,1.88
2013.06.12 05:26:25.141,0.96684,0.96691,2.44,1.50
2013.06.12 05:26:25.261,0.96684,0.96691,2.44,1.50
2013.06.12 05:26:25.621,0.96688,0.96693,1.69,1.50
2013.06.12 05:26:25.681,0.96688,0.96694,1.69,1.50
2013.06.12 05:26:25.981,0.96691,0.96698,1.50,3.57
2013.06.12 05:26:26.520,0.96691,0.96698,1.69,1.13
2013.06.12 05:26:27.074,0.96691,0.96698,1.69,2.25
2013.06.12 05:26:27.920,0.96691,0.96698,1.69,2.25
2013.06.12 05:26:28.280,0.96693,0.96698,1.50,2.25
2013.06.12 05:26:28.610,0.96689,0.96695,3.38,1.50
2013.06.12 05:26:30.380,0.96692,0.96697,1.13,1.50
2013.06.12 05:26:30.561,0.96692,0.96699,1.88,3.00
2013.06.12 05:26:30.680,0.96693,0.967,1.50,3.00
2013.06.12 05:26:30.800,0.96692,0.96699,1.88,2.25
2013.06.12 05:26:31.340,0.9669,0.96698,1.69,4.50
2013.06.12 05:26:31.641,0.96689,0.96696,2.25,2.25
2013.06.12 05:26:32.181,0.96689,0.96696,1.50,1.50
2013.06.12 05:26:33.370,0.96689,0.96695,1.50,1.50
2013.06.12 05:26:33.730,0.96687,0.9669,1.50,1.50
2013.06.12 05:26:33.791,0.96687,0.96692,1.50,1.50
2013.06.12 05:26:34.411,0.96686,0.9669,1.13,1.50
2013.06.12 05:26:34.950,0.96684,0.9669,2.44,1.50
2013.06.12 05:26:35.962,0.96685,0.96691,1.69,1.50
2013.06.12 05:26:36.565,0.96685,0.96692,1.69,2.25
2013.06.12 05:26:38.810,0.96685,0.96692,1.69,3.00
2013.06.12 05:26:39.590,0.96685,0.96692,1.50,2.25
2013.06.12 05:26:40.083,0.96683,0.96688,3.19,1.50
2013.06.12 05:26:40.153,0.96681,0.96687,2.44,1.50
2013.06.12 05:26:40.690,0.96681,0.96687,3.42,1.50
2013.06.12 05:26:41.951,0.9668,0.96685,1.69,1.50
2013.06.12 05:26:42.010,0.96679,0.96685,2.82,1.50
2013.06.12 05:26:42.990,0.96679,0.96685,2.82,1.50
2013.06.12 05:26:43.591,0.96679,0.96685,1.32,1.50
2013.06.12 05:26:43.650,0.9668,0.96685,1.13,1.50
2013.06.12 05:26:43.771,0.96682,0.96689,1.88,3.00
2013.06.12 05:26:44.130,0.96682,0.96688,1.50,1.50
2013.06.12 05:26:44.250,0.9668,0.96687,3.19,1.50
2013.06.12 05:26:46.441,0.9668,0.96687,2.44,2.25
2013.06.12 05:26:47.340,0.9668,0.96685,1.69,1.50
2013.06.12 05:26:47.701,0.96675,0.96679,1.50,1.50
2013.06.12 05:26:48.255,0.96674,0.9668,2.25,2.25
2013.06.12 05:26:48.761,0.96673,0.96679,2.44,1.50
2013.06.12 05:26:49.780,0.96672,0.96679,3.04,3.00
2013.06.12 05:26:50.140,0.96671,0.96677,3.79,2.25
2013.06.12 05:26:50.383,0.96672,0.96679,1.50,1.50
2013.06.12 05:26:50.451,0.96674,0.9668,1.50,4.69
2013.06.12 05:26:50.991,0.96674,0.9668,1.50,3.94
2013.06.12 05:26:51.660,0.96672,0.96678,1.50,1.50
2013.06.12 05:26:53.652,0.96674,0.96679,3.00,1.69
2013.06.12 05:26:53.771,0.96676,0.96683,2.25,2.82
2013.06.12 05:26:53.831,0.96678,0.96683,1.50,2.07
2013.06.12 05:26:53.891,0.96679,0.96683,1.50,1.13
2013.06.12 05:26:53.952,0.96682,0.96686,3.00,1.13
2013.06.12 05:26:54.551,0.96683,0.96688,1.50,1.50
2013.06.12 05:26:55.060,0.96683,0.96689,1.50,2.82
2013.06.12 05:26:55.980,0.96681,0.96688,1.50,2.25
2013.06.12 05:26:56.810,0.96681,0.96688,1.50,2.44
2013.06.12 05:26:56.870,0.96679,0.96686,2.44,1.50
2013.06.12 05:26:56.992,0.96674,0.9668,3.00,4.35
2013.06.12 05:26:57.051,0.96674,0.96677,1.50,1.13
2013.06.12 05:26:57.110,0.96668,0.96674,1.50,1.50
2013.06.12 05:26:57.231,0.96669,0.96674,2.25,1.50
2013.06.12 05:26:57.410,0.96671,0.96678,1.50,1.50
2013.06.12 05:26:57.530,0.96673,0.96679,1.50,1.69
2013.06.12 05:26:57.831,0.96674,0.96682,2.25,3.42
2013.06.12 05:26:58.381,0.96674,0.96681,1.50,2.18
2013.06.12 05:26:58.862,0.96677,0.96684,2.25,1.62
2013.06.12 05:26:59.222,0.96681,0.96686,1.50,2.44
2013.06.12 05:26:59.521,0.96679,0.96686,2.25,3.12
2013.06.12 05:27:00.060,0.96679,0.96686,2.44,1.43
2013.06.12 05:27:00.770,0.96679,0.96686,1.69,2.93
2013.06.12 05:27:01.600,0.96679,0.96685,1.69,1.35
2013.06.12 05:27:02.290,0.96681,0.96686,1.50,2.25
2013.06.12 05:27:02.351,0.96683,0.96686,1.35,1.50
2013.06.12 05:27:02.411,0.9669,0.96695,1.50,1.73
2013.06.12 05:27:02.472,0.96691,0.96695,1.50,1.35
2013.06.12 05:27:02.532,0.96691,0.96697,1.69,1.35
2013.06.12 05:27:02.831,0.96693,0.96698,2.25,2.25
2013.06.12 05:27:03.311,0.96694,0.96699,2.44,1.50
2013.06.12 05:27:03.671,0.96695,0.96702,2.25,1.50
2013.06.12 05:27:03.791,0.96695,0.967,1.50,1.50
2013.06.12 05:27:04.150,0.967,0.96704,2.25,2.25
2013.06.12 05:27:04.211,0.96701,0.96705,1.50,1.50
2013.06.12 05:27:04.510,0.96699,0.96705,2.25,1.50
2013.06.12 05:27:04.871,0.96699,0.96705,1.50,1.50
2013.06.12 05:27:05.112,0.96703,0.9671,2.25,1.50
2013.06.12 05:27:05.172,0.96705,0.96711,1.50,3.00
2013.06.12 05:27:05.232,0.96706,0.96713,1.50,1.50
2013.06.12 05:27:05.532,0.96706,0.96712,2.07,2.25
2013.06.12 05:27:05.891,0.96702,0.9671,3.57,3.00
2013.06.12 05:27:05.952,0.96703,0.9671,2.25,3.00
2013.06.12 05:27:06.131,0.96698,0.96705,1.50,2.25
2013.06.12 05:27:06.191,0.96697,0.96704,2.25,2.25
2013.06.12 05:27:06.491,0.96699,0.96706,2.25,1.50
2013.06.12 05:27:06.551,0.967,0.96706,2.25,1.50
2013.06.12 05:27:06.671,0.96703,0.9671,1.50,2.63
2013.06.12 05:27:07.205,0.96703,0.9671,2.25,1.50
2013.06.12 05:27:07.571,0.96706,0.9671,1.50,1.50
2013.06.12 05:27:07.691,0.96707,0.96713,1.50,2.25
2013.06.12 05:27:08.110,0.96708,0.96715,1.50,2.44
2013.06.12 05:27:08.771,0.96707,0.96714,2.25,2.25
2013.06.12 05:27:09.081,0.96706,0.96713,2.25,2.25
2013.06.12 05:27:09.141,0.96706,0.96709,1.50,2.25
2013.06.12 05:27:09.801,0.96706,0.96709,2.25,2.25
2013.06.12 05:27:10.340,0.96706,0.96708,1.50,1.50
2013.06.12 05:27:10.831,0.96706,0.9671,1.50,1.50
2013.06.12 05:27:11.012,0.96704,0.9671,1.69,1.50
2013.06.12 05:27:11.071,0.96703,0.96708,1.32,2.25
2013.06.12 05:27:11.491,0.96705,0.96708,1.50,2.25
2013.06.12 05:27:11.612,0.96706,0.96709,1.50,1.50
2013.06.12 05:27:11.733,0.96705,0.96711,1.69,1.35
2013.06.12 05:27:14.501,0.96704,0.96712,2.07,3.68
2013.06.12 05:27:14.561,0.96705,0.96708,1.50,2.48
2013.06.12 05:27:14.922,0.96689,0.96695,2.44,2.93
2013.06.12 05:27:15.041,0.96688,0.96692,1.69,2.85
2013.06.12 05:27:15.221,0.96688,0.96694,3.19,1.35
2013.06.12 05:27:15.761,0.96688,0.96695,2.25,2.18
2013.06.12 05:27:15.821,0.96688,0.96696,3.00,2.37
2013.06.12 05:27:15.941,0.96688,0.96696,1.50,3.79
2013.06.12 05:27:16.301,0.96687,0.96693,3.00,2.93
2013.06.12 05:27:16.361,0.96686,0.96691,2.44,1.35
2013.06.12 05:27:16.791,0.96684,0.9669,1.50,2.25
2013.06.12 05:27:17.031,0.96682,0.96688,2.25,1.50
2013.06.12 05:27:17.151,0.96681,0.96687,1.88,1.50
2013.06.12 05:27:17.771,0.96679,0.96687,2.25,3.00
2013.06.12 05:27:19.261,0.96679,0.96686,1.50,1.50
2013.06.12 05:27:19.384,0.96679,0.96685,1.50,1.69
2013.06.12 05:27:19.632,0.96679,0.96687,1.69,3.00
2013.06.12 05:27:19.694,0.96679,0.96685,1.69,1.50
2013.06.12 05:27:20.122,0.9668,0.96687,1.50,2.25
2013.06.12 05:27:22.920,0.9668,0.96687,3.00,3.00
2013.06.12 05:27:24.351,0.96684,0.96688,1.50,1.69
2013.06.12 05:27:26.000,0.96682,0.96688,1.50,2.25
2013.06.12 05:27:27.140,0.96682,0.96689,1.50,3.38
2013.06.12 05:27:29.390,0.96682,0.96689,1.50,2.63
2013.06.12 05:27:31.431,0.96683,0.96689,2.25,1.13
2013.06.12 05:27:31.670,0.96686,0.9669,1.50,1.50
2013.06.12 05:27:31.730,0.96686,0.96692,1.50,2.82
2013.06.12 05:27:31.857,0.96687,0.96694,2.44,1.50
2013.06.12 05:27:31.924,0.9669,0.96695,1.50,1.50
2013.06.12 05:27:33.741,0.9669,0.96697,1.50,2.82
2013.06.12 05:27:34.910,0.96692,0.96697,1.50,1.32
2013.06.12 05:27:35.031,0.96693,0.96699,2.25,2.07
2013.06.12 05:27:35.091,0.96695,0.96701,2.25,3.19
2013.06.12 05:27:35.450,0.96699,0.96701,1.50,1.50
