2014.10.16 15:00:00.057,1.0609,1.06093,1.00,1.00
2014.10.16 15:00:00.158,1.06088,1.06092,2.25,1.00
2014.10.16 15:00:00.362,1.06088,1.0609,1.50,1.00
2014.10.16 15:00:00.414,1.06086,1.06089,3.94,1.00
2014.10.16 15:00:00.465,1.06088,1.0609,1.25,1.00
2014.10.16 15:00:00.566,1.06086,1.0609,3.94,1.00
2014.10.16 15:00:00.617,1.06088,1.06091,1.00,2.25
2014.10.16 15:00:01.124,1.06089,1.06092,2.44,1.00
2014.10.16 15:00:01.984,1.06089,1.06091,1.00,1.00
2014.10.16 15:00:02.692,1.06089,1.0609,1.00,1.00
2014.10.16 15:00:03.204,1.06088,1.0609,1.00,1.00
2014.10.16 15:00:03.711,1.0609,1.06092,1.00,1.69
2014.10.16 15:00:04.016,1.06095,1.06099,9.25,1.00
2014.10.16 15:00:04.523,1.06096,1.06098,4.00,2.25
2014.10.16 15:00:05.028,1.06094,1.06097,3.00,1.00
2014.10.16 15:00:06.202,1.06092,1.06096,6.75,1.00
2014.10.16 15:00:06.254,1.06091,1.06094,1.50,1.50
2014.10.16 15:00:06.355,1.06093,1.06096,1.00,1.50
2014.10.16 15:00:06.458,1.06091,1.06095,1.50,1.50
2014.10.16 15:00:06.509,1.06093,1.06095,1.00,1.50
2014.10.16 15:00:06.814,1.06096,1.06099,1.00,1.00
2014.10.16 15:00:07.117,1.06095,1.06097,1.00,1.00
2014.10.16 15:00:07.420,1.06096,1.06099,4.75,1.00
2014.10.16 15:00:07.471,1.06096,1.06099,1.00,1.50
2014.10.16 15:00:07.624,1.06092,1.06096,1.00,2.50
2014.10.16 15:00:07.675,1.06091,1.06094,1.50,1.00
2014.10.16 15:00:07.777,1.06093,1.06096,1.50,1.50
2014.10.16 15:00:08.196,1.06088,1.06093,6.19,4.19
2014.10.16 15:00:08.451,1.06089,1.06094,1.50,1.50
2014.10.16 15:00:08.654,1.06089,1.06092,1.50,1.00
2014.10.16 15:00:08.756,1.06089,1.06094,2.25,2.44
2014.10.16 15:00:09.060,1.06088,1.06091,4.69,1.00
2014.10.16 15:00:09.162,1.06088,1.06093,5.44,2.44
2014.10.16 15:00:09.366,1.06091,1.06094,1.00,1.50
2014.10.16 15:00:09.670,1.06092,1.06094,1.00,1.00
2014.10.16 15:00:09.771,1.06094,1.06096,1.00,1.00
2014.10.16 15:00:10.278,1.06095,1.06097,1.00,1.50
2014.10.16 15:00:11.393,1.06095,1.06098,2.25,1.50
2014.10.16 15:00:13.773,1.06093,1.06096,3.00,3.19
2014.10.16 15:00:13.824,1.0609,1.06092,1.00,1.00
2014.10.16 15:00:13.876,1.06089,1.0609,1.00,1.00
2014.10.16 15:00:13.977,1.06087,1.0609,1.50,1.00
2014.10.16 15:00:14.483,1.06086,1.0609,3.00,1.00
2014.10.16 15:00:14.788,1.06088,1.06089,1.00,1.00
2014.10.16 15:00:14.991,1.06086,1.06089,1.50,1.50
2014.10.16 15:00:15.598,1.06086,1.06088,1.00,1.00
2014.10.16 15:00:16.107,1.06086,1.0609,2.25,1.50
2014.10.16 15:00:16.209,1.06089,1.06091,1.00,1.00
2014.10.16 15:00:16.513,1.06087,1.06089,1.00,1.00
2014.10.16 15:00:16.615,1.06085,1.06089,1.00,2.25
2014.10.16 15:00:17.124,1.06086,1.06089,1.50,3.19
2014.10.16 15:00:18.035,1.06086,1.06087,1.00,1.00
2014.10.16 15:00:18.643,1.06086,1.06088,1.00,1.69
2014.10.16 15:00:18.946,1.06082,1.06086,3.00,2.50
2014.10.16 15:00:18.997,1.06081,1.06084,2.25,1.00
2014.10.16 15:00:19.048,1.06083,1.06085,1.00,1.50
2014.10.16 15:00:19.099,1.06084,1.06087,1.50,1.00
2014.10.16 15:00:19.605,1.06083,1.06085,1.00,1.00
2014.10.16 15:00:20.132,1.06084,1.06087,1.00,2.25
2014.10.16 15:00:20.435,1.06081,1.06084,3.00,2.50
2014.10.16 15:00:20.688,1.06078,1.0608,1.00,2.25
2014.10.16 15:00:20.739,1.06075,1.06079,1.50,1.00
2014.10.16 15:00:22.105,1.06077,1.06079,1.00,1.00
2014.10.16 15:00:22.409,1.06085,1.06087,1.00,1.00
2014.10.16 15:00:22.561,1.06086,1.06089,2.25,1.50
2014.10.16 15:00:22.613,1.06087,1.06089,1.00,1.50
2014.10.16 15:00:22.917,1.06089,1.06091,1.50,1.00
2014.10.16 15:00:22.968,1.0609,1.06093,1.50,1.50
2014.10.16 15:00:23.221,1.06088,1.06091,2.25,1.00
2014.10.16 15:00:23.706,1.06088,1.06092,5.50,1.50
2014.10.16 15:00:23.809,1.0609,1.06093,1.50,1.00
2014.10.16 15:00:23.910,1.06091,1.06093,1.00,1.00
2014.10.16 15:00:24.113,1.06088,1.06091,1.50,1.00
2014.10.16 15:00:24.417,1.06086,1.06089,2.25,1.00
2014.10.16 15:00:24.721,1.06089,1.0609,1.00,1.50
2014.10.16 15:00:24.873,1.06089,1.06092,1.00,3.19
2014.10.16 15:00:24.924,1.0609,1.06092,1.00,1.69
2014.10.16 15:00:25.228,1.06092,1.06094,3.25,1.00
2014.10.16 15:00:25.634,1.06091,1.06094,2.25,1.00
2014.10.16 15:00:26.191,1.06091,1.06095,1.50,1.50
2014.10.16 15:00:26.545,1.06093,1.06095,1.00,1.00
2014.10.16 15:00:27.051,1.06093,1.06096,1.00,1.00
2014.10.16 15:00:27.758,1.06094,1.06096,1.00,1.00
2014.10.16 15:00:28.063,1.06095,1.06099,2.50,1.25
2014.10.16 15:00:28.468,1.06094,1.06096,1.00,1.00
2014.10.16 15:00:28.895,1.06095,1.06097,1.00,1.00
2014.10.16 15:00:28.947,1.06097,1.06099,1.50,1.00
2014.10.16 15:00:29.149,1.06093,1.06098,4.50,1.00
2014.10.16 15:00:29.302,1.0609,1.06093,1.50,1.00
2014.10.16 15:00:29.555,1.06089,1.06091,1.00,1.00
2014.10.16 15:00:30.062,1.06088,1.06092,1.50,2.25
2014.10.16 15:00:30.416,1.06086,1.06089,2.25,1.00
2014.10.16 15:00:30.922,1.06086,1.06089,1.00,1.00
2014.10.16 15:00:30.973,1.06087,1.0609,1.00,2.25
2014.10.16 15:00:31.226,1.06086,1.06088,1.00,1.00
2014.10.16 15:00:31.529,1.06088,1.06093,9.94,1.00
2014.10.16 15:00:31.681,1.06092,1.06093,1.50,1.00
2014.10.16 15:00:32.187,1.06092,1.06094,1.00,1.00
2014.10.16 15:00:32.642,1.06088,1.06091,1.00,1.00
2014.10.16 15:00:32.947,1.06085,1.0609,1.50,3.75
2014.10.16 15:00:33.457,1.06086,1.06089,1.50,1.00
2014.10.16 15:00:33.966,1.06086,1.06087,1.50,1.00
2014.10.16 15:00:34.018,1.06081,1.06086,1.00,2.50
2014.10.16 15:00:34.069,1.06081,1.06082,1.00,1.00
2014.10.16 15:00:34.221,1.06077,1.06081,2.25,1.00
2014.10.16 15:00:34.616,1.06079,1.06082,1.00,1.00
2014.10.16 15:00:34.869,1.06081,1.06083,1.00,1.00
2014.10.16 15:00:35.072,1.06083,1.06085,1.00,1.50
2014.10.16 15:00:35.123,1.06083,1.06086,1.00,1.00
2014.10.16 15:00:35.628,1.06085,1.06086,1.00,1.00
2014.10.16 15:00:35.831,1.06085,1.06088,1.00,3.00
2014.10.16 15:00:36.286,1.06081,1.06085,1.00,1.00
2014.10.16 15:00:36.337,1.06081,1.06082,1.00,1.50
2014.10.16 15:00:36.388,1.06079,1.06082,2.25,2.25
2014.10.16 15:00:36.540,1.06081,1.06084,1.00,1.00
2014.10.16 15:00:36.642,1.0608,1.06082,1.00,1.50
2014.10.16 15:00:37.147,1.06079,1.06082,1.00,1.50
2014.10.16 15:00:37.249,1.0608,1.06082,1.00,1.00
2014.10.16 15:00:37.553,1.06082,1.06085,1.00,1.00
2014.10.16 15:00:37.604,1.06082,1.06085,1.00,1.00
2014.10.16 15:00:37.655,1.06079,1.06082,1.50,1.50
2014.10.16 15:00:37.756,1.06077,1.06081,1.00,1.50
2014.10.16 15:00:38.274,1.06078,1.0608,1.00,1.00
2014.10.16 15:00:38.780,1.06077,1.06081,1.00,4.50
2014.10.16 15:00:39.185,1.06076,1.06079,1.00,1.50
2014.10.16 15:00:39.388,1.06075,1.06079,1.50,1.50
2014.10.16 15:00:39.895,1.06076,1.06079,1.00,1.50
2014.10.16 15:00:40.560,1.06074,1.06076,1.00,1.00
2014.10.16 15:00:40.611,1.06074,1.06076,1.00,1.50
2014.10.16 15:00:40.662,1.06071,1.06074,1.50,1.00
2014.10.16 15:00:40.915,1.06066,1.06069,1.00,2.25
2014.10.16 15:00:41.421,1.06066,1.06068,1.00,1.00
2014.10.16 15:00:41.979,1.06066,1.06068,1.00,1.00
2014.10.16 15:00:42.232,1.06068,1.06071,3.00,1.00
2014.10.16 15:00:42.334,1.0607,1.06073,1.50,1.50
2014.10.16 15:00:44.154,1.06071,1.06073,1.00,1.00
2014.10.16 15:00:44.508,1.06072,1.06075,1.00,1.50
2014.10.16 15:00:45.331,1.06073,1.06075,1.00,1.00
2014.10.16 15:00:45.484,1.06075,1.06076,1.00,1.00
2014.10.16 15:00:45.737,1.06075,1.06078,1.00,1.00
2014.10.16 15:00:46.197,1.06076,1.0608,1.00,3.94
2014.10.16 15:00:47.007,1.06077,1.0608,1.00,3.75
2014.10.16 15:00:47.462,1.06078,1.0608,1.00,2.25
2014.10.16 15:00:47.917,1.0608,1.06082,1.00,2.44
2014.10.16 15:00:48.170,1.06079,1.06082,1.50,2.44
2014.10.16 15:00:48.322,1.06081,1.06082,1.00,1.50
2014.10.16 15:00:48.626,1.06086,1.06088,1.00,1.00
2014.10.16 15:00:48.727,1.06087,1.06088,2.25,1.00
2014.10.16 15:00:49.244,1.06087,1.06089,2.25,1.50
2014.10.16 15:00:49.756,1.06087,1.06088,2.25,1.00
2014.10.16 15:00:50.009,1.06085,1.06087,1.00,1.50
2014.10.16 15:00:50.514,1.06084,1.06086,1.00,1.00
2014.10.16 15:00:50.616,1.06085,1.06087,1.00,1.00
2014.10.16 15:00:51.222,1.06084,1.06086,1.00,1.00
2014.10.16 15:00:51.727,1.06084,1.06087,1.00,3.75
2014.10.16 15:00:52.312,1.06083,1.06087,1.50,3.00
2014.10.16 15:00:52.616,1.06084,1.06085,1.00,1.00
2014.10.16 15:00:52.971,1.06084,1.06087,1.50,1.00
2014.10.16 15:00:53.477,1.06084,1.06088,1.50,6.19
2014.10.16 15:00:53.679,1.06083,1.06085,1.50,1.00
2014.10.16 15:00:53.983,1.06076,1.06078,1.50,1.00
2014.10.16 15:00:54.488,1.06077,1.06078,1.00,1.00
2014.10.16 15:00:54.539,1.06074,1.06078,1.00,2.25
2014.10.16 15:00:54.591,1.06073,1.06075,1.00,1.00
2014.10.16 15:00:55.551,1.06074,1.06075,1.00,1.00
2014.10.16 15:00:55.956,1.06072,1.06074,1.50,1.00
2014.10.16 15:00:56.057,1.06069,1.06072,2.25,1.00
2014.10.16 15:00:56.362,1.0607,1.06072,1.00,1.00
2014.10.16 15:00:56.514,1.06071,1.06074,1.00,1.50
2014.10.16 15:00:56.768,1.06073,1.06076,1.50,2.25
2014.10.16 15:00:57.281,1.06075,1.06076,1.00,1.00
2014.10.16 15:00:58.024,1.06074,1.06075,1.00,1.00
2014.10.16 15:00:58.378,1.06074,1.06079,1.50,3.00
2014.10.16 15:00:59.195,1.06072,1.06075,1.50,1.50
2014.10.16 15:00:59.296,1.06072,1.06074,1.00,1.50
2014.10.16 15:00:59.801,1.06073,1.06074,1.00,1.00
2014.10.16 15:01:00.610,1.06073,1.06076,1.00,1.00
2014.10.16 15:01:00.812,1.06075,1.06079,5.50,1.50
2014.10.16 15:01:00.914,1.06077,1.06083,6.25,1.00
2014.10.16 15:01:01.015,1.0608,1.06085,6.25,1.00
2014.10.16 15:01:01.167,1.06083,1.06084,1.00,1.00
2014.10.16 15:01:01.370,1.06084,1.06086,1.00,1.50
2014.10.16 15:01:01.623,1.06085,1.06088,1.00,3.00
2014.10.16 15:01:01.826,1.06086,1.06089,5.25,1.00
2014.10.16 15:01:01.927,1.06088,1.06089,1.00,1.00
2014.10.16 15:01:03.025,1.06089,1.06091,1.00,3.19
2014.10.16 15:01:03.228,1.0609,1.06094,2.50,2.44
2014.10.16 15:01:03.734,1.06092,1.06094,1.50,1.00
2014.10.16 15:01:03.785,1.06093,1.06096,1.50,1.50
2014.10.16 15:01:04.890,1.06093,1.06095,1.50,1.00
2014.10.16 15:01:04.941,1.06092,1.06093,1.00,1.00
2014.10.16 15:01:05.042,1.06089,1.06092,2.25,1.00
2014.10.16 15:01:05.549,1.06088,1.06091,1.50,2.44
2014.10.16 15:01:05.651,1.06088,1.06089,1.50,1.00
2014.10.16 15:01:06.157,1.06088,1.0609,1.00,1.00
2014.10.16 15:01:06.359,1.06085,1.06088,2.25,1.00
2014.10.16 15:01:06.562,1.06084,1.06086,1.00,1.00
2014.10.16 15:01:07.068,1.06084,1.06087,1.50,1.50
2014.10.16 15:01:07.775,1.06081,1.06085,1.00,4.00
2014.10.16 15:01:07.826,1.0608,1.06082,1.00,1.00
2014.10.16 15:01:07.978,1.06077,1.0608,1.50,1.00
2014.10.16 15:01:08.383,1.06079,1.0608,1.00,1.50
2014.10.16 15:01:08.535,1.06081,1.06083,1.00,2.25
2014.10.16 15:01:08.838,1.06081,1.06085,1.00,1.50
2014.10.16 15:01:09.091,1.06083,1.06085,1.00,1.00
2014.10.16 15:01:09.192,1.06084,1.06087,1.00,3.75
2014.10.16 15:01:10.222,1.06082,1.06086,1.00,4.50
2014.10.16 15:01:10.880,1.06083,1.06086,1.50,1.00
2014.10.16 15:01:10.931,1.06083,1.06088,1.50,4.69
2014.10.16 15:01:10.982,1.06085,1.06088,1.00,3.94
2014.10.16 15:01:11.286,1.06087,1.06089,1.50,1.00
2014.10.16 15:01:11.792,1.06088,1.06089,1.00,1.00
2014.10.16 15:01:11.996,1.06089,1.06091,2.25,1.00
2014.10.16 15:01:12.505,1.06087,1.0609,1.00,1.50
2014.10.16 15:01:12.606,1.06085,1.06089,3.00,1.00
2014.10.16 15:01:12.960,1.06085,1.06087,1.50,1.00
2014.10.16 15:01:13.315,1.06083,1.06086,1.00,1.50
2014.10.16 15:01:13.820,1.0608,1.06084,4.50,3.00
2014.10.16 15:01:14.023,1.06077,1.0608,1.00,1.69
2014.10.16 15:01:14.225,1.06075,1.06079,1.00,3.19
2014.10.16 15:01:14.377,1.06074,1.06077,1.00,1.50
2014.10.16 15:01:15.135,1.06076,1.06077,1.50,1.50
2014.10.16 15:01:15.287,1.06076,1.06079,2.25,2.25
2014.10.16 15:01:15.642,1.06075,1.06077,1.00,1.00
2014.10.16 15:01:16.051,1.06072,1.06074,1.00,1.50
2014.10.16 15:01:16.254,1.06073,1.06076,1.00,1.00
2014.10.16 15:01:16.761,1.06074,1.06076,1.00,1.00
2014.10.16 15:01:17.267,1.06074,1.06077,1.00,1.50
2014.10.16 15:01:17.772,1.06075,1.06078,1.00,1.50
2014.10.16 15:01:18.481,1.06076,1.06078,1.00,1.00
2014.10.16 15:01:19.392,1.06075,1.06078,1.00,1.25
2014.10.16 15:01:20.302,1.06076,1.06078,1.00,1.00
2014.10.16 15:01:20.454,1.06076,1.06081,4.50,1.50
2014.10.16 15:01:20.606,1.06081,1.06082,1.00,1.00
2014.10.16 15:01:20.960,1.06082,1.06086,1.50,1.00
2014.10.16 15:01:21.011,1.06085,1.06086,1.00,1.00
2014.10.16 15:01:21.466,1.06083,1.06085,1.00,1.50
2014.10.16 15:01:21.517,1.06081,1.06084,1.00,1.00
2014.10.16 15:01:21.820,1.06079,1.06083,1.00,1.00
2014.10.16 15:01:22.073,1.06079,1.0608,1.00,1.00
2014.10.16 15:01:22.581,1.06078,1.0608,1.50,1.00
2014.10.16 15:01:23.089,1.06077,1.06079,1.00,1.00
2014.10.16 15:01:23.595,1.06076,1.06078,1.00,1.00
2014.10.16 15:01:23.696,1.06074,1.06077,1.00,1.00
2014.10.16 15:01:23.748,1.06072,1.06076,1.00,3.00
2014.10.16 15:01:24.053,1.06064,1.06068,3.00,3.19
2014.10.16 15:01:24.104,1.06065,1.06068,1.00,1.00
2014.10.16 15:01:24.256,1.0605,1.06062,1.50,1.00
2014.10.16 15:01:24.711,1.06058,1.06067,3.00,1.27
2014.10.16 15:01:24.914,1.06063,1.06066,1.00,2.25
2014.10.16 15:01:25.217,1.06066,1.06069,1.00,1.25
2014.10.16 15:01:25.268,1.06066,1.06068,1.00,1.00
2014.10.16 15:01:25.369,1.06067,1.0607,1.50,1.00
2014.10.16 15:01:25.471,1.06068,1.06072,1.00,2.25
2014.10.16 15:01:25.724,1.06068,1.06069,1.00,1.00
2014.10.16 15:01:25.825,1.06065,1.06069,1.50,1.50
2014.10.16 15:01:26.331,1.06064,1.06068,1.00,1.00
2014.10.16 15:01:26.836,1.06065,1.06068,1.00,1.50
2014.10.16 15:01:27.631,1.06063,1.06068,3.00,1.50
2014.10.16 15:01:29.096,1.06063,1.06067,2.25,1.00
2014.10.16 15:01:29.450,1.06065,1.06067,1.00,1.00
2014.10.16 15:01:29.754,1.06059,1.06062,2.25,1.00
2014.10.16 15:01:30.057,1.06061,1.06064,1.50,1.00
2014.10.16 15:01:30.259,1.06063,1.06065,1.00,1.00
2014.10.16 15:01:30.715,1.06065,1.06067,1.00,1.00
2014.10.16 15:01:30.969,1.06069,1.06073,1.00,1.00
2014.10.16 15:01:31.020,1.06072,1.06074,1.00,1.50
2014.10.16 15:01:31.222,1.06073,1.06076,1.50,1.50
2014.10.16 15:01:31.375,1.06075,1.06076,1.00,1.00
2014.10.16 15:01:32.286,1.06075,1.06078,1.00,1.00
2014.10.16 15:01:32.720,1.06076,1.06078,1.00,1.50
2014.10.16 15:01:33.226,1.06077,1.06079,1.00,2.44
2014.10.16 15:01:33.782,1.06077,1.06079,1.00,1.00
2014.10.16 15:01:34.086,1.06081,1.06085,5.69,1.00
2014.10.16 15:01:34.137,1.06084,1.06086,1.00,1.00
2014.10.16 15:01:34.643,1.06084,1.06087,1.50,1.00
2014.10.16 15:01:34.744,1.06085,1.06089,1.00,1.50
2014.10.16 15:01:34.946,1.06084,1.06087,1.00,1.25
2014.10.16 15:01:35.098,1.06082,1.06087,5.44,2.44
2014.10.16 15:01:35.200,1.06081,1.06083,1.00,1.00
2014.10.16 15:01:35.251,1.06082,1.06084,1.00,3.94
2014.10.16 15:01:35.352,1.06077,1.06082,1.00,1.50
2014.10.16 15:01:35.403,1.06077,1.06079,1.00,1.50
2014.10.16 15:01:35.505,1.06075,1.06079,1.00,3.00
2014.10.16 15:01:36.214,1.06075,1.06077,1.00,1.00
2014.10.16 15:01:36.466,1.06071,1.06074,3.00,1.00
2014.10.16 15:01:36.517,1.06073,1.06076,1.00,1.50
2014.10.16 15:01:37.022,1.06073,1.06075,1.00,1.00
2014.10.16 15:01:37.326,1.06073,1.06076,1.00,1.00
2014.10.16 15:01:37.427,1.06073,1.06075,1.00,1.00
2014.10.16 15:01:37.832,1.06068,1.06073,1.50,5.50
2014.10.16 15:01:38.181,1.06068,1.0607,1.50,3.75
2014.10.16 15:01:38.233,1.06068,1.0607,1.00,1.00
2014.10.16 15:01:38.335,1.06069,1.06072,1.00,1.00
2014.10.16 15:01:38.842,1.06071,1.06072,1.00,1.00
2014.10.16 15:01:38.944,1.06071,1.06075,1.00,2.25
2014.10.16 15:01:39.045,1.06069,1.06072,2.25,5.50
2014.10.16 15:01:39.350,1.06071,1.06074,4.75,1.00
2014.10.16 15:01:39.756,1.06071,1.06075,1.50,2.25
2014.10.16 15:01:40.060,1.06073,1.06076,1.50,1.50
2014.10.16 15:01:40.364,1.06071,1.06073,1.00,1.50
2014.10.16 15:01:40.416,1.06068,1.06071,1.50,1.00
2014.10.16 15:01:40.669,1.0607,1.06071,1.00,1.00
2014.10.16 15:01:40.720,1.0607,1.06073,1.00,2.25
2014.10.16 15:01:41.226,1.06071,1.06073,1.00,1.50
2014.10.16 15:01:41.959,1.06072,1.06073,1.00,1.00
2014.10.16 15:01:42.060,1.06073,1.06075,1.00,1.00
2014.10.16 15:01:42.164,1.06077,1.0608,1.00,1.50
2014.10.16 15:01:42.367,1.06077,1.0608,2.25,3.00
2014.10.16 15:01:42.877,1.06076,1.06079,1.00,2.25
2014.10.16 15:01:43.844,1.06076,1.06078,1.00,1.00
2014.10.16 15:01:44.097,1.06073,1.06077,1.50,2.25
2014.10.16 15:01:44.148,1.06073,1.06075,1.00,1.00
2014.10.16 15:01:44.452,1.06068,1.0607,1.50,1.00
2014.10.16 15:01:44.756,1.0607,1.06072,1.00,1.00
2014.10.16 15:01:45.262,1.06072,1.06074,1.00,1.00
2014.10.16 15:01:45.783,1.06073,1.06074,1.00,1.00
2014.10.16 15:01:46.087,1.0607,1.06072,1.50,1.00
2014.10.16 15:01:46.239,1.06067,1.06071,1.00,1.50
2014.10.16 15:01:46.390,1.06069,1.06071,1.50,1.50
2014.10.16 15:01:46.593,1.0607,1.06073,1.50,1.00
2014.10.16 15:01:46.997,1.06072,1.06074,1.00,1.00
2014.10.16 15:01:47.098,1.06074,1.06076,1.00,1.50
2014.10.16 15:01:47.453,1.06074,1.06078,1.00,1.50
2014.10.16 15:01:47.606,1.06073,1.06076,1.00,1.00
2014.10.16 15:01:47.910,1.06069,1.06073,1.00,1.50
2014.10.16 15:01:48.011,1.0607,1.06071,1.00,1.00
2014.10.16 15:01:48.163,1.0607,1.06073,1.50,1.00
2014.10.16 15:01:48.568,1.06069,1.06071,1.00,1.00
2014.10.16 15:01:49.025,1.0607,1.06074,1.00,3.00
2014.10.16 15:01:49.177,1.06073,1.06075,1.00,1.00
2014.10.16 15:01:49.476,1.06075,1.06077,1.00,1.50
2014.10.16 15:01:49.527,1.06075,1.06079,1.00,2.25
2014.10.16 15:01:49.679,1.06073,1.06077,2.25,1.00
2014.10.16 15:01:49.984,1.06073,1.06075,1.00,1.00
2014.10.16 15:01:51.956,1.06072,1.06075,1.50,1.00
2014.10.16 15:01:52.260,1.06066,1.06069,1.50,1.50
2014.10.16 15:01:52.311,1.06066,1.06069,1.00,2.25
2014.10.16 15:01:52.463,1.06063,1.06067,2.25,1.50
2014.10.16 15:01:52.513,1.06063,1.06065,1.00,1.00
2014.10.16 15:01:53.069,1.06063,1.06066,1.50,1.50
2014.10.16 15:01:54.489,1.06065,1.06066,1.00,1.50
2014.10.16 15:01:54.793,1.06071,1.06073,2.50,1.00
2014.10.16 15:01:54.844,1.06072,1.06073,1.00,1.00
2014.10.16 15:01:55.446,1.06071,1.06074,2.25,2.44
2014.10.16 15:01:56.365,1.06073,1.06074,1.00,1.50
2014.10.16 15:01:56.881,1.06073,1.06075,1.00,1.00
2014.10.16 15:01:57.701,1.06072,1.06075,1.50,1.00
2014.10.16 15:01:58.868,1.06073,1.06075,1.00,1.00
2014.10.16 15:01:59.323,1.06074,1.06077,1.50,2.25
2014.10.16 15:01:59.845,1.06073,1.06077,1.50,2.25
2014.10.16 15:02:00.364,1.06073,1.06076,1.00,1.00
2014.10.16 15:02:00.870,1.06074,1.06077,1.00,2.25
2014.10.16 15:02:01.853,1.06074,1.06076,1.00,1.00
2014.10.16 15:02:01.904,1.06072,1.06074,1.00,1.00
2014.10.16 15:02:02.916,1.0607,1.06072,1.50,1.00
2014.10.16 15:02:03.219,1.06068,1.06072,4.69,2.44
2014.10.16 15:02:03.422,1.06068,1.0607,1.00,1.00
2014.10.16 15:02:03.927,1.06068,1.06071,1.00,1.00
2014.10.16 15:02:03.977,1.06068,1.06072,1.00,1.50
2014.10.16 15:02:04.281,1.06067,1.06071,3.75,1.00
2014.10.16 15:02:04.332,1.06067,1.06068,1.00,1.00
2014.10.16 15:02:04.535,1.06066,1.0607,3.00,1.00
2014.10.16 15:02:05.040,1.06066,1.06069,1.50,1.00
2014.10.16 15:02:05.142,1.06066,1.06067,1.00,1.00
2014.10.16 15:02:05.243,1.06063,1.06066,2.25,1.00
2014.10.16 15:02:05.748,1.06062,1.06065,1.00,1.00
2014.10.16 15:02:08.050,1.06063,1.06065,1.00,1.00
2014.10.16 15:02:08.553,1.06063,1.06066,1.50,3.00
2014.10.16 15:02:09.060,1.06062,1.06065,1.00,1.00
2014.10.16 15:02:10.476,1.06062,1.06063,1.00,1.00
2014.10.16 15:02:10.578,1.06058,1.06061,3.75,1.00
2014.10.16 15:02:10.628,1.06059,1.06061,1.00,1.00
2014.10.16 15:02:11.134,1.0606,1.06062,1.00,1.00
2014.10.16 15:02:11.488,1.06062,1.06066,1.00,3.00
2014.10.16 15:02:11.540,1.06063,1.06066,1.50,1.50
2014.10.16 15:02:12.046,1.06063,1.06067,2.25,1.00
2014.10.16 15:02:12.097,1.06064,1.06067,1.00,1.00
2014.10.16 15:02:12.603,1.06064,1.06067,1.00,1.50
2014.10.16 15:02:12.957,1.06063,1.06065,1.50,1.00
2014.10.16 15:02:13.262,1.06059,1.06061,1.00,1.00
2014.10.16 15:02:13.415,1.06056,1.06059,1.50,1.00
2014.10.16 15:02:13.617,1.06058,1.0606,1.00,3.94
2014.10.16 15:02:13.922,1.06051,1.06053,1.50,1.00
2014.10.16 15:02:14.276,1.06049,1.06051,1.00,1.00
2014.10.16 15:02:14.781,1.06049,1.06052,1.00,2.25
2014.10.16 15:02:15.130,1.06052,1.06055,1.50,1.00
2014.10.16 15:02:15.635,1.06052,1.06056,1.00,1.50
2014.10.16 15:02:16.899,1.06052,1.06055,1.00,1.00
2014.10.16 15:02:17.354,1.06048,1.06053,6.00,1.00
2014.10.16 15:02:17.456,1.06047,1.06049,1.50,1.50
2014.10.16 15:02:17.507,1.06044,1.06048,1.00,3.25
2014.10.16 15:02:17.608,1.06041,1.06044,2.25,1.50
2014.10.16 15:02:17.861,1.06043,1.06046,1.00,2.25
2014.10.16 15:02:18.165,1.06048,1.06051,1.50,1.00
2014.10.16 15:02:18.266,1.06048,1.06053,1.50,2.25
2014.10.16 15:02:20.189,1.06048,1.06049,1.00,1.50
2014.10.16 15:02:20.391,1.06044,1.06047,1.50,2.25
2014.10.16 15:02:20.493,1.06041,1.06046,2.25,2.25
2014.10.16 15:02:20.897,1.06043,1.06046,1.00,4.69
2014.10.16 15:02:21.344,1.06045,1.06046,2.25,3.94
2014.10.16 15:02:21.648,1.06047,1.0605,1.00,1.50
2014.10.16 15:02:21.901,1.0605,1.06053,1.00,1.00
2014.10.16 15:02:22.406,1.06049,1.06053,2.25,1.00
2014.10.16 15:02:22.913,1.06049,1.06052,1.50,1.00
2014.10.16 15:02:23.266,1.0605,1.06054,1.00,2.25
2014.10.16 15:02:23.621,1.06052,1.06055,1.00,1.00
2014.10.16 15:02:23.925,1.06054,1.06056,1.00,1.00
2014.10.16 15:02:25.171,1.06053,1.06055,1.00,1.00
2014.10.16 15:02:25.690,1.06053,1.06056,2.25,1.00
2014.10.16 15:02:26.836,1.06055,1.06059,2.50,2.25
2014.10.16 15:02:27.195,1.06057,1.06059,1.00,1.00
2014.10.16 15:02:27.247,1.06054,1.06057,1.00,1.00
2014.10.16 15:02:27.399,1.06052,1.06057,1.50,3.75
2014.10.16 15:02:27.918,1.06052,1.06056,1.50,1.00
2014.10.16 15:02:28.947,1.06052,1.06057,1.50,3.75
2014.10.16 15:02:29.647,1.06052,1.06056,1.00,1.50
2014.10.16 15:02:30.152,1.06052,1.06055,1.00,1.00
2014.10.16 15:02:30.708,1.06051,1.06055,2.25,1.50
2014.10.16 15:02:32.837,1.06051,1.06054,1.50,1.00
2014.10.16 15:02:33.234,1.06051,1.06052,1.50,1.00
2014.10.16 15:02:33.436,1.06051,1.06054,1.50,1.00
2014.10.16 15:02:34.043,1.06051,1.06053,1.50,1.00
2014.10.16 15:02:34.295,1.06049,1.06051,1.50,1.00
2014.10.16 15:02:34.397,1.06045,1.06048,1.50,1.00
2014.10.16 15:02:34.548,1.06042,1.06046,1.00,1.00
2014.10.16 15:02:34.700,1.06045,1.06048,1.00,1.00
2014.10.16 15:02:34.903,1.06045,1.06048,1.50,1.00
2014.10.16 15:02:35.207,1.06043,1.06048,3.00,1.00
2014.10.16 15:02:35.712,1.06044,1.06047,1.00,1.00
2014.10.16 15:02:35.814,1.06046,1.06048,1.00,1.00
2014.10.16 15:02:35.865,1.06047,1.0605,1.00,2.25
2014.10.16 15:02:36.067,1.06047,1.06048,1.50,1.00
2014.10.16 15:02:36.118,1.06045,1.06047,1.50,1.00
2014.10.16 15:02:36.321,1.06043,1.06046,2.25,1.00
2014.10.16 15:02:36.422,1.06042,1.06043,1.00,1.00
2014.10.16 15:02:36.524,1.0604,1.06044,1.00,1.50
2014.10.16 15:02:36.829,1.0604,1.06041,1.00,1.50
2014.10.16 15:02:36.930,1.06038,1.06041,1.00,1.50
2014.10.16 15:02:37.435,1.06037,1.0604,1.00,1.00
2014.10.16 15:02:37.941,1.06036,1.06039,1.00,1.00
2014.10.16 15:02:38.244,1.06035,1.06037,1.50,1.00
2014.10.16 15:02:38.787,1.06031,1.06036,2.25,2.25
2014.10.16 15:02:39.092,1.0603,1.06033,1.00,1.00
2014.10.16 15:02:39.396,1.06028,1.06029,1.00,2.25
2014.10.16 15:02:39.650,1.06014,1.06018,1.00,1.25
2014.10.16 15:02:39.751,1.06013,1.06017,1.00,1.00
2014.10.16 15:02:40.155,1.06015,1.06016,1.00,1.25
2014.10.16 15:02:40.257,1.06016,1.06019,1.50,1.00
2014.10.16 15:02:40.460,1.06018,1.06022,1.00,1.00
2014.10.16 15:02:40.763,1.06021,1.06023,1.00,1.00
2014.10.16 15:02:40.965,1.06026,1.06029,3.00,1.00
2014.10.16 15:02:41.016,1.06028,1.06032,1.00,1.50
2014.10.16 15:02:41.168,1.06029,1.06031,1.00,1.00
2014.10.16 15:02:41.320,1.06024,1.06028,1.50,1.00
2014.10.16 15:02:41.573,1.06026,1.06028,1.00,1.00
2014.10.16 15:02:41.675,1.06027,1.0603,1.00,1.00
2014.10.16 15:02:42.081,1.06029,1.06031,1.00,1.00
2014.10.16 15:02:42.334,1.06031,1.06034,1.50,1.69
2014.10.16 15:02:42.486,1.06031,1.06034,1.50,1.69
2014.10.16 15:02:42.789,1.06013,1.06018,3.75,6.19
2014.10.16 15:02:42.841,1.06009,1.06013,1.00,1.00
2014.10.16 15:02:42.892,1.06009,1.06013,1.00,1.00
2014.10.16 15:02:43.347,1.06009,1.06011,1.00,1.00
2014.10.16 15:02:43.897,1.06008,1.06012,1.00,2.25
2014.10.16 15:02:44.201,1.06006,1.06012,2.25,2.25
2014.10.16 15:02:44.353,1.06009,1.06012,1.00,1.00
2014.10.16 15:02:44.808,1.06011,1.06013,1.00,1.00
2014.10.16 15:02:44.859,1.06011,1.06016,1.00,3.75
2014.10.16 15:02:44.960,1.06013,1.06016,1.00,1.50
2014.10.16 15:02:45.264,1.06015,1.06018,1.00,1.00
2014.10.16 15:02:45.467,1.0601,1.06014,1.00,1.00
2014.10.16 15:02:45.872,1.06007,1.06014,3.00,2.25
2014.10.16 15:02:46.378,1.06007,1.06013,2.25,3.00
2014.10.16 15:02:46.480,1.06005,1.06012,2.25,1.50
2014.10.16 15:02:47.037,1.06008,1.06012,1.00,1.50
2014.10.16 15:02:47.240,1.0601,1.06016,1.50,1.00
2014.10.16 15:02:47.442,1.0601,1.06013,1.00,1.50
2014.10.16 15:02:47.544,1.06007,1.06013,1.50,7.00
2014.10.16 15:02:49.079,1.06009,1.06013,1.00,4.00
2014.10.16 15:02:49.428,1.06007,1.06013,1.00,7.75
2014.10.16 15:02:50.288,1.06005,1.06009,1.50,1.00
2014.10.16 15:02:50.593,1.06007,1.06011,1.00,1.00
2014.10.16 15:02:51.353,1.06007,1.0601,1.00,2.44
2014.10.16 15:02:51.657,1.05997,1.06,1.00,1.25
2014.10.16 15:02:51.708,1.05995,1.06,2.25,1.25
2014.10.16 15:02:51.861,1.05996,1.05998,1.00,1.00
2014.10.16 15:02:51.962,1.05996,1.06,1.00,1.25
2014.10.16 15:02:52.265,1.05997,1.05998,1.00,1.00
2014.10.16 15:02:52.316,1.05995,1.05997,1.00,1.00
2014.10.16 15:02:52.367,1.05993,1.05996,2.25,1.00
2014.10.16 15:02:52.469,1.05993,1.05995,1.50,1.00
2014.10.16 15:02:52.722,1.05992,1.05994,1.50,1.00
2014.10.16 15:02:53.378,1.05994,1.05995,1.00,1.00
2014.10.16 15:02:53.682,1.05997,1.06002,5.50,3.00
2014.10.16 15:02:53.783,1.06001,1.06004,1.00,1.00
2014.10.16 15:02:53.885,1.06003,1.06005,1.00,1.00
2014.10.16 15:02:53.936,1.06003,1.06007,1.00,1.50
2014.10.16 15:02:54.087,1.06003,1.06005,1.50,1.00
2014.10.16 15:02:54.391,1.05986,1.0599,1.00,5.50
2014.10.16 15:02:54.442,1.05987,1.05989,1.00,1.50
2014.10.16 15:02:54.493,1.05986,1.05987,1.50,1.00
2014.10.16 15:02:54.595,1.05982,1.05986,3.00,1.69
2014.10.16 15:02:54.797,1.05982,1.05988,3.00,1.50
2014.10.16 15:02:55.192,1.05984,1.05988,1.00,1.50
2014.10.16 15:02:55.496,1.05987,1.0599,1.00,1.00
2014.10.16 15:02:55.751,1.05996,1.05999,2.25,1.00
2014.10.16 15:02:55.903,1.05997,1.06002,2.25,1.50
2014.10.16 15:02:56.005,1.05997,1.05999,1.50,1.00
2014.10.16 15:02:56.461,1.05997,1.06001,1.00,1.00
2014.10.16 15:02:56.563,1.05999,1.06003,1.00,3.00
2014.10.16 15:02:56.867,1.06004,1.06008,8.69,1.00
2014.10.16 15:02:56.919,1.06008,1.06012,1.00,2.17
2014.10.16 15:02:56.971,1.06006,1.06012,1.69,2.92
2014.10.16 15:02:57.022,1.06006,1.06012,1.00,3.67
2014.10.16 15:02:57.124,1.06005,1.06012,3.00,5.17
2014.10.16 15:02:57.631,1.06007,1.0601,1.00,1.42
2014.10.16 15:02:57.935,1.0601,1.06012,1.00,1.00
2014.10.16 15:02:58.189,1.06011,1.06015,1.00,2.25
2014.10.16 15:02:58.694,1.0601,1.06015,1.00,3.75
2014.10.16 15:02:59.048,1.0601,1.06012,1.00,1.00
2014.10.16 15:02:59.453,1.06008,1.0601,1.50,1.00
2014.10.16 15:02:59.983,1.06008,1.06012,1.50,1.00
2014.10.16 15:03:00.084,1.06009,1.06014,3.00,1.00
2014.10.16 15:03:00.388,1.06014,1.06017,2.44,1.00
2014.10.16 15:03:00.489,1.06014,1.0602,3.44,1.50
2014.10.16 15:03:01.168,1.06014,1.0602,5.69,1.00
2014.10.16 15:03:01.472,1.06024,1.06028,2.44,3.00
2014.10.16 15:03:01.523,1.06025,1.06031,3.75,1.50
2014.10.16 15:03:01.574,1.06026,1.06031,5.44,1.00
2014.10.16 15:03:01.777,1.0602,1.06024,2.25,1.00
2014.10.16 15:03:02.484,1.0602,1.06022,1.00,1.00
2014.10.16 15:03:02.687,1.06018,1.06021,2.44,1.00
2014.10.16 15:03:04.104,1.06017,1.06021,2.25,1.00
2014.10.16 15:03:05.064,1.06017,1.06021,5.75,1.00
2014.10.16 15:03:05.605,1.06017,1.06021,2.44,1.00
2014.10.16 15:03:06.013,1.06017,1.06019,1.25,1.00
2014.10.16 15:03:06.973,1.06016,1.06019,3.19,1.00
2014.10.16 15:03:08.040,1.06018,1.06023,1.00,1.50
2014.10.16 15:03:08.142,1.06022,1.06024,1.00,1.00
2014.10.16 15:03:08.243,1.06024,1.06026,1.50,1.50
2014.10.16 15:03:09.305,1.06024,1.06028,2.44,1.00
2014.10.16 15:03:10.224,1.06025,1.06028,1.00,1.00
2014.10.16 15:03:10.376,1.06026,1.0603,1.25,1.00
2014.10.16 15:03:10.579,1.06028,1.06032,1.00,3.19
2014.10.16 15:03:10.883,1.06031,1.06034,1.50,1.00
2014.10.16 15:03:11.352,1.06029,1.06034,1.00,1.00
2014.10.16 15:03:11.555,1.0603,1.06032,1.00,1.00
2014.10.16 15:03:12.061,1.06029,1.06033,2.25,1.00
2014.10.16 15:03:12.365,1.06034,1.06036,1.00,1.00
2014.10.16 15:03:12.416,1.06035,1.06038,1.00,3.75
2014.10.16 15:03:12.467,1.06035,1.06036,1.00,1.50
2014.10.16 15:03:12.619,1.06032,1.06036,2.25,1.50
2014.10.16 15:03:12.670,1.06034,1.06038,1.00,2.25
2014.10.16 15:03:12.974,1.06038,1.06041,1.00,1.00
2014.10.16 15:03:13.226,1.06038,1.06043,3.00,1.00
2014.10.16 15:03:13.328,1.0604,1.06043,1.00,1.50
2014.10.16 15:03:13.581,1.06031,1.06036,1.50,1.00
2014.10.16 15:03:13.683,1.06033,1.06036,1.00,1.00
2014.10.16 15:03:14.088,1.06034,1.06038,1.00,1.50
2014.10.16 15:03:14.189,1.06036,1.06039,1.00,1.00
2014.10.16 15:03:14.341,1.06037,1.06041,1.00,2.25
2014.10.16 15:03:14.544,1.06038,1.06043,1.50,1.50
2014.10.16 15:03:14.595,1.0604,1.06043,1.00,1.00
2014.10.16 15:03:15.100,1.06041,1.06044,1.00,1.00
2014.10.16 15:03:15.657,1.06039,1.06044,3.94,1.00
2014.10.16 15:03:15.709,1.06038,1.06041,1.50,1.00
2014.10.16 15:03:15.810,1.06039,1.06042,1.00,2.25
2014.10.16 15:03:16.316,1.0604,1.06042,1.00,1.00
2014.10.16 15:03:16.619,1.06041,1.06044,1.00,2.25
2014.10.16 15:03:17.634,1.06042,1.06045,1.50,1.50
2014.10.16 15:03:17.735,1.06045,1.06048,1.00,1.00
2014.10.16 15:03:17.786,1.06046,1.06048,1.50,1.00
2014.10.16 15:03:17.837,1.06047,1.0605,1.00,2.25
2014.10.16 15:03:18.090,1.06049,1.06051,1.00,1.50
2014.10.16 15:03:18.242,1.0605,1.06053,1.00,1.50
2014.10.16 15:03:18.445,1.0605,1.06051,1.00,1.00
2014.10.16 15:03:18.546,1.06048,1.06051,1.00,1.50
2014.10.16 15:03:19.052,1.06047,1.06049,2.44,1.00
2014.10.16 15:03:19.355,1.06043,1.06046,3.19,1.00
2014.10.16 15:03:19.507,1.06045,1.06046,1.00,1.00
2014.10.16 15:03:19.811,1.06044,1.06045,1.00,1.00
2014.10.16 15:03:19.963,1.06042,1.06045,1.00,1.00
2014.10.16 15:03:20.216,1.0604,1.06042,1.00,1.00
2014.10.16 15:03:20.369,1.06038,1.06041,2.25,1.00
2014.10.16 15:03:20.571,1.06036,1.0604,3.00,1.00
2014.10.16 15:03:21.077,1.06037,1.06042,1.50,1.00
2014.10.16 15:03:21.179,1.06039,1.06042,1.00,1.00
2014.10.16 15:03:21.786,1.0604,1.06043,2.25,1.00
2014.10.16 15:03:22.898,1.0604,1.06042,1.00,1.00
2014.10.16 15:03:23.100,1.06041,1.06045,1.00,1.50
2014.10.16 15:03:23.252,1.06041,1.06043,1.00,1.00
2014.10.16 15:03:23.657,1.06039,1.06042,2.25,1.00
2014.10.16 15:03:23.809,1.06037,1.06041,3.19,1.50
2014.10.16 15:03:24.314,1.06037,1.0604,3.19,1.00
2014.10.16 15:03:24.466,1.06039,1.06041,1.00,1.25
2014.10.16 15:03:24.975,1.06039,1.06043,1.50,1.00
2014.10.16 15:03:25.127,1.06042,1.06044,1.00,3.19
2014.10.16 15:03:25.228,1.0604,1.06044,1.50,3.19
2014.10.16 15:03:25.531,1.06042,1.06044,1.00,1.50
2014.10.16 15:03:26.037,1.06041,1.06043,1.00,1.00
2014.10.16 15:03:26.796,1.06041,1.06044,1.00,1.00
2014.10.16 15:03:27.099,1.06041,1.06044,1.00,1.00
2014.10.16 15:03:27.201,1.06045,1.06049,2.25,3.00
2014.10.16 15:03:27.505,1.06046,1.06051,3.94,2.25
2014.10.16 15:03:27.606,1.06048,1.06051,2.44,1.50
2014.10.16 15:03:27.707,1.06049,1.06053,1.50,1.00
2014.10.16 15:03:27.809,1.0605,1.06055,3.94,1.50
2014.10.16 15:03:28.718,1.06052,1.06055,2.25,1.00
2014.10.16 15:03:30.115,1.06053,1.06057,1.50,1.00
2014.10.16 15:03:30.368,1.06055,1.06057,1.00,1.00
2014.10.16 15:03:30.673,1.06062,1.06063,1.00,1.00
2014.10.16 15:03:30.723,1.06063,1.06065,1.00,1.50
2014.10.16 15:03:31.229,1.06062,1.06064,1.50,1.00
2014.10.16 15:03:31.584,1.06059,1.06062,1.50,1.00
2014.10.16 15:03:31.685,1.06057,1.06059,1.50,1.00
2014.10.16 15:03:31.837,1.06055,1.06057,1.25,1.00
2014.10.16 15:03:32.090,1.06056,1.06059,1.69,1.00
2014.10.16 15:03:32.596,1.06056,1.06058,1.00,1.00
2014.10.16 15:03:32.849,1.06054,1.06057,1.50,1.50
2014.10.16 15:03:33.304,1.06052,1.06057,4.69,1.50
2014.10.16 15:03:33.456,1.06052,1.06054,2.25,1.00
2014.10.16 15:03:33.608,1.06049,1.06052,2.25,1.00
2014.10.16 15:03:33.811,1.06047,1.06051,2.44,2.25
2014.10.16 15:03:34.318,1.06048,1.06051,1.00,1.50
2014.10.16 15:03:34.965,1.06049,1.06051,1.50,1.00
2014.10.16 15:03:35.572,1.0605,1.06051,1.00,1.00
2014.10.16 15:03:35.774,1.0605,1.06053,1.00,1.50
2014.10.16 15:03:35.976,1.06051,1.06055,1.00,2.25
2014.10.16 15:03:37.386,1.06054,1.06055,1.50,1.00
2014.10.16 15:03:37.690,1.06055,1.06058,1.00,2.25
2014.10.16 15:03:37.791,1.06053,1.06056,2.25,1.00
2014.10.16 15:03:38.297,1.06054,1.06057,1.00,1.50
2014.10.16 15:03:38.601,1.06053,1.06055,1.00,1.00
2014.10.16 15:03:39.128,1.06052,1.06055,1.50,1.50
2014.10.16 15:03:39.280,1.06053,1.06057,2.25,1.00
2014.10.16 15:03:40.291,1.06053,1.06056,1.00,1.00
2014.10.16 15:03:40.796,1.06053,1.06057,1.00,3.00
2014.10.16 15:03:41.398,1.06053,1.06055,1.00,1.00
2014.10.16 15:03:41.704,1.06051,1.06054,2.25,1.00
2014.10.16 15:03:42.212,1.06051,1.06053,1.00,1.00
2014.10.16 15:03:42.717,1.0605,1.06052,1.00,1.00
2014.10.16 15:03:42.920,1.06048,1.0605,1.50,1.00
2014.10.16 15:03:43.224,1.06046,1.06048,1.50,1.00
2014.10.16 15:03:43.528,1.06035,1.06038,1.00,10.69
2014.10.16 15:03:43.731,1.06029,1.06038,1.00,15.19
2014.10.16 15:03:43.782,1.06028,1.06033,1.00,5.50
2014.10.16 15:03:44.307,1.06027,1.06031,3.75,1.00
2014.10.16 15:03:44.890,1.06029,1.06032,1.00,1.00
2014.10.16 15:03:45.192,1.06031,1.06033,1.00,1.00
2014.10.16 15:03:45.696,1.06033,1.06034,1.00,1.00
2014.10.16 15:03:45.797,1.0603,1.06034,1.50,1.00
2014.10.16 15:03:45.949,1.06031,1.06033,1.00,1.00
2014.10.16 15:03:46.454,1.06031,1.06033,1.00,1.00
2014.10.16 15:03:46.606,1.06032,1.06035,2.25,1.00
2014.10.16 15:03:47.111,1.06032,1.06034,1.50,1.69
2014.10.16 15:03:47.660,1.06032,1.06033,1.50,1.00
2014.10.16 15:03:48.166,1.06032,1.06034,1.50,2.44
2014.10.16 15:03:48.773,1.06032,1.06035,1.50,3.94
2014.10.16 15:03:49.278,1.06033,1.06036,2.25,1.00
2014.10.16 15:03:49.329,1.06035,1.0604,2.50,2.25
2014.10.16 15:03:49.431,1.06039,1.06042,2.25,1.00
2014.10.16 15:03:49.532,1.06041,1.06044,1.00,1.00
2014.10.16 15:03:49.987,1.06042,1.06046,1.00,4.50
2014.10.16 15:03:50.089,1.06042,1.06044,1.00,1.00
2014.10.16 15:03:50.443,1.06038,1.06041,3.00,4.00
2014.10.16 15:03:50.545,1.06034,1.06037,1.00,3.94
2014.10.16 15:03:50.596,1.06034,1.06036,1.00,1.69
2014.10.16 15:03:51.102,1.06033,1.06036,1.50,1.00
2014.10.16 15:03:52.063,1.06033,1.06034,1.00,1.00
2014.10.16 15:03:52.215,1.0603,1.06032,1.00,1.25
2014.10.16 15:03:52.316,1.06032,1.06033,1.00,1.00
2014.10.16 15:03:52.821,1.0603,1.06033,4.50,2.75
2014.10.16 15:03:54.803,1.06032,1.06034,1.00,2.44
2014.10.16 15:03:55.410,1.06032,1.06033,1.50,1.25
2014.10.16 15:03:55.916,1.06032,1.06034,1.50,2.44
2014.10.16 15:03:56.271,1.06033,1.06035,1.00,1.50
2014.10.16 15:03:56.322,1.06034,1.06036,1.00,1.00
2014.10.16 15:03:56.830,1.06035,1.06037,1.00,1.25
2014.10.16 15:03:56.932,1.06033,1.06036,1.00,3.00
2014.10.16 15:03:57.033,1.06032,1.06033,1.00,1.25
2014.10.16 15:03:57.084,1.0603,1.06033,1.00,1.25
2014.10.16 15:03:58.045,1.0603,1.06032,1.50,1.25
2014.10.16 15:03:58.553,1.0603,1.06033,1.00,1.25
2014.10.16 15:03:58.919,1.06032,1.06034,1.00,1.00
2014.10.16 15:03:58.969,1.06033,1.06036,1.00,1.00
2014.10.16 15:03:59.020,1.06035,1.06036,1.00,1.00
2014.10.16 15:03:59.327,1.06037,1.06042,3.19,1.00
2014.10.16 15:03:59.377,1.06039,1.06042,1.00,1.50
2014.10.16 15:03:59.698,1.06037,1.06041,2.25,1.50
2014.10.16 15:03:59.800,1.06039,1.06042,1.00,1.50
2014.10.16 15:04:00.660,1.0604,1.06042,1.00,1.00
2014.10.16 15:04:01.153,1.0604,1.06044,2.25,1.69
2014.10.16 15:04:01.658,1.0604,1.06043,1.50,1.00
2014.10.16 15:04:02.183,1.06041,1.06044,1.00,2.44
2014.10.16 15:04:05.389,1.06041,1.06043,1.00,1.00
2014.10.16 15:04:05.844,1.06039,1.06042,1.50,1.00
2014.10.16 15:04:05.945,1.06041,1.06043,1.00,1.00
2014.10.16 15:04:06.451,1.06041,1.06044,1.00,1.00
2014.10.16 15:04:10.224,1.06042,1.06046,1.00,1.50
2014.10.16 15:04:10.276,1.06044,1.06046,4.19,1.50
2014.10.16 15:04:10.479,1.06047,1.06051,1.69,1.50
2014.10.16 15:04:11.388,1.06047,1.0605,1.00,1.00
2014.10.16 15:04:11.742,1.06049,1.06051,1.50,1.00
2014.10.16 15:04:11.894,1.0605,1.06053,1.00,1.00
2014.10.16 15:04:12.147,1.06047,1.0605,2.25,3.25
2014.10.16 15:04:12.198,1.06047,1.06049,1.50,1.50
2014.10.16 15:04:12.300,1.06044,1.06047,1.50,1.00
2014.10.16 15:04:12.402,1.06042,1.06046,1.00,2.25
2014.10.16 15:04:12.453,1.06041,1.06044,2.25,1.00
2014.10.16 15:04:12.809,1.06042,1.06046,1.50,1.00
2014.10.16 15:04:13.316,1.06042,1.06047,1.50,4.50
2014.10.16 15:04:13.689,1.06046,1.06047,1.00,1.00
2014.10.16 15:04:13.791,1.06047,1.06049,1.50,1.50
2014.10.16 15:04:13.993,1.06049,1.06051,1.00,1.00
2014.10.16 15:04:14.095,1.0605,1.06053,1.50,1.50
2014.10.16 15:04:14.600,1.06051,1.06054,1.00,2.25
2014.10.16 15:04:15.106,1.06052,1.06054,1.00,1.00
2014.10.16 15:04:15.409,1.06052,1.06056,1.00,3.00
2014.10.16 15:04:19.530,1.06053,1.06056,1.00,1.00
2014.10.16 15:04:19.733,1.06054,1.06058,1.50,2.25
2014.10.16 15:04:20.138,1.06056,1.06059,1.00,1.00
2014.10.16 15:04:20.442,1.06058,1.06061,1.00,1.50
2014.10.16 15:04:20.796,1.06057,1.06059,1.00,1.00
2014.10.16 15:04:21.100,1.06054,1.06056,1.00,1.00
2014.10.16 15:04:21.606,1.06053,1.06056,1.50,1.00
2014.10.16 15:04:22.111,1.06052,1.06056,3.75,1.00
2014.10.16 15:04:23.580,1.06053,1.06056,1.00,2.25
2014.10.16 15:04:24.801,1.06055,1.06058,1.50,1.00
2014.10.16 15:04:25.108,1.0606,1.06062,1.00,1.00
2014.10.16 15:04:25.310,1.06063,1.06067,1.00,2.25
2014.10.16 15:04:25.917,1.06064,1.06066,1.00,1.50
2014.10.16 15:04:28.497,1.06061,1.06066,3.00,1.00
2014.10.16 15:04:29.003,1.06061,1.06064,1.00,1.00
2014.10.16 15:04:29.356,1.06061,1.06062,1.00,1.00
2014.10.16 15:04:29.509,1.06058,1.0606,1.00,2.25
2014.10.16 15:04:30.546,1.06059,1.06061,1.00,1.00
2014.10.16 15:04:30.850,1.0606,1.06063,1.00,1.00
2014.10.16 15:04:30.951,1.0606,1.06065,2.25,3.94
2014.10.16 15:04:31.815,1.0606,1.06063,2.25,1.00
2014.10.16 15:04:32.828,1.06058,1.06063,3.75,1.50
2014.10.16 15:04:33.132,1.06058,1.06061,3.75,1.00
2014.10.16 15:04:33.436,1.0605,1.06055,3.00,1.50
2014.10.16 15:04:33.790,1.06052,1.06056,1.00,2.25
2014.10.16 15:04:34.094,1.06058,1.06061,1.00,1.00
2014.10.16 15:04:34.448,1.0606,1.06063,1.00,1.50
2014.10.16 15:04:34.953,1.06061,1.06064,2.25,1.00
2014.10.16 15:04:35.307,1.06059,1.06062,1.00,1.00
2014.10.16 15:04:35.610,1.06062,1.06063,1.00,1.00
2014.10.16 15:04:35.863,1.0606,1.06063,1.50,1.00
2014.10.16 15:04:36.412,1.0606,1.06062,1.00,1.50
2014.10.16 15:04:36.564,1.0606,1.06062,1.00,1.50
2014.10.16 15:04:36.615,1.06058,1.0606,1.00,1.00
2014.10.16 15:04:36.767,1.06055,1.06057,1.00,1.00
2014.10.16 15:04:36.868,1.06051,1.06055,2.44,1.00
2014.10.16 15:04:36.970,1.06055,1.06057,1.00,1.00
2014.10.16 15:04:37.021,1.06057,1.06058,1.00,1.00
2014.10.16 15:04:37.173,1.06055,1.06057,1.25,1.00
2014.10.16 15:04:37.477,1.06053,1.06057,1.25,1.00
2014.10.16 15:04:37.578,1.06055,1.06057,1.00,1.00
2014.10.16 15:04:38.269,1.06053,1.06055,1.00,1.00
2014.10.16 15:04:38.331,1.06051,1.06054,1.50,1.00
2014.10.16 15:04:39.192,1.06051,1.06055,1.50,1.00
2014.10.16 15:04:39.294,1.06053,1.06055,1.00,1.00
2014.10.16 15:04:39.824,1.06053,1.06056,1.50,1.00
2014.10.16 15:04:40.633,1.06053,1.06055,1.00,1.00
2014.10.16 15:04:40.785,1.0605,1.06053,1.50,1.50
2014.10.16 15:04:41.088,1.0605,1.06051,1.00,1.00
2014.10.16 15:04:41.240,1.06048,1.06051,1.50,1.00
2014.10.16 15:04:42.351,1.06046,1.06049,1.69,1.00
2014.10.16 15:04:44.623,1.06047,1.06049,1.00,1.00
2014.10.16 15:04:44.876,1.06049,1.06052,1.00,1.00
2014.10.16 15:04:45.028,1.06049,1.06054,1.50,3.75
2014.10.16 15:04:45.332,1.06052,1.06055,1.00,3.00
2014.10.16 15:04:45.676,1.06055,1.06057,1.50,3.00
2014.10.16 15:04:45.727,1.06055,1.06058,1.50,2.25
2014.10.16 15:04:46.081,1.06053,1.06057,1.00,2.25
2014.10.16 15:04:47.041,1.06052,1.06055,1.50,1.00
2014.10.16 15:04:47.344,1.06052,1.06053,1.00,1.00
2014.10.16 15:04:47.395,1.0605,1.06053,1.50,1.00
2014.10.16 15:04:47.498,1.06048,1.06053,3.00,1.50
2014.10.16 15:04:47.549,1.06048,1.06051,3.00,1.00
2014.10.16 15:04:47.853,1.06047,1.06049,1.00,1.00
2014.10.16 15:04:47.954,1.06045,1.06047,1.00,2.50
2014.10.16 15:04:48.056,1.06043,1.06046,1.00,1.00
2014.10.16 15:04:48.462,1.06042,1.06046,1.00,2.50
2014.10.16 15:04:48.563,1.06046,1.06049,1.00,1.50
2014.10.16 15:04:48.766,1.06049,1.06052,1.50,1.00
2014.10.16 15:04:49.424,1.0605,1.06053,1.00,1.50
2014.10.16 15:04:49.931,1.06047,1.0605,5.25,1.00
2014.10.16 15:04:50.084,1.06043,1.06046,3.00,1.00
2014.10.16 15:04:50.590,1.06043,1.06045,1.00,1.00
2014.10.16 15:04:51.313,1.06043,1.06046,1.00,1.00
2014.10.16 15:04:51.516,1.06045,1.06048,1.00,1.00
2014.10.16 15:04:51.718,1.06049,1.06052,2.50,1.00
2014.10.16 15:04:52.224,1.06052,1.06054,1.00,1.50
2014.10.16 15:04:52.376,1.06052,1.06056,1.00,3.00
2014.10.16 15:04:52.882,1.06053,1.06056,1.00,1.50
2014.10.16 15:04:53.438,1.06052,1.06056,1.50,2.25
2014.10.16 15:04:54.049,1.06052,1.06055,1.00,1.00
2014.10.16 15:04:54.150,1.06051,1.06053,1.00,1.50
2014.10.16 15:04:54.201,1.06048,1.0605,1.50,1.50
2014.10.16 15:04:54.706,1.06048,1.06051,1.00,1.50
2014.10.16 15:04:55.211,1.06047,1.06051,2.25,1.00
2014.10.16 15:04:55.869,1.06049,1.06051,1.00,1.00
2014.10.16 15:04:56.173,1.06046,1.06048,1.00,1.50
2014.10.16 15:04:56.325,1.06044,1.06047,1.00,1.50
2014.10.16 15:04:56.528,1.06042,1.06046,1.50,1.50
2014.10.16 15:04:57.033,1.06042,1.06045,2.25,1.00
2014.10.16 15:04:57.643,1.06042,1.06046,2.25,1.50
2014.10.16 15:04:57.794,1.06044,1.06047,1.00,3.00
2014.10.16 15:04:58.100,1.06043,1.06045,1.00,1.00
2014.10.16 15:04:59.009,1.06043,1.06046,4.75,1.00
2014.10.16 15:04:59.263,1.06043,1.06047,1.50,1.50
2014.10.16 15:04:59.768,1.06043,1.06046,1.00,1.50
2014.10.16 15:05:00.274,1.06042,1.06045,1.00,1.00
2014.10.16 15:05:01.985,1.06042,1.06044,1.50,1.00
2014.10.16 15:05:02.515,1.06041,1.06043,1.00,1.00
2014.10.16 15:05:02.616,1.06039,1.06042,1.00,1.00
2014.10.16 15:05:02.718,1.06037,1.0604,1.50,1.00
2014.10.16 15:05:02.971,1.0603,1.06033,1.50,1.50
2014.10.16 15:05:03.330,1.06029,1.06031,1.00,1.00
2014.10.16 15:05:03.432,1.06027,1.0603,1.50,1.00
2014.10.16 15:05:04.899,1.06027,1.06032,3.94,1.00
2014.10.16 15:05:07.037,1.06029,1.06032,1.00,1.00
2014.10.16 15:05:07.745,1.06029,1.06033,1.50,1.50
2014.10.16 15:05:08.049,1.06031,1.06034,1.00,1.50
2014.10.16 15:05:08.353,1.06028,1.06031,1.50,1.00
2014.10.16 15:05:09.262,1.06028,1.06032,1.50,1.00
2014.10.16 15:05:10.002,1.06028,1.06031,1.50,1.00
2014.10.16 15:05:10.861,1.06028,1.0603,1.00,1.50
2014.10.16 15:05:11.366,1.06027,1.0603,1.00,3.00
2014.10.16 15:05:12.023,1.06027,1.06032,2.25,3.75
2014.10.16 15:05:12.074,1.06029,1.06032,1.00,2.25
2014.10.16 15:05:12.783,1.06029,1.06034,3.00,3.00
2014.10.16 15:05:13.288,1.0603,1.06034,1.50,3.00
2014.10.16 15:05:13.542,1.06032,1.06035,1.00,1.50
2014.10.16 15:05:13.997,1.0603,1.06033,1.50,1.50
2014.10.16 15:05:14.048,1.06028,1.06032,3.75,1.00
2014.10.16 15:05:14.149,1.06028,1.0603,1.00,1.00
2014.10.16 15:05:14.655,1.06027,1.0603,1.25,1.00
2014.10.16 15:05:15.312,1.06028,1.0603,1.50,1.00
2014.10.16 15:05:15.413,1.06027,1.06033,3.75,3.00
2014.10.16 15:05:15.515,1.06028,1.06033,1.00,4.00
2014.10.16 15:05:16.021,1.06027,1.06031,1.25,1.50
2014.10.16 15:05:17.140,1.0602,1.06022,1.50,1.00
2014.10.16 15:05:17.646,1.0602,1.06021,1.50,1.00
2014.10.16 15:05:18.152,1.06019,1.06022,2.44,1.00
2014.10.16 15:05:18.658,1.06018,1.06022,1.00,2.25
2014.10.16 15:05:19.620,1.06022,1.06024,1.00,3.00
2014.10.16 15:05:19.671,1.06022,1.06024,1.00,1.00
2014.10.16 15:05:19.873,1.0602,1.06023,3.00,1.00
2014.10.16 15:05:20.025,1.0602,1.06021,1.00,1.00
2014.10.16 15:05:20.126,1.06018,1.06021,1.69,1.50
2014.10.16 15:05:20.531,1.0602,1.06023,1.50,1.00
2014.10.16 15:05:20.835,1.06022,1.06025,1.50,1.50
2014.10.16 15:05:21.139,1.06023,1.06027,2.25,2.25
2014.10.16 15:05:21.342,1.06026,1.06028,1.00,1.00
2014.10.16 15:05:21.544,1.06026,1.06031,3.00,1.00
2014.10.16 15:05:22.052,1.06028,1.06031,1.00,1.00
2014.10.16 15:05:22.355,1.0603,1.06034,5.25,6.00
2014.10.16 15:05:22.406,1.06033,1.06038,7.94,1.00
2014.10.16 15:05:22.457,1.06036,1.06039,1.00,1.00
2014.10.16 15:05:22.508,1.06038,1.06039,2.44,1.00
2014.10.16 15:05:22.761,1.06041,1.06044,1.50,1.50
2014.10.16 15:05:23.374,1.06039,1.06043,1.00,1.50
2014.10.16 15:05:23.881,1.06038,1.06042,1.25,3.00
2014.10.16 15:05:24.387,1.06037,1.06042,1.50,3.00
2014.10.16 15:05:24.942,1.06036,1.06039,3.00,1.00
2014.10.16 15:05:25.144,1.06033,1.06036,1.50,1.00
2014.10.16 15:05:25.346,1.06035,1.06038,1.00,1.00
2014.10.16 15:05:25.650,1.06038,1.06042,5.50,1.50
2014.10.16 15:05:25.752,1.06037,1.06039,1.00,2.50
2014.10.16 15:05:25.853,1.06033,1.06036,1.00,1.00
2014.10.16 15:05:25.955,1.06033,1.06035,1.69,1.00
2014.10.16 15:05:26.108,1.06035,1.06038,1.69,1.50
2014.10.16 15:05:26.362,1.06036,1.0604,3.19,1.50
2014.10.16 15:05:28.907,1.06035,1.06039,1.00,1.50
2014.10.16 15:05:29.210,1.06034,1.06036,1.00,1.00
2014.10.16 15:05:29.546,1.0603,1.06033,1.00,1.00
2014.10.16 15:05:29.597,1.0603,1.06033,1.00,1.00
2014.10.16 15:05:30.917,1.06031,1.06034,1.00,2.25
2014.10.16 15:05:31.424,1.06031,1.06033,1.00,1.00
2014.10.16 15:05:31.626,1.06033,1.06035,1.25,4.50
2014.10.16 15:05:31.728,1.06034,1.06037,1.50,1.00
2014.10.16 15:05:31.829,1.06036,1.06038,1.50,1.00
2014.10.16 15:05:32.133,1.06037,1.0604,1.00,2.25
2014.10.16 15:05:32.234,1.06036,1.06037,1.00,1.00
2014.10.16 15:05:32.640,1.06037,1.06039,1.00,1.00
2014.10.16 15:05:32.742,1.06035,1.06037,1.50,2.50
2014.10.16 15:05:32.944,1.06036,1.06039,1.50,1.50
2014.10.16 15:05:33.046,1.06038,1.06041,1.00,1.50
2014.10.16 15:05:33.552,1.06039,1.06041,1.00,1.00
2014.10.16 15:05:34.057,1.06039,1.06042,1.00,1.00
2014.10.16 15:05:35.430,1.06038,1.06042,1.00,1.00
2014.10.16 15:05:35.935,1.06038,1.06043,2.25,2.25
2014.10.16 15:05:36.647,1.06038,1.06042,1.00,1.50
2014.10.16 15:05:36.951,1.06032,1.06037,3.00,5.44
2014.10.16 15:05:37.001,1.06031,1.06035,1.50,1.50
2014.10.16 15:05:37.640,1.06031,1.06035,1.00,4.75
2014.10.16 15:05:37.742,1.06029,1.06033,1.50,1.50
2014.10.16 15:05:38.449,1.0603,1.06033,1.00,1.00
2014.10.16 15:05:38.500,1.06032,1.06035,1.00,1.50
2014.10.16 15:05:38.652,1.06035,1.06039,2.50,1.00
2014.10.16 15:05:38.804,1.06037,1.0604,1.00,1.00
2014.10.16 15:05:39.562,1.06038,1.06041,1.00,2.25
2014.10.16 15:05:40.725,1.06039,1.06041,1.00,1.00
2014.10.16 15:05:40.776,1.06041,1.06043,1.00,1.00
2014.10.16 15:05:41.133,1.06045,1.06049,4.75,1.50
2014.10.16 15:05:41.185,1.06048,1.06051,1.50,1.00
2014.10.16 15:05:41.388,1.0605,1.06052,1.00,1.00
2014.10.16 15:05:41.540,1.06051,1.06054,1.50,2.25
2014.10.16 15:05:41.742,1.06052,1.06056,1.00,3.75
2014.10.16 15:05:42.197,1.0605,1.06055,5.44,1.00
2014.10.16 15:05:44.388,1.06052,1.06055,1.00,1.00
2014.10.16 15:05:44.895,1.06052,1.06056,1.00,2.25
2014.10.16 15:05:45.401,1.06053,1.06056,1.00,2.25
2014.10.16 15:05:46.869,1.06053,1.06055,1.00,1.00
2014.10.16 15:05:46.920,1.06051,1.06054,1.00,1.00
2014.10.16 15:05:47.234,1.06049,1.06054,3.00,2.25
2014.10.16 15:05:47.741,1.06049,1.06053,1.50,1.00
2014.10.16 15:05:48.247,1.06049,1.06052,1.00,1.00
2014.10.16 15:05:48.450,1.06046,1.06049,1.00,1.50
2014.10.16 15:05:48.602,1.06043,1.06046,1.50,1.00
2014.10.16 15:05:49.209,1.06043,1.06045,1.00,2.25
2014.10.16 15:05:49.412,1.06039,1.06043,2.25,1.00
2014.10.16 15:05:49.716,1.06038,1.06043,1.00,1.00
2014.10.16 15:05:49.766,1.06037,1.06038,1.00,1.00
2014.10.16 15:05:49.868,1.06032,1.06034,1.00,8.25
2014.10.16 15:05:49.969,1.0603,1.06033,1.00,2.44
2014.10.16 15:05:50.020,1.0603,1.06031,1.00,1.00
2014.10.16 15:05:50.071,1.06027,1.06031,1.50,1.00
2014.10.16 15:05:50.577,1.06026,1.0603,1.00,1.00
2014.10.16 15:05:51.638,1.06029,1.06031,1.00,1.00
2014.10.16 15:05:51.790,1.06029,1.06033,1.00,1.00
2014.10.16 15:05:52.295,1.0603,1.06033,1.00,1.00
2014.10.16 15:05:52.753,1.06031,1.06036,1.00,3.00
2014.10.16 15:05:53.613,1.0603,1.06033,2.25,1.00
2014.10.16 15:05:54.118,1.06029,1.06033,1.00,3.00
2014.10.16 15:05:54.421,1.06028,1.0603,1.00,4.50
2014.10.16 15:05:54.523,1.06021,1.06025,1.00,1.50
2014.10.16 15:05:54.675,1.06021,1.06025,1.00,1.50
2014.10.16 15:05:54.826,1.06023,1.06025,1.00,1.00
2014.10.16 15:05:55.131,1.06026,1.0603,1.50,1.00
2014.10.16 15:05:55.436,1.06024,1.06027,1.50,2.25
2014.10.16 15:05:55.639,1.0602,1.06024,1.50,1.00
2014.10.16 15:05:56.044,1.06021,1.06026,1.00,2.25
2014.10.16 15:05:56.348,1.06024,1.06026,1.00,1.00
2014.10.16 15:05:56.652,1.06028,1.06032,1.50,1.50
2014.10.16 15:05:57.157,1.06028,1.06031,2.25,1.50
2014.10.16 15:05:57.664,1.06027,1.0603,1.00,1.00
2014.10.16 15:05:58.316,1.06025,1.06028,1.00,1.00
2014.10.16 15:05:58.419,1.06022,1.06025,1.50,1.00
2014.10.16 15:05:58.924,1.06021,1.06024,1.00,2.25
2014.10.16 15:05:59.432,1.06024,1.06027,1.00,1.00
2014.10.16 15:05:59.736,1.06021,1.06024,1.00,2.50
2014.10.16 15:05:59.787,1.06019,1.06021,1.50,1.00
2014.10.16 15:06:00.039,1.06017,1.0602,2.44,2.25
2014.10.16 15:06:00.545,1.06016,1.06019,1.50,1.00
2014.10.16 15:06:03.678,1.06017,1.06019,1.00,1.00
2014.10.16 15:06:03.729,1.06017,1.06022,1.50,2.25
2014.10.16 15:06:04.388,1.06016,1.06019,4.50,1.00
2014.10.16 15:06:04.705,1.06014,1.06016,1.00,1.00
2014.10.16 15:06:04.857,1.06003,1.06007,1.50,3.25
2014.10.16 15:06:04.908,1.06,1.06007,1.50,8.44
2014.10.16 15:06:05.010,1.06,1.06002,1.00,2.44
2014.10.16 15:06:05.111,1.05997,1.05999,1.00,1.00
2014.10.16 15:06:05.415,1.06002,1.06004,1.50,1.00
2014.10.16 15:06:05.467,1.06002,1.06006,2.25,1.00
2014.10.16 15:06:05.518,1.06004,1.06007,1.50,1.00
2014.10.16 15:06:06.026,1.06005,1.06008,1.00,1.00
2014.10.16 15:06:06.540,1.06004,1.06008,1.50,1.00
2014.10.16 15:06:11.314,1.06001,1.06004,5.25,1.00
2014.10.16 15:06:11.415,1.06,1.06002,1.50,1.50
2014.10.16 15:06:11.517,1.05998,1.06,1.00,1.00
2014.10.16 15:06:11.568,1.05996,1.05999,1.00,1.00
2014.10.16 15:06:12.075,1.05995,1.05999,1.00,1.50
2014.10.16 15:06:12.227,1.05998,1.06001,1.00,1.69
2014.10.16 15:06:12.430,1.06002,1.06008,6.75,1.00
2014.10.16 15:06:12.735,1.06003,1.06004,1.00,1.00
2014.10.16 15:06:12.887,1.05998,1.06002,1.00,1.00
2014.10.16 15:06:13.392,1.05997,1.06001,1.50,1.50
2014.10.16 15:06:14.152,1.05997,1.05999,1.50,1.00
2014.10.16 15:06:14.657,1.05996,1.05999,1.50,1.00
2014.10.16 15:06:15.164,1.05995,1.05997,1.00,1.00
2014.10.16 15:06:15.486,1.05991,1.05995,1.00,3.25
2014.10.16 15:06:15.639,1.05991,1.05995,1.00,3.00
2014.10.16 15:06:16.145,1.05992,1.05995,1.50,1.00
2014.10.16 15:06:16.651,1.05992,1.05994,1.00,1.00
2014.10.16 15:06:17.966,1.05991,1.05994,1.00,1.50
2014.10.16 15:06:18.118,1.05989,1.05992,1.50,1.00
2014.10.16 15:06:18.222,1.05988,1.05991,1.00,1.00
2014.10.16 15:06:18.373,1.05986,1.0599,1.00,2.25
2014.10.16 15:06:18.525,1.05988,1.0599,1.00,1.00
2014.10.16 15:06:18.576,1.05989,1.05992,1.00,1.50
2014.10.16 15:06:18.627,1.05991,1.05993,1.00,1.00
2014.10.16 15:06:18.678,1.05992,1.05994,2.25,1.00
2014.10.16 15:06:18.729,1.05993,1.05996,1.00,1.00
2014.10.16 15:06:18.831,1.05995,1.05998,1.50,1.50
2014.10.16 15:06:18.932,1.05993,1.05998,1.50,2.25
2014.10.16 15:06:19.640,1.05996,1.05998,1.00,1.50
2014.10.16 15:06:20.044,1.05997,1.06001,1.00,1.50
2014.10.16 15:06:20.146,1.06,1.06002,1.00,1.50
2014.10.16 15:06:20.298,1.05998,1.06001,1.50,1.00
2014.10.16 15:06:20.450,1.06001,1.06004,1.50,1.50
2014.10.16 15:06:20.932,1.06,1.06002,1.50,1.00
2014.10.16 15:06:21.237,1.05997,1.06,1.00,1.00
2014.10.16 15:06:21.541,1.05995,1.05999,1.25,1.50
2014.10.16 15:06:22.047,1.05994,1.05999,2.25,1.50
2014.10.16 15:06:22.553,1.05995,1.06,2.25,2.25
2014.10.16 15:06:22.604,1.05997,1.06,1.00,1.50
2014.10.16 15:06:22.907,1.05999,1.06001,1.00,1.50
2014.10.16 15:06:22.959,1.05999,1.06003,1.50,1.50
2014.10.16 15:06:23.464,1.05999,1.06002,2.25,1.00
2014.10.16 15:06:23.767,1.05998,1.06,1.00,1.00
2014.10.16 15:06:24.172,1.05994,1.05997,2.25,1.00
2014.10.16 15:06:24.677,1.05994,1.05996,1.00,1.00
2014.10.16 15:06:25.185,1.05994,1.05997,1.00,2.25
2014.10.16 15:06:26.617,1.05991,1.05993,1.50,1.50
2014.10.16 15:06:26.924,1.05987,1.05989,1.25,1.00
2014.10.16 15:06:27.279,1.05989,1.05992,2.50,3.00
2014.10.16 15:06:27.330,1.05991,1.05993,1.00,1.50
2014.10.16 15:06:27.533,1.05992,1.05995,1.00,1.00
2014.10.16 15:06:27.786,1.05994,1.05996,1.00,1.00
2014.10.16 15:06:27.938,1.05995,1.05998,1.50,1.00
2014.10.16 15:06:28.141,1.05996,1.05999,1.00,1.50
2014.10.16 15:06:28.596,1.05998,1.06001,1.00,2.25
2014.10.16 15:06:29.102,1.05999,1.06002,1.00,1.00
2014.10.16 15:06:29.507,1.05996,1.06001,1.00,3.75
2014.10.16 15:06:29.710,1.05996,1.05999,1.00,1.00
2014.10.16 15:06:30.216,1.05995,1.06,6.19,1.50
2014.10.16 15:06:30.723,1.05995,1.05999,2.25,1.00
2014.10.16 15:06:31.430,1.05994,1.05997,1.50,1.50
2014.10.16 15:06:31.733,1.05996,1.05998,1.00,1.00
2014.10.16 15:06:32.430,1.05996,1.05999,1.00,2.25
2014.10.16 15:06:32.734,1.06002,1.06006,2.50,1.50
2014.10.16 15:06:32.785,1.06004,1.06006,4.94,1.00
2014.10.16 15:06:32.836,1.06005,1.06008,1.00,1.50
2014.10.16 15:06:33.342,1.06004,1.06008,3.00,1.00
2014.10.16 15:06:34.101,1.06006,1.06009,1.00,1.50
2014.10.16 15:06:34.405,1.06014,1.06017,1.00,1.50
2014.10.16 15:06:35.012,1.06015,1.06017,1.00,1.00
2014.10.16 15:06:35.163,1.06015,1.06019,1.00,2.25
2014.10.16 15:06:35.315,1.06017,1.0602,1.00,1.00
2014.10.16 15:06:35.468,1.06017,1.06022,3.00,1.50
2014.10.16 15:06:36.074,1.06018,1.06022,1.00,1.00
2014.10.16 15:06:36.226,1.06017,1.0602,1.00,1.00
2014.10.16 15:06:36.681,1.06018,1.06022,1.00,2.25
2014.10.16 15:06:38.095,1.06022,1.06026,9.94,1.00
2014.10.16 15:06:38.199,1.06026,1.06029,3.94,1.00
2014.10.16 15:06:38.251,1.06027,1.06031,2.44,2.25
2014.10.16 15:06:38.353,1.06029,1.06032,1.00,1.50
2014.10.16 15:06:38.556,1.06027,1.06031,2.44,1.00
2014.10.16 15:06:39.062,1.06026,1.06031,2.25,1.00
2014.10.16 15:06:39.656,1.06026,1.06032,3.19,1.50
2014.10.16 15:06:39.808,1.06026,1.0603,3.19,1.00
2014.10.16 15:06:41.008,1.06026,1.06031,5.44,1.00
2014.10.16 15:06:42.436,1.06027,1.06031,1.00,1.00
2014.10.16 15:06:42.942,1.06026,1.06031,2.25,1.50
2014.10.16 15:06:44.467,1.06026,1.06032,2.25,2.25
2014.10.16 15:06:44.981,1.06026,1.06031,2.25,1.00
2014.10.16 15:06:45.284,1.06024,1.06026,1.00,1.50
2014.10.16 15:06:45.386,1.06022,1.06026,1.00,1.50
2014.10.16 15:06:45.740,1.06024,1.06026,1.50,1.00
2014.10.16 15:06:45.791,1.06024,1.06028,1.50,2.25
2014.10.16 15:06:46.095,1.06025,1.0603,1.50,1.00
2014.10.16 15:06:47.663,1.06025,1.06029,1.50,1.00
2014.10.16 15:06:47.815,1.06025,1.06026,1.50,1.00
2014.10.16 15:06:47.916,1.06023,1.06026,1.00,1.50
2014.10.16 15:06:48.068,1.06021,1.06024,1.00,1.00
2014.10.16 15:06:48.119,1.06019,1.06024,1.00,2.25
2014.10.16 15:06:48.523,1.06018,1.06022,3.94,1.00
2014.10.16 15:06:48.827,1.06015,1.06018,1.00,1.50
2014.10.16 15:06:49.332,1.06016,1.06019,1.00,1.00
2014.10.16 15:06:49.837,1.06016,1.0602,1.00,2.25
2014.10.16 15:06:50.387,1.06017,1.0602,1.00,1.50
2014.10.16 15:06:50.792,1.06019,1.06021,1.00,1.00
2014.10.16 15:06:51.045,1.0602,1.06023,1.00,1.50
2014.10.16 15:06:51.550,1.0602,1.06024,1.00,2.25
2014.10.16 15:06:51.904,1.0602,1.06022,1.00,1.00
2014.10.16 15:06:52.207,1.06019,1.0602,1.00,1.00
2014.10.16 15:06:52.309,1.06016,1.0602,2.25,1.00
2014.10.16 15:06:52.613,1.06018,1.0602,1.00,1.00
2014.10.16 15:06:53.118,1.06018,1.06021,1.00,1.50
2014.10.16 15:06:53.623,1.06019,1.06022,1.00,2.25
2014.10.16 15:06:54.139,1.06018,1.06021,1.00,1.00
2014.10.16 15:06:54.446,1.06017,1.06019,1.00,2.50
2014.10.16 15:06:54.497,1.06014,1.06016,1.50,1.50
2014.10.16 15:06:54.548,1.06013,1.06015,1.50,2.50
2014.10.16 15:06:54.700,1.06011,1.06013,1.00,1.00
2014.10.16 15:06:54.903,1.06009,1.06012,1.00,2.44
2014.10.16 15:06:55.004,1.06009,1.0601,1.00,1.00
2014.10.16 15:06:55.055,1.06007,1.0601,1.50,1.50
2014.10.16 15:06:55.561,1.06006,1.06009,1.00,2.44
2014.10.16 15:06:55.662,1.06004,1.06008,3.00,1.00
2014.10.16 15:06:55.763,1.06004,1.06005,1.00,1.00
2014.10.16 15:06:55.814,1.06001,1.06004,2.25,1.00
2014.10.16 15:06:56.067,1.05998,1.06001,1.00,1.00
2014.10.16 15:06:56.607,1.05997,1.06001,1.00,1.00
2014.10.16 15:06:57.921,1.05998,1.06001,1.00,1.00
2014.10.16 15:06:58.023,1.06,1.06002,1.00,2.25
2014.10.16 15:06:58.327,1.06008,1.06009,1.50,1.00
2014.10.16 15:06:58.378,1.06008,1.06012,3.00,3.00
2014.10.16 15:06:58.480,1.06008,1.0601,1.50,1.00
2014.10.16 15:06:58.836,1.06008,1.06013,1.50,3.00
2014.10.16 15:06:59.039,1.06011,1.06013,1.00,2.25
2014.10.16 15:06:59.243,1.06009,1.06013,3.00,1.00
2014.10.16 15:06:59.750,1.06008,1.06013,1.00,1.50
2014.10.16 15:07:00.053,1.06008,1.06011,1.00,1.00
2014.10.16 15:07:00.558,1.06006,1.0601,3.00,1.00
2014.10.16 15:07:01.064,1.06005,1.06009,1.00,2.25
2014.10.16 15:07:01.577,1.06006,1.06009,1.00,1.00
2014.10.16 15:07:02.098,1.06007,1.0601,1.00,1.00
2014.10.16 15:07:02.603,1.06008,1.0601,1.00,1.00
2014.10.16 15:07:03.080,1.06005,1.06008,3.00,2.50
2014.10.16 15:07:03.132,1.06002,1.06005,1.50,1.00
2014.10.16 15:07:03.234,1.05999,1.06003,2.25,4.69
2014.10.16 15:07:03.285,1.05999,1.06001,2.25,1.25
2014.10.16 15:07:03.487,1.06001,1.06002,1.00,1.00
2014.10.16 15:07:03.690,1.06004,1.06007,1.00,1.00
2014.10.16 15:07:04.096,1.06003,1.06006,1.50,1.50
2014.10.16 15:07:04.602,1.06004,1.06006,1.00,1.00
2014.10.16 15:07:04.805,1.06005,1.06008,2.50,1.00
2014.10.16 15:07:04.957,1.06005,1.06008,1.00,1.50
2014.10.16 15:07:05.109,1.06003,1.06007,2.25,1.50
2014.10.16 15:07:05.311,1.06006,1.06007,1.00,1.00
2014.10.16 15:07:05.413,1.06006,1.06009,1.50,1.50
2014.10.16 15:07:05.933,1.06007,1.06009,1.00,1.00
2014.10.16 15:07:06.035,1.06004,1.06007,1.50,1.00
2014.10.16 15:07:06.340,1.05999,1.06003,1.50,2.50
2014.10.16 15:07:06.845,1.05999,1.06001,1.00,1.00
2014.10.16 15:07:06.947,1.06,1.06003,1.00,2.25
2014.10.16 15:07:07.188,1.06001,1.06003,1.00,1.50
2014.10.16 15:07:07.241,1.06003,1.06006,1.00,1.50
2014.10.16 15:07:07.495,1.06005,1.06009,1.00,3.00
2014.10.16 15:07:07.956,1.06004,1.06007,1.50,1.00
2014.10.16 15:07:08.260,1.06003,1.06005,1.50,1.00
2014.10.16 15:07:08.565,1.05997,1.06,1.00,3.19
2014.10.16 15:07:08.769,1.05999,1.06001,1.00,1.00
2014.10.16 15:07:08.922,1.06,1.06003,1.50,1.00
2014.10.16 15:07:09.430,1.06,1.06005,2.25,5.44
2014.10.16 15:07:09.683,1.06,1.06002,1.50,1.00
2014.10.16 15:07:09.936,1.05993,1.05997,1.00,4.69
2014.10.16 15:07:10.088,1.05993,1.05995,1.00,1.00
2014.10.16 15:07:10.189,1.0599,1.05995,3.00,1.50
2014.10.16 15:07:10.442,1.0599,1.05993,1.50,1.69
2014.10.16 15:07:10.745,1.05988,1.05991,2.25,2.44
2014.10.16 15:07:11.251,1.05989,1.05992,1.00,1.25
2014.10.16 15:07:11.809,1.0599,1.05993,1.00,3.94
2014.10.16 15:07:12.063,1.0599,1.05995,2.25,3.94
2014.10.16 15:07:12.164,1.05992,1.05995,1.00,1.00
2014.10.16 15:07:12.607,1.05994,1.05996,1.50,1.00
2014.10.16 15:07:12.811,1.05994,1.05998,1.00,3.94
2014.10.16 15:07:13.215,1.05994,1.05996,1.00,1.50
2014.10.16 15:07:13.316,1.05992,1.05995,3.75,1.00
2014.10.16 15:07:13.519,1.0599,1.05993,2.25,2.25
2014.10.16 15:07:13.823,1.05985,1.05988,1.00,3.44
2014.10.16 15:07:14.127,1.05988,1.05992,3.00,4.69
2014.10.16 15:07:14.632,1.05989,1.05992,1.50,2.25
2014.10.16 15:07:14.683,1.0599,1.05992,1.00,1.50
2014.10.16 15:07:15.138,1.05992,1.05994,1.00,1.00
2014.10.16 15:07:15.643,1.05993,1.05995,1.00,1.50
2014.10.16 15:07:15.896,1.05991,1.05995,1.50,1.00
2014.10.16 15:07:16.502,1.05991,1.05994,1.00,1.00
2014.10.16 15:07:17.008,1.05991,1.05996,4.00,3.94
2014.10.16 15:07:17.413,1.05992,1.05996,2.25,2.44
2014.10.16 15:07:17.717,1.05996,1.06,2.25,1.00
2014.10.16 15:07:17.819,1.05998,1.06003,3.00,3.19
2014.10.16 15:07:18.022,1.06,1.06005,1.50,3.75
2014.10.16 15:07:18.124,1.06,1.06003,2.50,1.00
2014.10.16 15:07:18.412,1.06,1.06005,2.50,2.25
2014.10.16 15:07:18.766,1.06,1.06003,1.50,1.00
2014.10.16 15:07:19.322,1.06,1.06004,1.50,1.00
2014.10.16 15:07:19.626,1.06001,1.06003,1.50,1.00
2014.10.16 15:07:19.930,1.05999,1.06003,4.50,1.00
2014.10.16 15:07:19.981,1.06001,1.06002,1.50,1.00
2014.10.16 15:07:20.335,1.06,1.06002,1.00,1.00
2014.10.16 15:07:20.437,1.05998,1.06,1.00,1.00
2014.10.16 15:07:20.538,1.05995,1.05999,2.25,1.00
2014.10.16 15:07:20.741,1.05995,1.05997,1.50,1.00
2014.10.16 15:07:20.994,1.05993,1.05997,1.50,3.00
2014.10.16 15:07:21.501,1.05994,1.05997,1.00,3.00
2014.10.16 15:07:22.006,1.05993,1.05997,1.50,3.00
2014.10.16 15:07:22.512,1.05994,1.05997,2.25,2.25
2014.10.16 15:07:23.017,1.05993,1.05996,2.25,1.00
2014.10.16 15:07:23.270,1.05993,1.05994,1.00,1.00
2014.10.16 15:07:23.372,1.05991,1.05993,2.25,1.00
2014.10.16 15:07:24.079,1.0599,1.05993,3.00,1.00
2014.10.16 15:07:24.282,1.05988,1.05989,1.00,1.00
2014.10.16 15:07:24.332,1.05986,1.05989,2.25,1.50
2014.10.16 15:07:24.670,1.05984,1.05987,1.00,1.00
2014.10.16 15:07:25.024,1.05982,1.05986,1.50,1.00
2014.10.16 15:07:25.075,1.0598,1.05983,1.50,1.50
2014.10.16 15:07:26.138,1.05981,1.05983,1.00,1.00
2014.10.16 15:07:26.189,1.05982,1.05985,1.00,1.50
2014.10.16 15:07:27.198,1.05981,1.05984,1.50,1.00
2014.10.16 15:07:28.108,1.05982,1.05985,1.00,2.25
2014.10.16 15:07:28.614,1.05983,1.05985,1.00,1.00
2014.10.16 15:07:28.969,1.05983,1.05987,1.50,1.50
2014.10.16 15:07:29.019,1.05985,1.05987,1.00,1.50
2014.10.16 15:07:29.525,1.05986,1.05987,1.00,2.44
2014.10.16 15:07:29.677,1.05984,1.05986,1.00,1.00
2014.10.16 15:07:29.930,1.05985,1.05987,1.00,2.44
2014.10.16 15:07:30.449,1.05985,1.05987,1.00,2.44
2014.10.16 15:07:30.768,1.05986,1.0599,1.50,3.75
2014.10.16 15:07:31.073,1.05995,1.05997,1.00,1.50
2014.10.16 15:07:31.377,1.05997,1.05998,1.00,1.00
2014.10.16 15:07:31.478,1.05998,1.06001,1.00,1.50
2014.10.16 15:07:31.631,1.06,1.06002,1.00,1.00
2014.10.16 15:07:31.732,1.05999,1.06002,1.00,1.50
2014.10.16 15:07:31.884,1.05998,1.06,1.00,1.00
2014.10.16 15:07:32.238,1.05996,1.05999,1.00,1.25
2014.10.16 15:07:32.289,1.05996,1.05997,1.00,1.00
2014.10.16 15:07:32.390,1.05994,1.05996,1.00,1.50
2014.10.16 15:07:32.442,1.05992,1.05995,1.50,1.00
2014.10.16 15:07:32.998,1.05993,1.05995,1.00,1.00
2014.10.16 15:07:33.402,1.05994,1.05997,1.00,1.00
2014.10.16 15:07:36.248,1.05993,1.05996,1.00,1.00
2014.10.16 15:07:37.160,1.05992,1.05995,1.50,1.00
2014.10.16 15:07:37.464,1.05995,1.05998,1.50,1.00
2014.10.16 15:07:37.769,1.06004,1.06007,1.50,1.00
2014.10.16 15:07:38.275,1.06005,1.06008,2.25,1.00
2014.10.16 15:07:38.782,1.06005,1.06009,1.00,1.69
2014.10.16 15:07:39.389,1.06007,1.06009,1.00,1.25
2014.10.16 15:07:39.592,1.06005,1.06009,1.00,1.00
2014.10.16 15:07:39.947,1.06005,1.06007,1.00,1.00
2014.10.16 15:07:39.999,1.06003,1.06007,1.00,1.50
2014.10.16 15:07:40.657,1.06005,1.06007,1.00,1.00
2014.10.16 15:07:40.708,1.06006,1.06009,1.00,2.25
2014.10.16 15:07:41.214,1.06006,1.0601,1.00,2.44
2014.10.16 15:07:41.669,1.06009,1.06011,1.00,2.44
2014.10.16 15:07:43.429,1.06009,1.06012,1.00,3.00
2014.10.16 15:07:43.694,1.06015,1.06019,2.25,1.50
2014.10.16 15:07:43.897,1.06018,1.0602,1.00,1.00
2014.10.16 15:07:44.099,1.06018,1.06022,1.00,3.00
2014.10.16 15:07:45.010,1.06018,1.06021,1.00,2.44
2014.10.16 15:07:45.314,1.06016,1.0602,1.00,1.25
2014.10.16 15:07:45.819,1.06015,1.0602,2.25,2.44
2014.10.16 15:07:45.921,1.06015,1.06018,1.50,1.50
2014.10.16 15:07:46.123,1.06012,1.06016,2.25,1.00
2014.10.16 15:07:46.225,1.06014,1.06017,1.00,1.00
2014.10.16 15:07:46.629,1.06015,1.06019,1.50,1.25
2014.10.16 15:07:47.337,1.06015,1.06018,1.50,1.00
2014.10.16 15:07:48.314,1.06014,1.06018,1.00,1.50
2014.10.16 15:07:49.391,1.06016,1.06018,1.00,1.00
2014.10.16 15:07:49.694,1.06024,1.06026,1.00,2.25
2014.10.16 15:07:50.050,1.06021,1.06024,1.00,1.00
2014.10.16 15:07:50.101,1.06021,1.06022,1.00,1.00
2014.10.16 15:07:50.253,1.06019,1.06021,1.00,1.00
2014.10.16 15:07:50.354,1.06017,1.06019,3.00,1.00
2014.10.16 15:07:50.456,1.06016,1.06019,1.00,1.00
2014.10.16 15:07:50.810,1.06014,1.06017,1.00,1.00
2014.10.16 15:07:51.317,1.06013,1.06016,2.25,1.00
2014.10.16 15:07:51.672,1.06013,1.06018,3.75,1.50
2014.10.16 15:07:51.723,1.06015,1.06018,1.00,1.00
2014.10.16 15:07:52.247,1.06016,1.0602,1.50,1.00
2014.10.16 15:07:52.556,1.06016,1.06018,1.00,1.00
2014.10.16 15:07:52.859,1.06013,1.06015,1.00,1.00
2014.10.16 15:07:52.960,1.06013,1.06016,1.00,1.69
2014.10.16 15:07:53.365,1.06015,1.06018,1.00,1.00
2014.10.16 15:07:54.931,1.06016,1.06018,1.00,1.00
2014.10.16 15:07:56.235,1.06013,1.06017,3.75,1.50
2014.10.16 15:07:56.337,1.06011,1.06012,1.00,1.00
2014.10.16 15:07:56.692,1.06011,1.06014,1.50,2.25
2014.10.16 15:07:56.844,1.06013,1.06017,1.50,1.50
2014.10.16 15:07:56.997,1.06014,1.06019,3.75,2.25
2014.10.16 15:07:57.502,1.06015,1.06019,1.50,1.50
2014.10.16 15:07:57.554,1.06017,1.0602,1.00,1.00
2014.10.16 15:07:57.959,1.06018,1.06021,1.00,1.69
2014.10.16 15:07:58.263,1.06025,1.06028,1.50,1.25
2014.10.16 15:07:58.516,1.06027,1.06029,1.00,1.00
2014.10.16 15:07:58.820,1.06024,1.06025,1.00,1.50
2014.10.16 15:07:58.972,1.06021,1.06023,1.50,1.50
2014.10.16 15:07:59.277,1.06019,1.06022,1.00,1.19
2014.10.16 15:07:59.479,1.06017,1.0602,1.00,1.00
2014.10.16 15:08:00.539,1.06015,1.06019,1.50,1.00
2014.10.16 15:08:01.196,1.06015,1.06018,1.00,1.00
2014.10.16 15:08:01.457,1.06015,1.06017,1.00,1.00
2014.10.16 15:08:01.508,1.06012,1.06015,1.50,1.00
2014.10.16 15:08:01.862,1.06013,1.06017,1.00,3.94
2014.10.16 15:08:03.393,1.06014,1.06017,1.00,1.00
2014.10.16 15:08:03.495,1.06015,1.06019,1.00,2.25
2014.10.16 15:08:03.748,1.06017,1.06021,1.00,1.50
2014.10.16 15:08:04.815,1.06017,1.06019,1.00,1.00
2014.10.16 15:08:06.482,1.06016,1.06019,1.00,1.50
2014.10.16 15:08:06.992,1.06015,1.06018,1.50,1.00
2014.10.16 15:08:07.825,1.06014,1.06017,1.00,1.00
2014.10.16 15:08:08.340,1.06012,1.06015,1.50,1.00
2014.10.16 15:08:08.735,1.06013,1.06017,1.50,1.00
2014.10.16 15:08:09.240,1.06013,1.06018,1.50,4.69
2014.10.16 15:08:11.466,1.06014,1.06018,1.50,1.50
2014.10.16 15:08:11.972,1.06015,1.06018,1.00,1.00
2014.10.16 15:08:12.073,1.06015,1.0602,2.25,4.69
2014.10.16 15:08:12.580,1.06016,1.0602,2.25,1.00
2014.10.16 15:08:12.783,1.06018,1.06021,1.00,2.25
2014.10.16 15:08:14.956,1.06018,1.0602,1.00,1.00
2014.10.16 15:08:15.058,1.06016,1.0602,2.25,1.00
2014.10.16 15:08:15.565,1.06016,1.06019,1.50,1.00
2014.10.16 15:08:16.074,1.06016,1.0602,1.50,1.50
2014.10.16 15:08:16.852,1.06016,1.06019,1.50,1.50
2014.10.16 15:08:17.055,1.06014,1.06018,1.50,1.50
2014.10.16 15:08:17.156,1.06016,1.06018,1.00,1.00
2014.10.16 15:08:17.661,1.06016,1.06019,2.25,1.00
2014.10.16 15:08:17.965,1.06017,1.06021,1.50,1.00
2014.10.16 15:08:18.016,1.06019,1.06021,1.00,1.00
2014.10.16 15:08:18.521,1.06019,1.06022,1.50,1.00
2014.10.16 15:08:18.942,1.06022,1.06024,1.00,1.50
2014.10.16 15:08:18.993,1.06022,1.06025,2.25,2.25
2014.10.16 15:08:19.044,1.06023,1.06025,1.00,2.25
2014.10.16 15:08:19.145,1.06025,1.06028,1.00,1.00
2014.10.16 15:08:19.600,1.06026,1.0603,1.50,1.50
2014.10.16 15:08:20.107,1.06027,1.06031,1.50,1.00
2014.10.16 15:08:20.917,1.06028,1.06031,1.50,1.00
2014.10.16 15:08:20.968,1.06029,1.06033,1.00,3.00
2014.10.16 15:08:22.181,1.06029,1.06032,1.50,1.00
2014.10.16 15:08:22.383,1.06027,1.06032,3.00,3.75
2014.10.16 15:08:23.192,1.06029,1.06032,1.00,3.00
2014.10.16 15:08:23.967,1.06029,1.06033,2.25,2.25
2014.10.16 15:08:24.473,1.0603,1.06033,1.00,1.00
2014.10.16 15:08:24.979,1.06029,1.06033,2.25,1.00
2014.10.16 15:08:25.282,1.06027,1.06029,1.50,1.00
2014.10.16 15:08:25.789,1.06027,1.0603,1.50,2.25
2014.10.16 15:08:26.092,1.06028,1.06032,2.25,3.00
2014.10.16 15:08:26.193,1.0603,1.06032,1.00,1.50
2014.10.16 15:08:26.396,1.06028,1.06032,1.50,1.50
2014.10.16 15:08:26.901,1.06028,1.06031,2.25,1.00
2014.10.16 15:08:27.305,1.06028,1.06029,1.00,1.00
2014.10.16 15:08:27.507,1.06024,1.06027,1.50,2.25
2014.10.16 15:08:27.710,1.06024,1.06029,1.50,3.00
2014.10.16 15:08:27.811,1.06027,1.06029,1.00,1.00
2014.10.16 15:08:28.317,1.06028,1.0603,1.00,1.00
2014.10.16 15:08:28.873,1.06027,1.06029,1.50,1.00
2014.10.16 15:08:29.076,1.06026,1.0603,3.00,1.50
2014.10.16 15:08:29.278,1.06027,1.06028,1.00,1.00
2014.10.16 15:08:29.379,1.06027,1.0603,1.50,1.50
2014.10.16 15:08:29.763,1.06028,1.06032,1.00,5.44
2014.10.16 15:08:30.557,1.06028,1.06031,1.00,1.00
2014.10.16 15:08:30.658,1.06026,1.06028,2.25,1.00
2014.10.16 15:08:30.810,1.06024,1.06025,1.00,1.00
2014.10.16 15:08:30.913,1.06022,1.06025,1.00,1.00
2014.10.16 15:08:31.064,1.0602,1.06024,1.50,3.00
2014.10.16 15:08:31.217,1.0602,1.06022,1.00,1.00
2014.10.16 15:08:31.268,1.06018,1.06022,3.75,1.00
2014.10.16 15:08:32.076,1.06019,1.06022,1.00,1.00
2014.10.16 15:08:32.228,1.06021,1.06024,1.00,4.50
2014.10.16 15:08:33.151,1.06019,1.06024,1.00,3.00
2014.10.16 15:08:33.252,1.06019,1.06022,1.00,1.00
2014.10.16 15:08:34.161,1.06019,1.06022,1.00,1.69
2014.10.16 15:08:34.263,1.06019,1.06021,1.00,1.00
2014.10.16 15:08:34.767,1.06018,1.06021,3.00,1.50
2014.10.16 15:08:34.970,1.06019,1.06021,1.00,2.25
2014.10.16 15:08:35.273,1.06027,1.06029,1.00,1.00
2014.10.16 15:08:35.324,1.06027,1.06029,1.00,1.00
2014.10.16 15:08:35.724,1.06025,1.06028,1.50,1.00
2014.10.16 15:08:36.229,1.06024,1.06027,1.00,1.00
2014.10.16 15:08:36.432,1.06024,1.06029,1.50,2.25
2014.10.16 15:08:36.937,1.06025,1.06029,1.00,1.50
2014.10.16 15:08:37.241,1.06025,1.06027,1.00,1.00
2014.10.16 15:08:37.393,1.06022,1.06025,3.00,1.50
2014.10.16 15:08:37.749,1.06021,1.06023,1.50,1.00
2014.10.16 15:08:37.850,1.0602,1.06021,1.00,1.00
2014.10.16 15:08:38.053,1.06017,1.0602,1.50,1.00
2014.10.16 15:08:38.104,1.06017,1.06018,1.00,1.00
2014.10.16 15:08:38.306,1.06015,1.06017,1.00,1.00
2014.10.16 15:08:38.762,1.06017,1.06018,1.00,1.50
2014.10.16 15:08:38.863,1.06015,1.06018,1.50,1.50
2014.10.16 15:08:39.368,1.06015,1.06017,1.50,1.00
2014.10.16 15:08:40.771,1.06016,1.06017,1.00,1.00
2014.10.16 15:08:40.872,1.06017,1.06024,4.00,5.25
2014.10.16 15:08:40.973,1.06021,1.06024,1.00,1.50
2014.10.16 15:08:41.025,1.06021,1.06024,1.00,2.25
2014.10.16 15:08:41.379,1.06022,1.06025,1.00,1.50
2014.10.16 15:08:41.581,1.06023,1.06025,1.00,1.50
2014.10.16 15:08:41.683,1.06021,1.06024,1.50,1.50
2014.10.16 15:08:42.173,1.0602,1.06022,1.00,1.00
2014.10.16 15:08:42.784,1.0602,1.06023,1.00,1.50
2014.10.16 15:08:43.087,1.06016,1.06019,1.00,1.00
2014.10.16 15:08:43.593,1.06015,1.06018,2.25,1.00
2014.10.16 15:08:44.099,1.06015,1.06017,1.00,1.00
2014.10.16 15:08:44.911,1.06015,1.06018,1.00,2.25
2014.10.16 15:08:45.215,1.06017,1.06019,1.00,1.00
2014.10.16 15:08:47.045,1.06018,1.0602,1.00,1.00
2014.10.16 15:08:48.056,1.06018,1.0602,2.25,1.00
2014.10.16 15:08:48.107,1.0602,1.06022,2.50,1.50
2014.10.16 15:08:48.259,1.06023,1.06027,2.50,2.25
2014.10.16 15:08:48.310,1.06024,1.06026,1.00,1.00
2014.10.16 15:08:48.360,1.06023,1.06024,1.50,1.00
2014.10.16 15:08:48.698,1.06019,1.06022,1.50,2.25
2014.10.16 15:08:49.710,1.06021,1.06023,1.00,1.00
2014.10.16 15:08:49.811,1.06023,1.06025,1.50,1.00
2014.10.16 15:08:49.862,1.06024,1.06027,1.00,1.50
2014.10.16 15:08:50.014,1.06025,1.06029,1.50,3.00
2014.10.16 15:08:50.166,1.06027,1.06029,1.50,1.00
2014.10.16 15:08:50.469,1.06028,1.06031,1.50,1.50
2014.10.16 15:08:50.520,1.0603,1.06031,1.50,1.00
2014.10.16 15:08:50.773,1.06035,1.06038,1.00,1.00
2014.10.16 15:08:51.379,1.06035,1.06037,1.00,1.50
2014.10.16 15:08:51.480,1.06033,1.06036,2.25,1.00
2014.10.16 15:08:51.531,1.06035,1.06036,1.00,1.00
2014.10.16 15:08:52.036,1.06034,1.06038,3.75,1.00
2014.10.16 15:08:52.188,1.06036,1.06039,1.00,1.00
2014.10.16 15:08:52.998,1.06037,1.0604,1.50,1.00
2014.10.16 15:08:53.899,1.06039,1.06041,1.00,1.50
2014.10.16 15:08:54.203,1.06041,1.06043,1.00,1.50
2014.10.16 15:08:54.457,1.06037,1.0604,2.25,1.00
2014.10.16 15:08:54.977,1.06037,1.06038,1.00,1.00
2014.10.16 15:08:55.483,1.06036,1.06039,3.00,1.00
2014.10.16 15:08:57.248,1.06037,1.06039,1.00,1.00
2014.10.16 15:08:57.553,1.06033,1.06036,1.00,1.50
2014.10.16 15:08:57.756,1.06031,1.06034,1.00,3.00
2014.10.16 15:08:58.265,1.0603,1.06034,1.50,3.25
2014.10.16 15:08:58.771,1.0603,1.06034,2.25,3.25
2014.10.16 15:08:59.277,1.0603,1.06034,1.50,3.00
2014.10.16 15:08:59.732,1.0603,1.06032,1.00,2.25
2014.10.16 15:08:59.884,1.06028,1.06032,1.50,3.25
2014.10.16 15:09:00.392,1.06029,1.06032,1.00,2.25
2014.10.16 15:09:00.897,1.06028,1.06032,1.00,2.25
2014.10.16 15:09:03.115,1.06031,1.06033,1.50,2.25
2014.10.16 15:09:03.318,1.06032,1.06036,3.00,1.00
2014.10.16 15:09:03.825,1.06031,1.06036,1.00,6.25
2014.10.16 15:09:04.484,1.06032,1.06034,1.50,1.00
2014.10.16 15:09:04.737,1.06035,1.06038,1.50,1.00
2014.10.16 15:09:04.939,1.06036,1.0604,1.00,1.00
2014.10.16 15:09:05.697,1.06035,1.0604,3.00,1.00
2014.10.16 15:09:05.849,1.06035,1.06037,1.50,1.00
2014.10.16 15:09:05.950,1.06034,1.06039,3.75,3.75
2014.10.16 15:09:06.455,1.06035,1.06039,2.25,2.25
2014.10.16 15:09:06.809,1.06037,1.06039,1.00,1.50
2014.10.16 15:09:07.112,1.06046,1.06047,1.50,1.00
2014.10.16 15:09:07.163,1.06047,1.0605,1.00,3.75
2014.10.16 15:09:07.366,1.06045,1.06048,1.50,1.00
2014.10.16 15:09:07.715,1.06041,1.06043,1.00,1.00
2014.10.16 15:09:07.817,1.06039,1.06042,1.50,1.00
2014.10.16 15:09:07.969,1.06037,1.0604,1.00,1.00
2014.10.16 15:09:08.273,1.06034,1.06037,1.00,2.50
2014.10.16 15:09:08.374,1.06031,1.06034,2.25,1.00
2014.10.16 15:09:08.578,1.06028,1.06032,1.50,1.00
2014.10.16 15:09:08.679,1.06028,1.0603,1.00,1.00
2014.10.16 15:09:08.781,1.06026,1.0603,2.25,1.50
2014.10.16 15:09:09.438,1.06027,1.0603,1.00,1.00
2014.10.16 15:09:09.490,1.06027,1.06032,2.25,1.50
2014.10.16 15:09:10.031,1.06027,1.06031,1.50,1.00
2014.10.16 15:09:10.235,1.06029,1.06031,1.00,1.00
2014.10.16 15:09:10.286,1.0603,1.06033,4.00,1.00
2014.10.16 15:09:10.488,1.06033,1.06035,1.00,3.00
2014.10.16 15:09:10.539,1.06035,1.06037,1.00,2.25
2014.10.16 15:09:10.692,1.06038,1.06042,1.00,2.25
2014.10.16 15:09:10.742,1.06038,1.06041,1.00,1.00
2014.10.16 15:09:11.262,1.06038,1.06042,1.00,2.25
2014.10.16 15:09:11.565,1.0604,1.06042,1.00,1.00
2014.10.16 15:09:11.667,1.0604,1.06044,1.00,2.25
2014.10.16 15:09:12.829,1.06042,1.06044,1.00,1.00
2014.10.16 15:09:13.031,1.06045,1.06048,1.00,1.00
2014.10.16 15:09:13.183,1.06046,1.06051,1.00,2.25
2014.10.16 15:09:13.475,1.06051,1.06053,1.00,1.50
2014.10.16 15:09:13.527,1.06051,1.06055,1.00,1.00
2014.10.16 15:09:14.032,1.0605,1.06055,1.00,1.00
2014.10.16 15:09:14.286,1.06052,1.06056,1.00,1.00
2014.10.16 15:09:14.387,1.06053,1.06058,2.25,1.50
2014.10.16 15:09:14.842,1.06055,1.06058,1.00,1.00
2014.10.16 15:09:15.145,1.06054,1.06056,1.00,1.00
2014.10.16 15:09:15.398,1.06052,1.06056,1.50,1.50
2014.10.16 15:09:15.500,1.06052,1.06054,1.00,1.00
2014.10.16 15:09:15.601,1.0605,1.06054,3.94,1.00
2014.10.16 15:09:16.225,1.06048,1.0605,5.44,1.00
2014.10.16 15:09:16.326,1.06044,1.06047,3.00,1.50
2014.10.16 15:09:16.377,1.06044,1.06045,1.50,1.00
2014.10.16 15:09:16.479,1.06041,1.06045,1.00,1.50
2014.10.16 15:09:16.580,1.0604,1.06043,1.00,1.00
2014.10.16 15:09:16.732,1.06042,1.06046,1.00,2.44
2014.10.16 15:09:17.214,1.0604,1.06044,1.00,1.00
2014.10.16 15:09:17.619,1.06041,1.06046,1.00,1.00
2014.10.16 15:09:18.125,1.06041,1.06045,1.50,1.00
2014.10.16 15:09:18.631,1.06044,1.06048,1.00,3.75
2014.10.16 15:09:18.935,1.06049,1.06052,1.00,1.00
2014.10.16 15:09:19.468,1.06048,1.06052,3.00,1.00
2014.10.16 15:09:19.974,1.06049,1.06052,1.00,1.00
2014.10.16 15:09:20.378,1.06052,1.06054,1.00,3.75
2014.10.16 15:09:20.429,1.06052,1.06055,1.50,2.44
2014.10.16 15:09:20.934,1.06052,1.06056,1.00,3.94
2014.10.16 15:09:21.440,1.06051,1.06053,1.50,1.00
2014.10.16 15:09:21.744,1.06041,1.06046,2.25,1.00
2014.10.16 15:09:22.250,1.06042,1.06046,1.00,1.50
2014.10.16 15:09:22.402,1.06045,1.06055,2.50,3.37
2014.10.16 15:09:22.504,1.06052,1.06056,7.69,1.00
2014.10.16 15:09:22.605,1.06055,1.06058,3.25,1.00
2014.10.16 15:09:22.656,1.06058,1.0606,1.00,1.00
2014.10.16 15:09:22.707,1.06059,1.06063,1.00,1.00
2014.10.16 15:09:23.214,1.0606,1.06063,1.00,1.00
2014.10.16 15:09:23.720,1.0606,1.06066,3.75,2.25
2014.10.16 15:09:24.124,1.06063,1.06066,1.00,1.00
2014.10.16 15:09:24.630,1.06064,1.06067,1.00,1.00
2014.10.16 15:09:25.335,1.06063,1.06066,1.00,1.00
2014.10.16 15:09:25.538,1.06061,1.06065,1.00,1.00
2014.10.16 15:09:25.943,1.06059,1.06064,2.25,1.00
2014.10.16 15:09:26.348,1.06062,1.06064,1.00,1.00
2014.10.16 15:09:26.449,1.0606,1.06065,1.50,1.00
2014.10.16 15:09:26.500,1.06064,1.06067,3.75,3.75
2014.10.16 15:09:26.601,1.06066,1.06073,9.50,1.00
2014.10.16 15:09:26.703,1.06071,1.06072,1.25,1.00
2014.10.16 15:09:26.755,1.06072,1.06075,1.00,1.50
2014.10.16 15:09:27.260,1.06072,1.06076,1.00,1.00
2014.10.16 15:09:27.968,1.06071,1.06073,3.19,1.00
2014.10.16 15:09:28.272,1.06065,1.06069,2.44,1.00
2014.10.16 15:09:28.475,1.06063,1.06066,1.00,1.00
2014.10.16 15:09:28.981,1.06062,1.06066,1.50,1.00
2014.10.16 15:09:29.689,1.06065,1.06068,4.50,4.50
2014.10.16 15:09:29.791,1.06068,1.0607,2.25,3.00
2014.10.16 15:09:29.842,1.06069,1.06072,2.25,1.00
2014.10.16 15:09:30.347,1.0607,1.06073,1.00,1.50
2014.10.16 15:09:30.803,1.06071,1.06075,3.19,3.19
2014.10.16 15:09:31.109,1.06071,1.06074,3.19,3.00
2014.10.16 15:09:31.160,1.06064,1.06068,1.50,1.50
2014.10.16 15:09:31.312,1.06064,1.06067,1.00,3.94
2014.10.16 15:09:31.413,1.06062,1.06066,1.50,3.00
2014.10.16 15:09:31.516,1.06061,1.06065,1.50,1.69
2014.10.16 15:09:31.769,1.06058,1.06064,2.25,7.69
2014.10.16 15:09:32.023,1.06061,1.06064,1.00,5.50
2014.10.16 15:09:32.124,1.06062,1.06064,1.00,1.50
2014.10.16 15:09:32.277,1.06062,1.06066,2.25,2.25
2014.10.16 15:09:32.429,1.06065,1.06068,1.00,1.50
2014.10.16 15:09:32.632,1.06069,1.06072,1.00,2.25
2014.10.16 15:09:32.834,1.0607,1.06074,1.00,3.00
2014.10.16 15:09:32.936,1.06069,1.06074,1.00,3.25
2014.10.16 15:09:33.038,1.06068,1.06071,1.00,1.50
2014.10.16 15:09:33.139,1.06066,1.0607,1.00,1.50
2014.10.16 15:09:33.191,1.06066,1.0607,1.00,2.50
2014.10.16 15:09:33.445,1.06063,1.06068,3.00,1.50
2014.10.16 15:09:34.102,1.06064,1.06068,1.00,1.00
2014.10.16 15:09:34.203,1.06066,1.06068,1.00,1.00
2014.10.16 15:09:34.254,1.06067,1.0607,1.00,1.50
2014.10.16 15:09:34.457,1.06065,1.06068,1.00,1.50
2014.10.16 15:09:34.761,1.06062,1.06068,4.50,3.00
2014.10.16 15:09:34.963,1.06062,1.06066,1.50,2.25
2014.10.16 15:09:35.520,1.06061,1.06065,2.25,1.50
2014.10.16 15:09:36.077,1.0606,1.06063,1.50,1.50
2014.10.16 15:09:36.380,1.06057,1.0606,1.00,3.00
2014.10.16 15:09:36.482,1.06054,1.06057,3.00,1.00
2014.10.16 15:09:36.583,1.06054,1.06059,2.25,1.00
2014.10.16 15:09:36.877,1.06058,1.0606,1.00,1.50
2014.10.16 15:09:36.928,1.06059,1.06062,1.00,1.50
2014.10.16 15:09:37.181,1.06057,1.0606,1.50,2.50
2014.10.16 15:09:37.283,1.06056,1.06058,1.00,1.00
2014.10.16 15:09:37.384,1.06054,1.06057,2.25,1.00
2014.10.16 15:09:37.889,1.06055,1.06057,1.00,1.00
2014.10.16 15:09:37.991,1.06057,1.06061,5.50,3.75
2014.10.16 15:09:38.093,1.06059,1.06062,1.50,1.00
2014.10.16 15:09:38.599,1.0606,1.06063,1.00,1.00
2014.10.16 15:09:39.066,1.06062,1.06064,1.00,1.00
2014.10.16 15:09:39.168,1.06063,1.06067,1.00,2.25
2014.10.16 15:09:39.673,1.06064,1.06067,1.00,1.50
2014.10.16 15:09:40.179,1.06063,1.06067,1.00,1.00
2014.10.16 15:09:40.684,1.06064,1.06067,1.00,1.00
2014.10.16 15:09:42.002,1.06063,1.06067,1.00,1.00
2014.10.16 15:09:42.053,1.06063,1.06064,1.00,1.00
2014.10.16 15:09:42.255,1.06063,1.06067,1.00,1.50
2014.10.16 15:09:42.714,1.06062,1.06064,1.00,1.00
2014.10.16 15:09:42.869,1.0606,1.06063,1.50,2.25
2014.10.16 15:09:42.921,1.0606,1.06061,1.50,1.00
2014.10.16 15:09:43.124,1.06061,1.06063,1.00,2.25
2014.10.16 15:09:43.633,1.06061,1.06064,2.25,1.69
2014.10.16 15:09:44.088,1.06063,1.06066,1.00,1.00
2014.10.16 15:09:44.391,1.0606,1.06065,3.75,1.50
2014.10.16 15:09:44.594,1.0606,1.06063,3.00,1.00
2014.10.16 15:09:45.049,1.0606,1.06061,1.00,1.00
2014.10.16 15:09:45.301,1.06056,1.06058,1.00,1.25
2014.10.16 15:09:45.504,1.06052,1.06057,2.25,1.69
2014.10.16 15:09:46.365,1.06052,1.06056,1.00,1.50
2014.10.16 15:09:46.880,1.06053,1.06056,1.00,1.00
2014.10.16 15:09:47.134,1.06055,1.06056,1.00,1.00
2014.10.16 15:09:47.438,1.06055,1.06058,1.00,1.50
2014.10.16 15:09:47.540,1.06057,1.06058,1.00,1.50
2014.10.16 15:09:47.793,1.06055,1.06059,2.25,1.50
2014.10.16 15:09:48.357,1.06058,1.06059,1.00,1.00
2014.10.16 15:09:48.408,1.06058,1.06061,1.00,2.25
2014.10.16 15:09:48.661,1.06058,1.06059,1.50,1.50
2014.10.16 15:09:48.712,1.06055,1.06058,1.50,1.00
2014.10.16 15:09:48.914,1.06052,1.06057,3.00,1.00
2014.10.16 15:09:49.116,1.06052,1.06055,1.50,1.00
2014.10.16 15:09:49.673,1.06052,1.06054,1.50,1.00
2014.10.16 15:09:50.178,1.06052,1.06053,1.50,1.00
2014.10.16 15:09:50.229,1.06052,1.06055,1.50,2.25
2014.10.16 15:09:51.088,1.06053,1.06055,1.00,1.00
2014.10.16 15:09:51.595,1.06053,1.06056,1.00,1.00
2014.10.16 15:09:52.109,1.06054,1.06057,1.00,1.50
2014.10.16 15:09:52.312,1.06052,1.06057,4.50,2.25
2014.10.16 15:09:53.310,1.06052,1.06055,3.00,1.00
2014.10.16 15:09:54.538,1.06051,1.06052,1.00,3.75
2014.10.16 15:09:54.590,1.06047,1.0605,1.50,2.25
2014.10.16 15:09:54.797,1.06049,1.06051,1.00,1.00
2014.10.16 15:09:54.899,1.0605,1.06053,1.00,1.00
2014.10.16 15:09:55.304,1.06052,1.06055,1.00,1.00
2014.10.16 15:09:55.557,1.06055,1.06058,1.00,1.50
2014.10.16 15:09:55.608,1.06054,1.06056,1.50,1.00
2014.10.16 15:09:55.913,1.06051,1.06053,1.00,1.00
2014.10.16 15:09:56.268,1.06049,1.06052,1.00,1.00
2014.10.16 15:09:56.319,1.06047,1.0605,1.00,1.00
2014.10.16 15:09:56.622,1.06041,1.06045,2.25,1.00
2014.10.16 15:09:56.977,1.06043,1.06047,1.00,4.50
2014.10.16 15:09:57.230,1.06049,1.06052,1.50,1.00
2014.10.16 15:09:57.382,1.06047,1.06051,1.50,1.50
2014.10.16 15:09:57.534,1.06049,1.06051,1.00,1.00
2014.10.16 15:09:58.039,1.06049,1.06052,1.00,1.00
2014.10.16 15:09:58.544,1.0605,1.06053,1.00,1.50
2014.10.16 15:09:58.848,1.06052,1.06056,1.00,2.44
2014.10.16 15:09:59.101,1.06051,1.06054,2.25,1.00
2014.10.16 15:09:59.556,1.06052,1.06054,1.00,1.00
2014.10.16 15:09:59.657,1.06055,1.06058,1.00,1.50
2014.10.16 15:09:59.759,1.06057,1.0606,1.00,1.00
2014.10.16 15:10:00.253,1.06056,1.06058,1.00,1.00
2014.10.16 15:10:00.304,1.06054,1.06058,2.25,2.25
2014.10.16 15:10:00.455,1.06054,1.06055,1.00,1.00
2014.10.16 15:10:00.607,1.06052,1.06055,1.00,1.00
2014.10.16 15:10:00.861,1.0605,1.06054,3.00,1.00
2014.10.16 15:10:01.014,1.06053,1.06054,1.00,1.00
2014.10.16 15:10:01.115,1.06051,1.06054,1.50,1.50
2014.10.16 15:10:01.217,1.06053,1.06057,6.94,3.00
2014.10.16 15:10:01.369,1.06058,1.06059,3.19,1.00
2014.10.16 15:10:01.421,1.06059,1.06061,1.00,1.50
2014.10.16 15:10:01.725,1.0606,1.06063,1.50,2.25
2014.10.16 15:10:02.231,1.06059,1.06062,1.00,1.00
2014.10.16 15:10:03.947,1.06058,1.0606,1.00,1.00
2014.10.16 15:10:04.252,1.06056,1.06059,2.25,1.00
2014.10.16 15:10:04.353,1.06056,1.06057,1.00,1.00
2014.10.16 15:10:04.455,1.06053,1.06056,1.00,1.50
2014.10.16 15:10:04.658,1.06051,1.06055,1.00,1.50
2014.10.16 15:10:04.760,1.06051,1.06053,1.00,1.00
2014.10.16 15:10:05.267,1.06051,1.06054,1.50,1.00
2014.10.16 15:10:05.571,1.06056,1.06061,2.50,1.50
2014.10.16 15:10:05.723,1.06059,1.06061,1.50,1.00
2014.10.16 15:10:05.925,1.06057,1.06059,1.00,1.00
2014.10.16 15:10:06.468,1.06057,1.06059,1.00,1.00
2014.10.16 15:10:06.977,1.06058,1.06061,1.00,1.50
2014.10.16 15:10:07.230,1.06059,1.06063,1.50,3.19
2014.10.16 15:10:07.737,1.0606,1.06063,1.00,2.25
2014.10.16 15:10:08.249,1.06059,1.06061,1.50,1.00
2014.10.16 15:10:08.754,1.0606,1.06061,1.00,1.50
2014.10.16 15:10:09.069,1.06061,1.06065,3.25,6.00
2014.10.16 15:10:09.575,1.06062,1.06064,2.25,1.50
2014.10.16 15:10:09.879,1.0606,1.06063,5.44,1.50
2014.10.16 15:10:09.980,1.06062,1.06063,1.00,1.50
2014.10.16 15:10:10.284,1.06064,1.06068,6.75,1.50
2014.10.16 15:10:10.385,1.06067,1.06069,1.00,1.00
2014.10.16 15:10:10.486,1.06068,1.06071,1.00,1.50
2014.10.16 15:10:10.588,1.06067,1.06069,1.00,1.00
2014.10.16 15:10:10.740,1.06064,1.06067,5.44,1.00
2014.10.16 15:10:10.892,1.06067,1.06069,1.00,4.50
2014.10.16 15:10:10.944,1.06067,1.06069,1.00,2.25
2014.10.16 15:10:11.096,1.06068,1.06071,1.00,3.00
2014.10.16 15:10:11.197,1.0607,1.06072,1.00,3.19
2014.10.16 15:10:11.299,1.06071,1.06073,1.50,1.50
2014.10.16 15:10:11.602,1.06072,1.06076,2.25,1.50
2014.10.16 15:10:11.653,1.06074,1.06076,1.00,1.50
2014.10.16 15:10:12.110,1.06074,1.06078,3.00,1.00
2014.10.16 15:10:12.211,1.06076,1.06078,1.00,1.00
2014.10.16 15:10:12.829,1.06075,1.06078,1.00,1.50
2014.10.16 15:10:13.285,1.06074,1.06076,1.00,1.00
2014.10.16 15:10:13.791,1.06073,1.06076,1.00,1.50
2014.10.16 15:10:14.499,1.06072,1.06075,3.94,1.00
2014.10.16 15:10:15.256,1.06072,1.06074,1.50,1.00
2014.10.16 15:10:15.560,1.0607,1.06073,2.25,1.00
2014.10.16 15:10:15.863,1.06064,1.06065,1.00,1.00
2014.10.16 15:10:15.965,1.06062,1.06065,1.50,1.50
2014.10.16 15:10:16.472,1.06061,1.06065,2.25,1.00
2014.10.16 15:10:16.623,1.06063,1.06065,1.00,1.00
2014.10.16 15:10:16.675,1.06063,1.06068,2.25,3.00
2014.10.16 15:10:16.726,1.06065,1.06068,1.00,2.25
2014.10.16 15:10:16.828,1.06064,1.06068,1.50,1.50
2014.10.16 15:10:17.282,1.06064,1.06065,1.50,1.00
2014.10.16 15:10:17.587,1.06065,1.06067,1.00,1.50
2014.10.16 15:10:17.637,1.06067,1.06068,1.00,1.00
2014.10.16 15:10:17.688,1.06067,1.0607,1.00,1.00
2014.10.16 15:10:17.790,1.06066,1.06068,1.00,1.00
2014.10.16 15:10:18.246,1.06068,1.0607,2.25,3.00
2014.10.16 15:10:18.296,1.06068,1.06071,2.25,1.00
2014.10.16 15:10:18.448,1.06068,1.06069,1.00,1.00
2014.10.16 15:10:18.651,1.06065,1.06068,1.00,1.00
2014.10.16 15:10:18.702,1.06065,1.06069,1.50,1.50
2014.10.16 15:10:18.969,1.06065,1.06067,1.50,1.00
2014.10.16 15:10:19.273,1.0606,1.06064,1.50,1.00
2014.10.16 15:10:19.374,1.0606,1.06063,1.00,2.25
2014.10.16 15:10:19.880,1.06059,1.06063,1.00,2.25
2014.10.16 15:10:20.386,1.06058,1.06063,2.25,2.25
2014.10.16 15:10:21.378,1.06058,1.06061,1.50,1.50
2014.10.16 15:10:21.682,1.06055,1.06058,1.50,1.50
2014.10.16 15:10:21.986,1.06053,1.06056,1.50,1.00
2014.10.16 15:10:22.290,1.0605,1.06052,1.00,2.50
2014.10.16 15:10:22.392,1.06047,1.0605,2.25,1.00
2014.10.16 15:10:22.900,1.06048,1.06051,1.00,2.25
2014.10.16 15:10:23.407,1.06048,1.0605,1.00,1.00
2014.10.16 15:10:23.883,1.06048,1.06052,2.25,1.00
2014.10.16 15:10:24.841,1.0605,1.06053,1.00,2.25
2014.10.16 15:10:26.308,1.06048,1.06051,2.25,1.00
2014.10.16 15:10:26.611,1.06045,1.06048,2.25,1.50
2014.10.16 15:10:26.763,1.06043,1.06047,1.50,2.25
2014.10.16 15:10:27.017,1.06045,1.06048,1.50,1.00
2014.10.16 15:10:27.320,1.06047,1.0605,1.00,1.50
2014.10.16 15:10:27.725,1.06049,1.06051,1.50,1.00
2014.10.16 15:10:28.029,1.06043,1.06045,1.00,2.25
2014.10.16 15:10:28.080,1.06043,1.06045,1.00,2.25
2014.10.16 15:10:28.434,1.06042,1.06043,1.00,1.00
2014.10.16 15:10:28.485,1.0604,1.06043,1.00,1.50
2014.10.16 15:10:29.041,1.06042,1.06045,1.00,2.25
2014.10.16 15:10:29.144,1.06042,1.06045,2.25,1.50
2014.10.16 15:10:31.162,1.06041,1.06044,1.50,1.00
2014.10.16 15:10:31.668,1.0604,1.06043,1.00,1.50
2014.10.16 15:10:32.328,1.06041,1.06043,1.00,2.25
2014.10.16 15:10:32.835,1.06041,1.06044,1.50,1.00
2014.10.16 15:10:33.340,1.06041,1.06043,1.00,1.00
2014.10.16 15:10:33.997,1.06041,1.06044,1.50,1.00
2014.10.16 15:10:34.302,1.06043,1.06044,1.00,1.00
2014.10.16 15:10:34.403,1.06045,1.06048,1.00,1.00
2014.10.16 15:10:34.505,1.06048,1.0605,1.00,3.00
2014.10.16 15:10:34.657,1.06049,1.06053,1.00,3.75
2014.10.16 15:10:34.860,1.06051,1.06053,1.00,1.50
2014.10.16 15:10:34.962,1.0605,1.06053,1.50,1.00
2014.10.16 15:10:35.568,1.06051,1.06054,1.00,1.50
2014.10.16 15:10:36.585,1.06052,1.06055,1.00,1.00
2014.10.16 15:10:36.635,1.06054,1.06057,1.00,1.50
2014.10.16 15:10:36.737,1.06056,1.06058,1.00,2.25
2014.10.16 15:10:37.040,1.06052,1.06055,1.50,1.00
2014.10.16 15:10:37.395,1.0605,1.06054,2.25,1.50
2014.10.16 15:10:37.902,1.06051,1.06053,1.00,1.00
2014.10.16 15:10:38.717,1.06051,1.06054,1.50,1.50
2014.10.16 15:10:39.222,1.06052,1.06056,1.00,2.25
2014.10.16 15:10:39.627,1.06054,1.06056,1.00,1.00
2014.10.16 15:10:39.930,1.06058,1.06062,1.00,1.50
2014.10.16 15:10:39.981,1.06059,1.06062,1.00,1.00
2014.10.16 15:10:40.487,1.0606,1.06063,1.50,1.00
2014.10.16 15:10:41.244,1.0606,1.06064,1.50,1.00
2014.10.16 15:10:41.750,1.0606,1.06065,1.50,4.50
2014.10.16 15:10:43.723,1.0606,1.06064,1.00,1.00
2014.10.16 15:10:44.252,1.06059,1.06064,3.00,1.00
2014.10.16 15:10:46.340,1.0606,1.06063,1.00,1.00
2014.10.16 15:10:46.745,1.0606,1.06065,2.25,4.50
2014.10.16 15:10:47.560,1.0606,1.06064,1.00,1.00
2014.10.16 15:10:48.067,1.0606,1.06063,1.00,1.00
2014.10.16 15:10:50.869,1.0606,1.06062,1.00,1.00
2014.10.16 15:10:51.375,1.06058,1.06061,1.50,1.00
2014.10.16 15:10:51.733,1.06057,1.06061,1.50,2.25
2014.10.16 15:10:51.986,1.06059,1.06061,1.00,1.00
2014.10.16 15:10:52.290,1.06059,1.06063,3.00,1.00
2014.10.16 15:10:54.497,1.06059,1.06062,1.50,1.00
2014.10.16 15:10:55.105,1.06061,1.06062,1.00,1.50
2014.10.16 15:10:55.206,1.06059,1.06062,2.25,1.50
2014.10.16 15:10:55.510,1.06057,1.0606,1.50,1.00
2014.10.16 15:10:56.015,1.06057,1.06059,1.50,1.00
2014.10.16 15:10:56.420,1.0606,1.06063,1.00,3.75
2014.10.16 15:10:56.623,1.06066,1.06069,1.50,2.25
2014.10.16 15:10:56.724,1.06068,1.06069,1.00,1.50
2014.10.16 15:10:57.230,1.06069,1.06071,1.00,1.00
2014.10.16 15:10:57.736,1.06067,1.06071,2.25,1.00
2014.10.16 15:10:57.837,1.06069,1.06073,1.00,1.50
2014.10.16 15:10:58.290,1.06071,1.06073,1.00,1.50
2014.10.16 15:10:58.796,1.06071,1.06074,1.00,1.50
2014.10.16 15:10:59.100,1.0607,1.06074,1.00,6.25
2014.10.16 15:10:59.609,1.0607,1.06072,1.00,1.50
2014.10.16 15:11:00.518,1.06068,1.06071,1.00,1.50
2014.10.16 15:11:00.570,1.06068,1.06071,1.00,3.75
2014.10.16 15:11:00.621,1.06064,1.06068,1.50,2.25
2014.10.16 15:11:00.672,1.06064,1.06067,1.50,1.50
2014.10.16 15:11:00.723,1.06062,1.06066,1.00,5.25
2014.10.16 15:11:00.925,1.06059,1.06065,3.00,4.50
2014.10.16 15:11:01.026,1.06059,1.06062,2.25,3.00
2014.10.16 15:11:01.128,1.06059,1.06063,2.25,2.25
2014.10.16 15:11:01.331,1.06061,1.06063,1.00,1.50
2014.10.16 15:11:01.634,1.06059,1.06061,2.25,1.00
2014.10.16 15:11:02.241,1.0606,1.06063,1.00,7.50
2014.10.16 15:11:02.393,1.06059,1.06061,1.50,1.50
2014.10.16 15:11:02.697,1.0606,1.06063,1.00,7.50
2014.10.16 15:11:02.799,1.06059,1.0606,1.00,1.00
2014.10.16 15:11:02.900,1.06056,1.06059,2.25,1.50
2014.10.16 15:11:02.951,1.06056,1.06058,3.00,1.50
2014.10.16 15:11:04.127,1.06056,1.06059,2.25,1.50
2014.10.16 15:11:04.662,1.06056,1.06059,3.25,1.00
2014.10.16 15:11:04.866,1.06056,1.06058,1.00,1.00
2014.10.16 15:11:04.917,1.06055,1.06057,1.50,2.25
2014.10.16 15:11:05.121,1.06051,1.06055,2.25,1.00
2014.10.16 15:11:05.172,1.06051,1.06054,1.50,1.00
2014.10.16 15:11:05.691,1.06051,1.06053,1.50,1.50
2014.10.16 15:11:05.792,1.06051,1.06055,3.75,6.75
2014.10.16 15:11:05.945,1.06054,1.06057,2.25,1.00
2014.10.16 15:11:06.046,1.06056,1.06059,2.25,1.00
2014.10.16 15:11:06.198,1.06056,1.06061,4.00,4.50
2014.10.16 15:11:06.299,1.06058,1.06061,2.25,1.50
2014.10.16 15:11:07.007,1.06058,1.06061,2.25,1.00
2014.10.16 15:11:07.311,1.06058,1.06059,1.00,1.00
2014.10.16 15:11:07.817,1.06057,1.06059,1.00,1.00
2014.10.16 15:11:08.272,1.06055,1.06057,2.25,1.00
2014.10.16 15:11:08.424,1.06053,1.06056,3.75,1.00
2014.10.16 15:11:08.626,1.06053,1.06058,2.50,9.19
2014.10.16 15:11:08.930,1.06056,1.06059,1.50,1.00
2014.10.16 15:11:09.486,1.06058,1.06059,1.00,1.00
2014.10.16 15:11:10.346,1.06058,1.06061,1.50,1.00
2014.10.16 15:11:13.325,1.06059,1.06061,1.00,1.00
2014.10.16 15:11:13.477,1.06061,1.06062,1.00,1.00
2014.10.16 15:11:13.578,1.06062,1.06064,1.00,1.00
2014.10.16 15:11:13.629,1.06062,1.06066,1.50,1.50
2014.10.16 15:11:13.933,1.06064,1.06067,1.00,2.44
2014.10.16 15:11:15.398,1.06064,1.06066,1.00,1.00
2014.10.16 15:11:15.549,1.06062,1.06065,2.25,1.00
2014.10.16 15:11:15.651,1.06062,1.06063,1.00,1.00
2014.10.16 15:11:15.955,1.06058,1.06061,1.00,1.50
2014.10.16 15:11:16.460,1.06057,1.06061,2.25,1.00
2014.10.16 15:11:16.916,1.06059,1.06061,1.00,1.50
2014.10.16 15:11:17.270,1.0606,1.06063,1.00,1.00
2014.10.16 15:11:17.372,1.06061,1.06065,1.00,2.44
2014.10.16 15:11:18.339,1.06061,1.06063,1.00,1.00
2014.10.16 15:11:18.881,1.0606,1.06063,1.00,1.50
2014.10.16 15:11:19.436,1.06058,1.06062,2.25,1.00
2014.10.16 15:11:19.790,1.06055,1.06058,1.00,1.00
2014.10.16 15:11:19.892,1.06053,1.06056,3.00,1.00
2014.10.16 15:11:20.195,1.06055,1.06058,1.00,5.25
2014.10.16 15:11:20.449,1.06058,1.0606,3.00,1.00
2014.10.16 15:11:20.954,1.06058,1.06061,2.25,1.00
2014.10.16 15:11:21.106,1.06056,1.06059,1.50,1.00
2014.10.16 15:11:21.157,1.06056,1.06057,1.50,1.00
2014.10.16 15:11:21.259,1.06053,1.06056,1.00,1.00
2014.10.16 15:11:21.461,1.06051,1.06055,1.00,3.00
2014.10.16 15:11:21.966,1.0605,1.06055,2.25,3.75
2014.10.16 15:11:24.606,1.06053,1.06056,1.00,2.25
2014.10.16 15:11:25.113,1.06054,1.06057,3.19,1.00
2014.10.16 15:11:25.417,1.06056,1.0606,1.50,2.25
2014.10.16 15:11:25.722,1.06057,1.0606,1.00,2.25
2014.10.16 15:11:25.774,1.06058,1.0606,1.00,1.50
2014.10.16 15:11:26.280,1.06058,1.06061,1.00,1.50
2014.10.16 15:11:27.648,1.06058,1.0606,1.00,1.00
2014.10.16 15:11:27.699,1.06057,1.06058,1.50,1.00
2014.10.16 15:11:27.750,1.06055,1.06058,2.25,3.75
2014.10.16 15:11:27.801,1.06055,1.06057,1.50,1.00
2014.10.16 15:11:27.903,1.06052,1.06056,1.00,2.25
2014.10.16 15:11:28.206,1.06054,1.06059,4.94,1.50
2014.10.16 15:11:28.257,1.06056,1.06058,1.00,1.50
2014.10.16 15:11:28.308,1.06057,1.06061,2.50,3.75
2014.10.16 15:11:28.461,1.0606,1.06063,3.00,1.00
2014.10.16 15:11:28.562,1.06061,1.06065,1.00,2.25
2014.10.16 15:11:30.306,1.06061,1.06064,2.25,1.00
2014.10.16 15:11:30.812,1.0606,1.06063,1.00,1.00
2014.10.16 15:11:32.526,1.06061,1.06064,1.00,1.00
2014.10.16 15:11:32.577,1.06064,1.06067,1.00,1.50
2014.10.16 15:11:32.678,1.06066,1.06069,3.75,1.00
2014.10.16 15:11:32.729,1.06068,1.06072,3.25,3.00
2014.10.16 15:11:32.780,1.06071,1.06072,1.00,1.00
2014.10.16 15:11:32.982,1.06071,1.06075,2.25,1.50
2014.10.16 15:11:33.487,1.06072,1.06075,1.50,1.00
2014.10.16 15:11:34.498,1.06072,1.06074,1.00,1.00
2014.10.16 15:11:34.549,1.0607,1.06073,2.25,1.00
2014.10.16 15:11:35.369,1.06072,1.06073,1.50,1.00
2014.10.16 15:11:35.522,1.06072,1.06075,3.75,1.50
2014.10.16 15:11:36.028,1.06072,1.06074,1.00,1.00
2014.10.16 15:11:38.363,1.06071,1.06073,1.00,1.69
2014.10.16 15:11:38.464,1.06069,1.06072,3.75,1.00
2014.10.16 15:11:38.515,1.06069,1.0607,1.00,2.25
2014.10.16 15:11:38.617,1.06065,1.06069,1.00,1.00
2014.10.16 15:11:38.971,1.06066,1.06069,1.50,1.00
2014.10.16 15:11:39.022,1.06066,1.06071,4.00,1.50
2014.10.16 15:11:39.224,1.06066,1.06069,1.00,1.00
2014.10.16 15:11:39.527,1.06066,1.06071,4.50,1.50
2014.10.16 15:11:39.578,1.06067,1.06071,3.00,1.00
2014.10.16 15:11:39.679,1.06068,1.06073,3.00,1.50
2014.10.16 15:11:40.352,1.06068,1.06073,6.00,1.00
2014.10.16 15:11:40.857,1.0607,1.06073,1.00,1.00
2014.10.16 15:11:41.879,1.06069,1.06072,3.75,1.00
2014.10.16 15:11:42.492,1.0607,1.06073,1.00,2.25
2014.10.16 15:11:43.249,1.0607,1.06072,1.00,1.00
2014.10.16 15:11:44.234,1.0607,1.06073,1.00,1.00
2014.10.16 15:11:44.822,1.0607,1.06074,3.00,2.25
2014.10.16 15:11:49.300,1.0607,1.06073,5.44,1.00
2014.10.16 15:11:49.856,1.0607,1.06072,3.19,1.00
2014.10.16 15:11:49.907,1.06068,1.06071,1.50,1.50
2014.10.16 15:11:50.009,1.06067,1.06069,1.00,1.00
2014.10.16 15:11:50.161,1.06067,1.06072,2.25,3.00
2014.10.16 15:11:50.414,1.06069,1.06072,1.00,3.00
2014.10.16 15:11:50.717,1.06071,1.06072,1.00,1.00
2014.10.16 15:11:51.223,1.06069,1.06078,1.00,1.00
2014.10.16 15:11:51.425,1.06071,1.06077,1.25,1.00
2014.10.16 15:11:51.829,1.06073,1.06079,1.50,1.00
2014.10.16 15:11:52.160,1.06074,1.06077,1.00,1.00
2014.10.16 15:11:52.666,1.06073,1.06076,1.00,1.50
2014.10.16 15:11:53.223,1.06074,1.06076,1.00,1.00
2014.10.16 15:11:53.528,1.06078,1.0608,1.00,1.00
2014.10.16 15:11:53.781,1.06074,1.06077,2.25,1.00
2014.10.16 15:11:54.034,1.06072,1.06075,4.50,1.00
2014.10.16 15:11:54.539,1.06072,1.06074,1.00,1.00
2014.10.16 15:11:55.347,1.06071,1.06074,1.50,1.00
2014.10.16 15:11:55.958,1.06072,1.06074,1.00,1.00
2014.10.16 15:11:56.111,1.06074,1.06077,1.00,1.00
2014.10.16 15:11:56.364,1.06073,1.06075,1.00,1.00
2014.10.16 15:11:57.525,1.06073,1.06076,1.50,1.00
2014.10.16 15:11:58.283,1.06073,1.06077,1.50,2.25
2014.10.16 15:11:59.556,1.06075,1.06077,2.50,1.50
2014.10.16 15:11:59.809,1.0608,1.06082,1.50,1.00
2014.10.16 15:12:00.062,1.06078,1.06081,1.00,1.00
2014.10.16 15:12:00.467,1.06076,1.06078,1.00,1.00
2014.10.16 15:12:00.820,1.06074,1.06077,1.00,1.00
2014.10.16 15:12:01.982,1.06073,1.06077,1.00,1.00
2014.10.16 15:12:02.286,1.06071,1.06076,3.00,3.00
2014.10.16 15:12:02.691,1.0607,1.06072,3.75,1.00
2014.10.16 15:12:04.126,1.06072,1.06073,1.00,1.00
2014.10.16 15:12:04.178,1.06072,1.06075,1.00,3.00
2014.10.16 15:12:04.788,1.06073,1.06075,1.00,1.00
2014.10.16 15:12:04.839,1.06075,1.06077,1.50,1.00
2014.10.16 15:12:05.167,1.06077,1.0608,1.00,1.00
2014.10.16 15:12:05.218,1.0608,1.06083,1.00,1.00
2014.10.16 15:12:05.826,1.06082,1.06085,1.00,1.00
2014.10.16 15:12:07.507,1.06082,1.06083,1.00,1.00
2014.10.16 15:12:07.811,1.06076,1.06078,1.00,2.44
2014.10.16 15:12:07.862,1.06073,1.06076,1.00,1.00
2014.10.16 15:12:08.368,1.06072,1.06076,1.00,1.50
2014.10.16 15:12:08.469,1.06071,1.06074,1.50,1.00
2014.10.16 15:12:08.981,1.06072,1.06074,1.00,1.00
2014.10.16 15:12:09.183,1.06072,1.06076,1.00,1.50
2014.10.16 15:12:10.729,1.06074,1.06077,1.00,2.25
2014.10.16 15:12:11.341,1.06077,1.0608,2.25,1.00
2014.10.16 15:12:11.494,1.06075,1.06077,3.00,1.00
2014.10.16 15:12:12.000,1.06077,1.06079,1.00,2.25
2014.10.16 15:12:12.354,1.06075,1.06078,1.50,1.00
2014.10.16 15:12:12.557,1.06076,1.06079,1.00,1.50
2014.10.16 15:12:12.608,1.06078,1.06081,1.00,1.00
2014.10.16 15:12:12.811,1.0608,1.06084,1.00,2.25
2014.10.16 15:12:12.963,1.06082,1.06085,1.00,1.50
2014.10.16 15:12:14.804,1.06082,1.06087,1.50,5.25
2014.10.16 15:12:15.006,1.06084,1.06087,1.00,2.25
2014.10.16 15:12:15.511,1.06083,1.06086,1.00,1.50
2014.10.16 15:12:15.815,1.0608,1.06084,3.94,2.25
2014.10.16 15:12:16.321,1.06079,1.06084,1.50,3.00
2014.10.16 15:12:16.928,1.06078,1.06081,3.75,1.50
2014.10.16 15:12:17.234,1.06072,1.06076,1.50,1.50
2014.10.16 15:12:17.804,1.06071,1.06074,1.50,1.00
2014.10.16 15:12:18.310,1.06072,1.06073,1.00,1.00
2014.10.16 15:12:18.614,1.06078,1.06081,2.50,1.50
2014.10.16 15:12:18.766,1.0608,1.06082,1.50,1.00
2014.10.16 15:12:19.171,1.06081,1.06084,1.00,1.50
2014.10.16 15:12:19.627,1.06083,1.06085,1.00,1.50
2014.10.16 15:12:19.930,1.06085,1.06086,1.00,1.50
2014.10.16 15:12:20.437,1.06084,1.06087,1.00,1.00
2014.10.16 15:12:23.530,1.06084,1.06086,1.00,1.00
2014.10.16 15:12:23.581,1.06082,1.06086,2.25,1.00
2014.10.16 15:12:23.733,1.0608,1.06084,5.25,1.00
2014.10.16 15:12:24.068,1.06078,1.0608,1.00,1.00
2014.10.16 15:12:24.221,1.0608,1.06082,1.00,1.00
2014.10.16 15:12:24.373,1.06078,1.06081,1.00,1.00
2014.10.16 15:12:24.525,1.06076,1.0608,3.19,1.00
2014.10.16 15:12:24.676,1.06079,1.06082,1.00,3.75
2014.10.16 15:12:24.727,1.0608,1.06082,1.00,1.00
2014.10.16 15:12:24.929,1.0608,1.06085,1.50,3.75
2014.10.16 15:12:25.435,1.06079,1.06084,2.25,1.50
2014.10.16 15:12:26.091,1.06081,1.06084,1.00,1.00
2014.10.16 15:12:28.324,1.06082,1.06085,1.00,2.25
2014.10.16 15:12:28.830,1.06081,1.06084,1.50,1.00
2014.10.16 15:12:30.210,1.06082,1.06084,1.00,1.00
2014.10.16 15:12:30.722,1.06082,1.06085,2.25,1.50
2014.10.16 15:12:31.235,1.06083,1.06086,1.00,1.50
2014.10.16 15:12:31.539,1.0609,1.06093,2.50,1.00
2014.10.16 15:12:31.641,1.06093,1.06096,1.00,3.00
2014.10.16 15:12:32.401,1.06093,1.06095,1.50,1.00
2014.10.16 15:12:32.452,1.06091,1.06094,2.25,1.50
2014.10.16 15:12:32.604,1.06088,1.06093,6.19,3.00
2014.10.16 15:12:32.655,1.06088,1.06091,3.94,1.50
2014.10.16 15:12:33.161,1.0609,1.06092,1.00,3.19
2014.10.16 15:12:33.262,1.06088,1.06092,1.00,4.69
2014.10.16 15:12:33.313,1.06088,1.0609,1.00,1.00
2014.10.16 15:12:33.414,1.06086,1.06089,1.00,1.00
2014.10.16 15:12:33.465,1.06084,1.06087,3.75,1.00
2014.10.16 15:12:33.971,1.06084,1.06086,1.00,1.00
2014.10.16 15:12:34.275,1.06087,1.06089,1.00,1.50
2014.10.16 15:12:34.782,1.06086,1.06089,1.00,1.50
2014.10.16 15:12:34.985,1.06084,1.06089,2.25,2.25
2014.10.16 15:12:35.288,1.06086,1.06089,1.00,2.25
