2011.04.07 14:00:00.272,0.85182,0.85195,2.25,2.25
2011.04.07 14:00:00.715,0.85183,0.85194,1.50,1.50
2011.04.07 14:00:01.157,0.85186,0.85196,2.25,1.50
2011.04.07 14:00:01.277,0.85186,0.85199,3.00,3.75
2011.04.07 14:00:02.055,0.85186,0.85198,4.50,1.50
2011.04.07 14:00:02.607,0.85186,0.85196,2.25,1.50
2011.04.07 14:00:03.368,0.85186,0.85196,2.25,1.50
2011.04.07 14:00:04.257,0.85185,0.85198,1.50,6.75
2011.04.07 14:00:04.814,0.85185,0.85198,1.50,7.50
2011.04.07 14:00:05.367,0.85185,0.85195,1.50,4.50
2011.04.07 14:00:05.761,0.85182,0.85192,1.50,6.60
2011.04.07 14:00:05.878,0.85181,0.8519,1.50,1.50
2011.04.07 14:00:06.436,0.8518,0.8519,2.25,1.50
2011.04.07 14:00:10.514,0.8518,0.8519,2.25,1.50
2011.04.07 14:00:11.240,0.8518,0.85192,3.75,6.00
2011.04.07 14:00:11.807,0.85182,0.85192,1.50,1.50
2011.04.07 14:00:13.505,0.85181,0.85193,1.50,1.50
2011.04.07 14:00:13.727,0.85179,0.85189,3.00,1.50
2011.04.07 14:00:13.947,0.85179,0.8519,1.50,1.50
2011.04.07 14:00:14.507,0.85179,0.85191,2.25,3.00
2011.04.07 14:00:14.845,0.85178,0.85192,4.50,2.25
2011.04.07 14:00:15.394,0.85178,0.8519,4.50,1.50
2011.04.07 14:00:15.957,0.85178,0.85189,3.00,1.50
2011.04.07 14:00:16.516,0.85178,0.85189,2.25,2.85
2011.04.07 14:00:16.847,0.85174,0.85183,2.25,1.50
2011.04.07 14:00:17.287,0.85171,0.85182,3.75,1.35
2011.04.07 14:00:17.408,0.85171,0.85179,2.25,1.50
2011.04.07 14:00:17.746,0.85167,0.85177,2.25,2.10
2011.04.07 14:00:18.154,0.85159,0.85167,2.25,2.25
2011.04.07 14:00:18.486,0.85153,0.85164,3.90,2.25
2011.04.07 14:00:18.596,0.85151,0.85163,5.40,1.50
2011.04.07 14:00:18.926,0.85155,0.85166,1.62,2.25
2011.04.07 14:00:19.146,0.85154,0.85165,3.00,1.50
2011.04.07 14:00:19.695,0.85154,0.85166,3.00,1.50
2011.04.07 14:00:20.247,0.85155,0.85164,1.50,2.25
2011.04.07 14:00:20.360,0.85156,0.85166,1.50,1.50
2011.04.07 14:00:21.559,0.85159,0.8517,1.50,3.00
2011.04.07 14:00:21.785,0.85162,0.85173,1.50,3.75
2011.04.07 14:00:22.337,0.85163,0.85175,1.50,1.50
2011.04.07 14:00:22.666,0.85164,0.85176,2.25,1.50
2011.04.07 14:00:23.105,0.85166,0.85178,2.25,1.50
2011.04.07 14:00:24.365,0.85166,0.8518,1.50,3.75
2011.04.07 14:00:25.906,0.85168,0.8518,1.50,3.00
2011.04.07 14:00:26.375,0.85167,0.8518,2.25,3.00
2011.04.07 14:00:26.707,0.85167,0.8518,2.25,3.00
2011.04.07 14:00:27.805,0.85167,0.8518,2.25,2.25
2011.04.07 14:00:28.137,0.85169,0.85181,1.50,1.50
2011.04.07 14:00:28.907,0.8517,0.85183,3.00,2.25
2011.04.07 14:00:29.419,0.8517,0.85183,3.00,2.25
2011.04.07 14:00:30.034,0.8517,0.85183,2.25,2.25
2011.04.07 14:00:30.172,0.85171,0.85183,2.25,2.25
2011.04.07 14:00:30.725,0.85171,0.85181,1.50,1.50
2011.04.07 14:00:34.554,0.85174,0.85182,1.50,1.50
2011.04.07 14:00:34.789,0.85175,0.85186,1.50,3.00
2011.04.07 14:00:36.007,0.85172,0.85185,3.75,1.50
2011.04.07 14:00:37.227,0.85172,0.85186,3.00,3.60
2011.04.07 14:00:37.739,0.85173,0.85186,1.50,4.28
2011.04.07 14:00:37.965,0.85173,0.85186,1.50,3.53
2011.04.07 14:00:38.738,0.85176,0.85188,3.75,2.25
2011.04.07 14:00:38.969,0.85177,0.8519,5.25,3.00
2011.04.07 14:00:43.915,0.85179,0.85191,1.50,1.50
2011.04.07 14:00:44.467,0.85179,0.85192,3.00,2.25
2011.04.07 14:00:44.575,0.85179,0.85192,3.75,1.50
2011.04.07 14:00:44.794,0.85181,0.85192,1.50,1.50
2011.04.07 14:00:50.695,0.85182,0.85194,1.50,2.25
2011.04.07 14:00:51.574,0.85181,0.85194,5.25,2.25
2011.04.07 14:00:53.525,0.85181,0.85194,6.00,2.25
2011.04.07 14:00:54.736,0.85181,0.85188,5.25,1.35
2011.04.07 14:00:54.957,0.85181,0.8519,1.50,1.50
2011.04.07 14:00:55.077,0.85177,0.85191,2.25,3.75
2011.04.07 14:00:55.187,0.85177,0.85191,1.50,3.00
2011.04.07 14:00:59.056,0.85176,0.85185,3.75,1.50
2011.04.07 14:00:59.168,0.85177,0.85186,1.50,1.50
2011.04.07 14:00:59.398,0.85177,0.85189,2.25,2.25
2011.04.07 14:01:00.866,0.85177,0.85188,3.00,2.25
2011.04.07 14:01:05.994,0.85176,0.85188,1.50,1.50
2011.04.07 14:01:06.326,0.85176,0.85185,1.50,3.00
2011.04.07 14:01:06.658,0.85172,0.85184,2.25,1.50
2011.04.07 14:01:07.433,0.85172,0.85185,2.25,4.50
2011.04.07 14:01:08.316,0.85176,0.85187,2.25,2.25
2011.04.07 14:01:08.864,0.85175,0.85188,1.50,1.50
2011.04.07 14:01:09.748,0.85175,0.85186,1.50,1.50
2011.04.07 14:01:10.085,0.8517,0.85183,2.25,1.50
2011.04.07 14:01:12.271,0.8517,0.85183,3.00,1.50
2011.04.07 14:01:14.635,0.85169,0.85183,7.35,3.00
2011.04.07 14:01:16.176,0.85169,0.85183,4.50,3.00
2011.04.07 14:01:19.945,0.85169,0.85183,3.75,3.00
2011.04.07 14:01:20.825,0.85169,0.85183,3.00,3.00
2011.04.07 14:01:21.158,0.85167,0.85175,1.50,1.50
2011.04.07 14:01:21.280,0.85166,0.85174,3.75,2.25
2011.04.07 14:01:21.505,0.85162,0.85174,1.50,2.25
2011.04.07 14:01:21.950,0.85162,0.85174,1.50,3.00
2011.04.07 14:01:22.505,0.85162,0.85175,3.00,1.50
2011.04.07 14:01:25.317,0.85162,0.85176,2.25,3.75
2011.04.07 14:01:25.977,0.85162,0.85174,3.00,1.50
2011.04.07 14:01:26.197,0.85161,0.85173,1.50,3.00
2011.04.07 14:01:26.980,0.85159,0.85173,4.50,4.35
2011.04.07 14:01:27.103,0.85161,0.85173,1.50,2.25
2011.04.07 14:01:27.654,0.85164,0.85176,1.50,1.50
2011.04.07 14:01:30.876,0.85164,0.85176,2.25,2.25
2011.04.07 14:01:35.117,0.85161,0.85173,3.00,1.50
2011.04.07 14:01:35.670,0.85162,0.85174,1.50,4.50
2011.04.07 14:01:36.006,0.85164,0.85177,2.25,1.50
2011.04.07 14:01:38.835,0.85165,0.85179,3.75,2.25
2011.04.07 14:01:42.016,0.85165,0.85179,2.25,2.25
2011.04.07 14:01:42.675,0.85166,0.85179,3.00,1.50
2011.04.07 14:01:43.338,0.85164,0.85175,6.75,1.50
2011.04.07 14:01:43.675,0.85166,0.85177,1.50,1.50
2011.04.07 14:01:44.226,0.85166,0.85177,5.25,3.08
2011.04.07 14:01:44.335,0.85164,0.85177,2.25,3.08
2011.04.07 14:01:45.797,0.85164,0.85177,2.25,3.08
2011.04.07 14:01:46.625,0.85164,0.85177,1.50,1.58
2011.04.07 14:01:48.239,0.85171,0.85179,1.50,4.35
2011.04.07 14:01:48.362,0.85171,0.85179,1.50,2.25
2011.04.07 14:01:48.585,0.85171,0.85182,2.25,1.50
2011.04.07 14:01:48.810,0.85171,0.85185,3.00,6.75
2011.04.07 14:01:49.809,0.85172,0.85185,2.25,4.50
2011.04.07 14:01:50.365,0.85173,0.85185,1.50,2.25
2011.04.07 14:01:52.168,0.85172,0.85184,3.00,2.25
2011.04.07 14:01:52.725,0.85172,0.85183,1.50,1.50
2011.04.07 14:01:56.655,0.85173,0.85184,1.50,1.50
2011.04.07 14:01:56.767,0.85175,0.85185,1.50,3.00
2011.04.07 14:01:57.106,0.85177,0.8519,1.50,1.50
2011.04.07 14:01:57.766,0.85179,0.8519,1.50,1.50
2011.04.07 14:01:59.896,0.85179,0.8519,2.25,1.50
2011.04.07 14:02:02.826,0.85177,0.85186,2.25,1.50
2011.04.07 14:02:03.158,0.85177,0.85187,1.50,1.50
2011.04.07 14:02:03.387,0.85176,0.85189,1.50,2.25
2011.04.07 14:02:03.604,0.85176,0.85188,1.50,1.50
2011.04.07 14:02:04.156,0.85175,0.85186,1.50,1.50
2011.04.07 14:02:04.704,0.85174,0.85186,2.25,1.50
2011.04.07 14:02:05.618,0.85174,0.85186,2.25,1.50
2011.04.07 14:02:07.056,0.85174,0.85186,1.50,1.50
2011.04.07 14:02:07.605,0.85173,0.85186,4.50,1.50
2011.04.07 14:02:08.155,0.85173,0.85185,3.00,1.50
2011.04.07 14:02:08.705,0.85172,0.85185,2.25,2.25
2011.04.07 14:02:09.574,0.85171,0.85183,3.00,1.50
2011.04.07 14:02:10.458,0.85172,0.85185,1.50,3.75
2011.04.07 14:02:10.577,0.85172,0.85185,3.00,2.25
2011.04.07 14:02:10.916,0.85172,0.85184,1.50,1.50
2011.04.07 14:02:15.144,0.85172,0.85184,1.50,1.50
2011.04.07 14:02:16.576,0.85172,0.85184,1.50,1.50
2011.04.07 14:02:17.604,0.85172,0.85184,1.50,1.50
2011.04.07 14:02:18.155,0.85172,0.85184,1.50,1.50
2011.04.07 14:02:18.704,0.85171,0.85184,2.25,1.50
2011.04.07 14:02:19.628,0.85172,0.85184,1.50,1.50
2011.04.07 14:02:20.202,0.85172,0.85184,1.50,1.50
2011.04.07 14:02:20.646,0.85173,0.85185,3.75,2.85
2011.04.07 14:02:20.757,0.85176,0.85188,2.25,2.25
2011.04.07 14:02:22.407,0.85175,0.85187,3.00,2.85
2011.04.07 14:02:22.747,0.85177,0.85188,1.50,1.50
2011.04.07 14:02:26.815,0.85177,0.85186,1.50,1.35
2011.04.07 14:02:27.257,0.85178,0.85189,1.50,2.25
2011.04.07 14:02:28.685,0.85177,0.85189,2.25,2.25
2011.04.07 14:02:31.255,0.85177,0.85189,1.50,2.25
2011.04.07 14:02:31.477,0.8518,0.85191,3.60,1.50
2011.04.07 14:02:31.696,0.85186,0.85195,1.50,2.25
2011.04.07 14:02:31.807,0.85186,0.85198,2.25,2.25
2011.04.07 14:02:32.364,0.85187,0.85199,3.00,2.25
2011.04.07 14:02:39.114,0.85186,0.85198,2.25,2.85
2011.04.07 14:02:40.434,0.85186,0.85198,1.50,3.60
2011.04.07 14:02:44.434,0.85186,0.85197,1.50,1.50
2011.04.07 14:02:44.655,0.85185,0.85195,1.50,1.50
2011.04.07 14:02:44.766,0.85182,0.85193,2.25,2.10
2011.04.07 14:02:45.316,0.85181,0.85193,2.25,1.50
2011.04.07 14:02:48.625,0.8518,0.85193,6.75,2.25
2011.04.07 14:02:49.948,0.8518,0.85193,6.00,1.50
2011.04.07 14:02:50.685,0.85181,0.85195,1.50,3.00
2011.04.07 14:02:56.915,0.85183,0.85195,2.25,1.50
2011.04.07 14:02:57.137,0.85184,0.85196,1.50,1.50
2011.04.07 14:02:58.015,0.85185,0.85197,2.25,1.50
2011.04.07 14:03:02.466,0.85186,0.85198,2.25,1.50
2011.04.07 14:03:03.009,0.85187,0.85199,1.50,2.25
2011.04.07 14:03:03.565,0.85186,0.85198,1.50,2.25
2011.04.07 14:03:04.776,0.85187,0.85198,1.50,1.50
2011.04.07 14:03:04.996,0.85186,0.85198,1.50,1.50
2011.04.07 14:03:07.152,0.85184,0.85195,2.25,1.50
2011.04.07 14:03:07.378,0.85182,0.85193,1.50,1.50
2011.04.07 14:03:07.934,0.85181,0.85193,1.50,2.25
2011.04.07 14:03:10.205,0.85179,0.85193,4.50,2.25
2011.04.07 14:03:11.426,0.85179,0.85193,3.00,2.25
2011.04.07 14:03:11.974,0.85182,0.85194,2.25,1.50
2011.04.07 14:03:13.197,0.8518,0.85193,3.00,1.50
2011.04.07 14:03:13.754,0.85181,0.85193,1.50,1.50
2011.04.07 14:03:14.415,0.85181,0.85194,1.50,3.00
2011.04.07 14:03:15.936,0.85182,0.85194,1.50,1.50
2011.04.07 14:03:16.488,0.85183,0.85196,1.50,1.50
2011.04.07 14:03:16.828,0.85184,0.85194,1.50,1.35
2011.04.07 14:03:16.948,0.85184,0.85196,1.50,6.00
2011.04.07 14:03:17.179,0.85185,0.85196,1.50,1.50
2011.04.07 14:03:17.404,0.85183,0.85196,2.25,1.50
2011.04.07 14:03:19.183,0.85184,0.85197,1.50,2.10
2011.04.07 14:03:19.301,0.85184,0.85197,1.50,2.85
2011.04.07 14:03:19.421,0.85184,0.85197,1.50,2.10
2011.04.07 14:03:19.542,0.85185,0.85197,1.50,1.50
2011.04.07 14:03:19.765,0.85185,0.85198,1.50,3.00
2011.04.07 14:03:21.088,0.85185,0.85196,2.25,1.50
2011.04.07 14:03:21.647,0.85185,0.85196,1.50,2.25
2011.04.07 14:03:22.635,0.85184,0.85196,3.00,2.25
2011.04.07 14:03:24.884,0.85183,0.85194,1.50,1.50
2011.04.07 14:03:29.588,0.85181,0.85194,4.50,1.50
2011.04.07 14:03:34.769,0.85185,0.85195,1.50,3.00
2011.04.07 14:03:35.434,0.85183,0.85197,3.00,2.25
2011.04.07 14:03:35.766,0.85183,0.85197,3.00,2.25
2011.04.07 14:03:37.555,0.85184,0.85196,2.25,1.50
2011.04.07 14:03:39.425,0.85184,0.85196,2.25,1.50
2011.04.07 14:03:39.975,0.85184,0.85198,2.25,7.50
2011.04.07 14:03:40.584,0.85185,0.85198,1.50,8.25
2011.04.07 14:03:43.698,0.85184,0.85197,3.00,3.00
2011.04.07 14:03:43.817,0.85184,0.85195,1.50,1.35
2011.04.07 14:03:43.936,0.85182,0.85194,1.50,1.50
2011.04.07 14:03:55.175,0.8518,0.85193,2.25,3.00
2011.04.07 14:03:55.395,0.85179,0.85193,4.50,6.75
2011.04.07 14:03:58.817,0.85179,0.85193,3.00,6.60
2011.04.07 14:03:58.926,0.85178,0.85191,2.25,2.25
2011.04.07 14:03:59.475,0.85177,0.8519,1.50,5.25
2011.04.07 14:04:00.025,0.85176,0.8519,3.75,6.75
2011.04.07 14:04:02.487,0.8518,0.8519,1.50,5.25
2011.04.07 14:04:02.816,0.85181,0.85192,1.50,3.75
2011.04.07 14:04:06.739,0.8518,0.85192,1.50,4.50
2011.04.07 14:04:28.265,0.85179,0.8519,2.25,1.50
2011.04.07 14:04:28.598,0.85174,0.85185,1.50,3.00
2011.04.07 14:04:29.083,0.85171,0.85182,1.50,2.25
2011.04.07 14:04:29.309,0.85169,0.85182,3.00,3.00
2011.04.07 14:04:30.421,0.85169,0.85181,2.10,1.50
2011.04.07 14:04:30.976,0.85168,0.85181,2.85,1.50
2011.04.07 14:04:31.421,0.8517,0.85181,2.25,1.50
2011.04.07 14:04:31.977,0.85169,0.85181,1.50,2.25
2011.04.07 14:04:32.633,0.85168,0.85181,3.75,2.25
2011.04.07 14:04:44.807,0.85168,0.85179,1.50,1.35
2011.04.07 14:04:45.136,0.85166,0.85177,2.25,1.50
2011.04.07 14:04:47.215,0.85166,0.85178,1.50,2.25
2011.04.07 14:04:50.486,0.85166,0.85179,2.25,3.75
2011.04.07 14:04:51.206,0.85168,0.85179,2.25,1.50
2011.04.07 14:04:52.636,0.85173,0.85181,1.50,2.10
2011.04.07 14:04:52.858,0.85178,0.85184,1.50,1.50
2011.04.07 14:04:53.092,0.85177,0.85186,1.50,1.50
2011.04.07 14:04:53.650,0.85177,0.85189,1.50,1.50
2011.04.07 14:04:57.875,0.85176,0.85187,2.25,1.50
2011.04.07 14:04:58.209,0.85171,0.85183,3.00,2.25
2011.04.07 14:04:58.766,0.85171,0.85183,2.25,1.50
2011.04.07 14:05:00.526,0.85171,0.85184,2.25,2.25
2011.04.07 14:05:00.749,0.85174,0.85184,1.50,1.50
2011.04.07 14:05:01.121,0.85172,0.85184,3.00,2.25
2011.04.07 14:05:01.244,0.85176,0.85186,1.50,1.50
2011.04.07 14:05:01.469,0.85177,0.85187,1.50,5.25
2011.04.07 14:05:02.027,0.85177,0.85189,2.02,3.00
2011.04.07 14:05:02.576,0.85178,0.8519,1.50,3.00
2011.04.07 14:05:03.454,0.85178,0.8519,2.25,2.25
2011.04.07 14:05:04.449,0.85177,0.85185,1.50,1.50
2011.04.07 14:05:04.848,0.85175,0.85183,1.50,1.50
2011.04.07 14:05:05.079,0.8517,0.85182,3.75,1.50
2011.04.07 14:05:08.284,0.8517,0.85181,3.19,1.50
2011.04.07 14:05:08.638,0.85176,0.85185,2.25,2.25
2011.04.07 14:05:08.757,0.85179,0.85186,1.50,1.50
2011.04.07 14:05:08.877,0.85179,0.8519,2.25,1.50
2011.04.07 14:05:09.327,0.85179,0.85185,1.50,6.00
2011.04.07 14:05:09.658,0.85168,0.85179,1.50,6.00
2011.04.07 14:05:09.776,0.85167,0.85177,1.50,1.50
2011.04.07 14:05:09.995,0.85165,0.85177,1.50,2.25
2011.04.07 14:05:10.510,0.85164,0.85177,1.50,3.00
2011.04.07 14:05:10.630,0.85163,0.85176,4.50,1.50
2011.04.07 14:05:10.858,0.85163,0.85174,3.75,1.50
2011.04.07 14:05:11.552,0.85162,0.85174,1.50,3.00
2011.04.07 14:05:12.779,0.85162,0.85174,1.50,2.25
2011.04.07 14:05:23.617,0.85162,0.85174,1.50,1.50
2011.04.07 14:05:24.166,0.85161,0.85173,2.25,2.25
2011.04.07 14:05:31.656,0.85161,0.85173,2.25,1.50
2011.04.07 14:05:32.898,0.85161,0.85173,2.25,1.50
2011.04.07 14:05:33.485,0.85161,0.85173,2.25,1.50
2011.04.07 14:05:34.084,0.85161,0.85173,1.50,2.25
2011.04.07 14:05:38.736,0.85161,0.85172,1.50,2.25
2011.04.07 14:05:39.139,0.85157,0.85169,4.50,2.25
2011.04.07 14:05:41.345,0.85157,0.85168,1.50,1.50
2011.04.07 14:05:42.667,0.85155,0.85167,3.75,4.50
2011.04.07 14:05:42.776,0.85155,0.85166,2.25,1.50
2011.04.07 14:05:43.106,0.85154,0.85167,3.00,5.25
2011.04.07 14:05:43.658,0.85157,0.85168,2.25,3.00
2011.04.07 14:05:44.220,0.85158,0.85168,1.50,2.25
2011.04.07 14:05:46.265,0.85157,0.8517,2.25,3.75
2011.04.07 14:05:50.905,0.85158,0.8517,3.00,2.25
2011.04.07 14:06:01.557,0.85158,0.8517,1.50,2.25
2011.04.07 14:06:02.447,0.85158,0.85169,1.50,2.25
2011.04.07 14:06:02.669,0.85157,0.85169,1.50,2.10
2011.04.07 14:06:04.417,0.85155,0.85168,2.10,1.50
2011.04.07 14:06:04.964,0.85155,0.85168,2.10,2.25
2011.04.07 14:06:05.519,0.85157,0.85169,1.50,2.25
2011.04.07 14:06:05.637,0.85156,0.85168,2.25,1.50
2011.04.07 14:06:10.116,0.85155,0.85168,2.85,1.50
2011.04.07 14:06:11.504,0.85155,0.85168,1.50,3.00
2011.04.07 14:06:14.119,0.85172,0.85181,2.10,5.25
2011.04.07 14:06:14.231,0.85176,0.85184,2.25,1.50
2011.04.07 14:06:14.566,0.85179,0.8519,1.50,2.25
2011.04.07 14:06:15.775,0.85178,0.85191,2.25,2.25
2011.04.07 14:06:16.334,0.85179,0.85191,1.50,2.25
2011.04.07 14:06:16.884,0.85179,0.8519,1.50,1.50
2011.04.07 14:06:17.687,0.85179,0.85189,1.50,1.50
2011.04.07 14:06:18.234,0.85179,0.8519,1.50,1.50
2011.04.07 14:06:18.787,0.85179,0.8519,1.50,2.25
2011.04.07 14:06:21.328,0.85179,0.8519,1.50,1.50
2011.04.07 14:06:21.886,0.8518,0.8519,1.50,1.50
2011.04.07 14:06:22.436,0.8518,0.85192,1.50,3.00
2011.04.07 14:06:23.864,0.85179,0.85191,1.50,1.50
2011.04.07 14:06:25.775,0.85184,0.85191,1.50,1.50
2011.04.07 14:06:26.108,0.85181,0.85192,1.50,2.25
2011.04.07 14:06:26.234,0.85181,0.8519,1.50,1.50
2011.04.07 14:06:26.348,0.85181,0.85191,1.50,1.50
2011.04.07 14:06:26.798,0.85185,0.85191,1.50,1.50
2011.04.07 14:06:27.139,0.85184,0.85194,1.50,1.50
2011.04.07 14:06:27.258,0.85186,0.85195,1.50,1.50
2011.04.07 14:06:27.378,0.85186,0.85196,1.50,1.50
2011.04.07 14:06:27.606,0.85186,0.85199,1.50,1.50
2011.04.07 14:06:27.717,0.85185,0.852,3.38,5.25
2011.04.07 14:06:28.816,0.85186,0.85199,2.25,1.50
2011.04.07 14:06:30.467,0.85188,0.852,1.50,4.50
2011.04.07 14:06:31.057,0.85186,0.852,2.25,4.50
2011.04.07 14:06:33.517,0.85186,0.85199,3.75,2.25
2011.04.07 14:06:33.629,0.85186,0.85196,2.25,1.50
2011.04.07 14:06:33.751,0.85185,0.85199,4.50,2.25
2011.04.07 14:06:34.308,0.85186,0.85198,1.50,3.00
2011.04.07 14:06:34.856,0.85186,0.85198,1.50,3.00
2011.04.07 14:06:36.276,0.85186,0.85198,2.25,3.00
2011.04.07 14:06:39.025,0.85185,0.85198,4.50,1.50
2011.04.07 14:06:39.356,0.85185,0.85197,3.75,1.50
2011.04.07 14:06:39.687,0.85185,0.85194,2.25,1.50
2011.04.07 14:06:39.796,0.85183,0.85193,1.50,1.50
2011.04.07 14:06:39.905,0.8518,0.85193,2.25,3.75
2011.04.07 14:06:40.620,0.8518,0.85191,2.25,1.50
2011.04.07 14:06:48.221,0.85178,0.85189,3.75,1.50
2011.04.07 14:06:48.775,0.85178,0.8519,2.25,2.25
2011.04.07 14:06:54.126,0.85184,0.8519,2.78,2.25
2011.04.07 14:06:54.461,0.85196,0.85201,1.50,5.25
2011.04.07 14:06:54.895,0.85195,0.85209,3.00,2.25
2011.04.07 14:06:55.009,0.85197,0.85209,2.85,1.50
2011.04.07 14:06:56.255,0.85197,0.85208,2.25,1.50
2011.04.07 14:06:56.366,0.85195,0.85208,2.85,1.50
2011.04.07 14:06:56.476,0.85195,0.85206,2.10,1.50
2011.04.07 14:07:01.390,0.85192,0.85204,4.50,1.50
2011.04.07 14:07:01.510,0.85192,0.85204,1.50,3.00
2011.04.07 14:07:01.848,0.85186,0.85198,3.75,1.50
2011.04.07 14:07:02.296,0.85186,0.85196,2.25,1.50
2011.04.07 14:07:02.846,0.85184,0.85195,2.25,1.50
2011.04.07 14:07:03.505,0.85186,0.85195,1.50,1.50
2011.04.07 14:07:03.836,0.85187,0.85198,2.10,1.50
2011.04.07 14:07:04.169,0.85191,0.85202,2.25,3.00
2011.04.07 14:07:04.725,0.85192,0.85203,2.25,1.50
2011.04.07 14:07:10.497,0.85191,0.85202,2.25,1.50
2011.04.07 14:07:10.827,0.85192,0.85204,1.13,1.50
2011.04.07 14:07:10.947,0.85192,0.85204,1.88,1.50
2011.04.07 14:07:11.898,0.85191,0.85204,3.00,1.50
2011.04.07 14:07:13.338,0.85191,0.85203,1.50,3.75
2011.04.07 14:07:13.885,0.85191,0.85203,3.00,2.25
2011.04.07 14:07:19.157,0.85192,0.85203,1.50,1.50
2011.04.07 14:07:22.937,0.85192,0.85202,1.50,1.50
2011.04.07 14:07:23.379,0.85191,0.85202,2.25,3.00
2011.04.07 14:07:23.499,0.85191,0.85201,1.50,1.50
2011.04.07 14:07:23.836,0.85184,0.85196,1.35,2.25
2011.04.07 14:07:24.386,0.85183,0.85196,2.10,2.25
2011.04.07 14:07:24.827,0.85186,0.85197,1.35,2.25
2011.04.07 14:07:24.937,0.85186,0.85198,1.35,1.50
2011.04.07 14:07:31.148,0.85184,0.85197,2.85,3.00
2011.04.07 14:07:32.076,0.85184,0.85195,2.25,1.50
2011.04.07 14:07:32.407,0.85182,0.85193,2.25,1.50
2011.04.07 14:07:32.518,0.85182,0.85192,1.50,2.25
2011.04.07 14:07:33.074,0.85179,0.85191,2.25,1.50
2011.04.07 14:07:33.736,0.8518,0.85191,1.50,1.50
2011.04.07 14:07:34.284,0.85179,0.8519,1.50,1.50
2011.04.07 14:07:35.435,0.85179,0.85189,1.50,1.50
2011.04.07 14:07:35.777,0.85179,0.8519,1.50,1.50
2011.04.07 14:07:36.327,0.85177,0.8519,2.25,3.00
2011.04.07 14:07:39.625,0.85177,0.8519,3.00,3.00
2011.04.07 14:07:40.176,0.85178,0.85191,2.25,1.50
2011.04.07 14:07:40.286,0.85179,0.85191,2.25,1.50
2011.04.07 14:07:41.787,0.85179,0.85192,2.25,3.00
2011.04.07 14:07:42.336,0.85179,0.85192,2.25,3.00
2011.04.07 14:07:42.957,0.85179,0.85192,2.25,3.00
2011.04.07 14:07:50.556,0.85181,0.85192,1.50,3.00
2011.04.07 14:07:51.106,0.85178,0.85191,3.00,1.50
2011.04.07 14:07:51.425,0.85178,0.85192,2.25,4.50
2011.04.07 14:07:51.545,0.85176,0.85188,2.25,1.50
2011.04.07 14:07:52.097,0.85176,0.85188,1.50,1.50
2011.04.07 14:07:53.967,0.85175,0.85187,5.25,1.50
2011.04.07 14:07:54.517,0.85176,0.85187,1.50,1.50
2011.04.07 14:07:55.776,0.85177,0.85189,1.35,3.00
2011.04.07 14:07:56.331,0.85177,0.85188,1.35,3.00
2011.04.07 14:07:56.888,0.85177,0.85188,1.35,3.00
2011.04.07 14:07:57.117,0.85177,0.85189,2.10,2.25
2011.04.07 14:07:57.666,0.85178,0.85189,2.25,1.50
2011.04.07 14:08:05.828,0.85178,0.8519,2.25,1.50
2011.04.07 14:08:05.956,0.85183,0.85194,1.50,1.50
2011.04.07 14:08:06.068,0.85181,0.85195,2.25,3.00
2011.04.07 14:08:06.407,0.85181,0.85194,3.75,3.00
2011.04.07 14:08:08.386,0.85179,0.85193,5.25,5.25
2011.04.07 14:08:10.617,0.85181,0.85193,1.50,2.25
2011.04.07 14:08:16.938,0.85181,0.85192,1.50,1.50
2011.04.07 14:08:17.170,0.85181,0.85194,2.25,1.50
2011.04.07 14:08:17.287,0.85183,0.85195,1.50,2.25
2011.04.07 14:08:18.498,0.85183,0.85194,1.50,1.50
2011.04.07 14:08:18.959,0.85179,0.85191,3.75,1.50
2011.04.07 14:08:19.075,0.85179,0.85191,2.25,2.25
2011.04.07 14:08:19.625,0.85178,0.85191,4.50,3.75
2011.04.07 14:08:21.150,0.85178,0.8519,3.00,2.25
2011.04.07 14:08:21.651,0.85177,0.85188,2.25,1.50
2011.04.07 14:08:22.097,0.85176,0.85189,3.60,2.25
2011.04.07 14:08:22.318,0.85178,0.85192,5.25,1.50
2011.04.07 14:08:22.435,0.85178,0.85192,5.25,1.50
2011.04.07 14:08:22.987,0.8518,0.85192,2.25,1.50
2011.04.07 14:08:23.809,0.85173,0.8518,6.00,1.50
2011.04.07 14:08:24.040,0.85157,0.85164,2.25,3.00
2011.04.07 14:08:24.487,0.8515,0.85161,1.50,2.10
2011.04.07 14:08:24.600,0.85148,0.8516,1.50,5.25
2011.04.07 14:08:24.717,0.85148,0.85158,1.50,5.85
2011.04.07 14:08:24.938,0.85143,0.85155,3.00,1.50
2011.04.07 14:08:25.751,0.85144,0.85155,2.85,1.50
2011.04.07 14:08:27.308,0.85147,0.8516,2.25,2.25
2011.04.07 14:08:29.075,0.85148,0.8516,2.25,2.25
2011.04.07 14:08:29.624,0.8515,0.85162,1.50,3.00
2011.04.07 14:08:30.175,0.85149,0.85161,1.50,3.00
2011.04.07 14:08:34.497,0.85148,0.8516,2.25,1.50
2011.04.07 14:08:35.046,0.85149,0.85162,1.50,2.25
2011.04.07 14:08:38.499,0.85149,0.85161,1.50,1.50
2011.04.07 14:08:39.006,0.85148,0.8516,1.50,3.00
2011.04.07 14:08:39.349,0.85144,0.85156,2.25,1.50
2011.04.07 14:08:39.798,0.85143,0.85155,1.50,1.50
2011.04.07 14:08:41.826,0.85143,0.85154,1.50,2.25
2011.04.07 14:08:42.597,0.85143,0.85155,2.25,5.25
2011.04.07 14:08:45.706,0.85144,0.85156,1.50,2.40
2011.04.07 14:08:49.045,0.85144,0.85156,3.00,2.25
2011.04.07 14:08:49.595,0.85144,0.85157,2.25,3.75
2011.04.07 14:08:50.144,0.85145,0.85157,1.50,3.75
2011.04.07 14:08:50.695,0.85146,0.85158,1.50,2.25
2011.04.07 14:08:50.809,0.85147,0.85158,1.50,2.25
2011.04.07 14:08:50.928,0.85149,0.8516,1.50,1.50
2011.04.07 14:08:51.377,0.8515,0.85161,2.25,2.25
2011.04.07 14:08:51.704,0.85151,0.85163,2.25,4.50
2011.04.07 14:08:52.258,0.85151,0.85163,4.50,3.75
2011.04.07 14:08:58.328,0.85152,0.85163,3.75,2.25
2011.04.07 14:08:58.657,0.85158,0.8517,2.25,3.75
2011.04.07 14:08:59.766,0.85159,0.8517,3.75,1.50
2011.04.07 14:09:00.327,0.8516,0.85171,2.25,1.50
2011.04.07 14:09:00.879,0.85164,0.85173,1.50,3.00
2011.04.07 14:09:01.108,0.85164,0.85176,3.00,2.25
2011.04.07 14:09:01.229,0.85164,0.85176,3.00,1.50
2011.04.07 14:09:01.785,0.85166,0.85178,2.25,3.75
2011.04.07 14:09:02.337,0.85166,0.85177,1.50,1.50
2011.04.07 14:09:03.006,0.85164,0.85171,3.00,2.10
2011.04.07 14:09:03.338,0.85154,0.85166,1.50,1.50
2011.04.07 14:09:04.161,0.85154,0.85166,1.50,3.75
2011.04.07 14:09:04.829,0.85154,0.85166,1.50,4.35
2011.04.07 14:09:05.275,0.85155,0.85166,4.50,3.00
2011.04.07 14:09:06.488,0.85156,0.85168,3.00,2.25
2011.04.07 14:09:07.704,0.85156,0.85169,3.00,3.00
2011.04.07 14:09:08.255,0.85156,0.85169,3.00,3.75
2011.04.07 14:09:13.605,0.85156,0.85167,1.50,1.50
2011.04.07 14:09:14.140,0.85154,0.85162,1.50,1.50
2011.04.07 14:09:14.262,0.85149,0.85162,2.25,2.25
2011.04.07 14:09:14.814,0.8515,0.85161,1.50,1.50
2011.04.07 14:09:27.427,0.85149,0.8516,1.50,1.35
2011.04.07 14:09:27.538,0.85147,0.85156,1.50,1.50
2011.04.07 14:09:27.876,0.85143,0.85155,1.50,1.50
2011.04.07 14:09:29.570,0.85142,0.85153,1.50,2.59
2011.04.07 14:09:29.907,0.85134,0.85144,1.50,2.10
2011.04.07 14:09:30.019,0.85132,0.85144,3.00,2.10
2011.04.07 14:09:30.137,0.8513,0.85143,1.50,2.25
2011.04.07 14:09:30.739,0.8513,0.85142,1.50,2.25
2011.04.07 14:09:31.295,0.8513,0.85142,1.50,2.25
2011.04.07 14:09:31.846,0.8513,0.85142,1.50,2.25
2011.04.07 14:09:38.844,0.8513,0.85142,3.00,1.50
2011.04.07 14:09:39.621,0.85133,0.85143,1.35,2.25
2011.04.07 14:09:40.353,0.85135,0.85147,3.00,3.75
2011.04.07 14:09:40.691,0.85135,0.85147,1.50,3.75
2011.04.07 14:09:41.246,0.85134,0.85146,3.00,1.50
2011.04.07 14:09:41.686,0.85135,0.85147,1.50,3.00
2011.04.07 14:09:42.237,0.85134,0.85147,1.50,2.25
2011.04.07 14:09:43.344,0.85133,0.85147,6.00,3.00
2011.04.07 14:09:44.365,0.85133,0.85147,6.00,3.00
2011.04.07 14:09:44.700,0.85137,0.8515,2.25,3.00
2011.04.07 14:09:45.210,0.8514,0.8515,2.25,1.50
2011.04.07 14:09:48.111,0.8514,0.8515,1.50,1.50
2011.04.07 14:09:48.226,0.8514,0.85153,1.50,2.25
2011.04.07 14:09:48.665,0.85139,0.85152,2.25,1.50
2011.04.07 14:09:49.215,0.85138,0.8515,2.25,2.25
2011.04.07 14:09:49.766,0.85138,0.8515,1.50,2.25
2011.04.07 14:09:50.697,0.85138,0.8515,2.25,2.25
2011.04.07 14:09:50.808,0.85138,0.85148,2.25,4.50
2011.04.07 14:09:51.138,0.85138,0.85149,1.50,1.50
2011.04.07 14:09:51.695,0.85137,0.85148,1.50,1.50
2011.04.07 14:09:54.988,0.85139,0.8515,1.50,1.50
2011.04.07 14:09:55.220,0.85139,0.85152,1.50,3.00
2011.04.07 14:09:55.775,0.85138,0.85152,3.00,2.25
2011.04.07 14:09:58.616,0.85137,0.85149,8.25,3.75
2011.04.07 14:09:59.176,0.85136,0.85148,1.50,1.50
2011.04.07 14:10:00.938,0.85136,0.85147,1.50,2.25
2011.04.07 14:10:01.277,0.85132,0.85143,3.00,1.50
2011.04.07 14:10:01.387,0.85132,0.85143,3.00,1.50
2011.04.07 14:10:09.148,0.85133,0.85144,5.25,1.50
2011.04.07 14:10:09.555,0.85136,0.85146,1.50,3.00
2011.04.07 14:10:20.344,0.85136,0.85147,1.50,1.50
2011.04.07 14:10:20.786,0.85133,0.85145,2.25,1.50
2011.04.07 14:10:21.720,0.85133,0.85147,3.00,3.00
2011.04.07 14:10:22.605,0.85134,0.85147,1.50,3.00
2011.04.07 14:10:25.359,0.85135,0.85145,4.50,1.50
2011.04.07 14:10:25.612,0.85135,0.85149,6.75,3.00
2011.04.07 14:10:25.837,0.85138,0.8515,1.50,3.75
2011.04.07 14:10:26.295,0.85137,0.85145,3.00,1.50
2011.04.07 14:10:26.643,0.85136,0.85145,2.25,2.25
2011.04.07 14:10:26.869,0.85136,0.85145,1.50,1.50
2011.04.07 14:10:27.207,0.85132,0.85144,5.25,2.25
2011.04.07 14:10:27.648,0.85138,0.85147,1.50,2.25
2011.04.07 14:10:27.768,0.85138,0.85148,1.50,1.50
2011.04.07 14:10:28.316,0.85137,0.85148,2.25,1.50
2011.04.07 14:10:28.646,0.85138,0.85151,1.50,2.25
2011.04.07 14:10:28.755,0.85138,0.8515,1.50,1.50
2011.04.07 14:10:29.309,0.85141,0.8515,1.50,1.50
2011.04.07 14:10:29.427,0.85141,0.85153,3.00,1.50
2011.04.07 14:10:29.975,0.85142,0.85154,2.25,1.50
2011.04.07 14:10:30.912,0.85142,0.85155,4.50,3.75
2011.04.07 14:10:31.466,0.85142,0.85155,3.75,3.75
2011.04.07 14:10:31.910,0.85141,0.85152,3.00,1.50
2011.04.07 14:10:33.016,0.85142,0.85154,2.25,2.10
2011.04.07 14:10:33.565,0.85142,0.85154,1.50,2.25
2011.04.07 14:10:35.328,0.85142,0.85152,1.50,1.50
2011.04.07 14:10:35.888,0.85142,0.85154,3.75,1.50
2011.04.07 14:10:36.371,0.85143,0.85155,1.50,2.25
2011.04.07 14:10:36.492,0.85143,0.85155,6.75,1.50
2011.04.07 14:10:36.607,0.85143,0.85155,6.75,1.50
2011.04.07 14:10:37.046,0.85143,0.85156,3.00,1.50
2011.04.07 14:10:37.488,0.85143,0.85155,3.00,1.50
2011.04.07 14:10:38.035,0.85143,0.85155,3.00,1.50
2011.04.07 14:10:39.748,0.85143,0.85155,3.00,1.50
2011.04.07 14:10:41.857,0.85142,0.85155,2.25,4.35
2011.04.07 14:10:43.841,0.85142,0.85155,1.50,3.60
2011.04.07 14:10:44.064,0.85142,0.85155,1.50,4.35
2011.04.07 14:10:45.268,0.85143,0.85155,1.50,2.85
2011.04.07 14:10:45.499,0.85145,0.85155,1.35,1.50
2011.04.07 14:10:45.728,0.85146,0.85158,1.50,2.25
2011.04.07 14:10:46.167,0.85146,0.85159,3.00,3.00
2011.04.07 14:10:47.718,0.85148,0.85159,1.50,2.25
2011.04.07 14:10:48.249,0.85147,0.8516,2.25,3.75
2011.04.07 14:10:49.247,0.85147,0.85159,2.25,1.50
2011.04.07 14:10:49.581,0.85133,0.85142,2.25,1.50
2011.04.07 14:10:49.916,0.85133,0.85144,2.25,3.00
2011.04.07 14:10:50.359,0.85132,0.85142,1.50,1.50
2011.04.07 14:10:50.915,0.8513,0.85143,3.75,3.00
2011.04.07 14:10:53.338,0.8513,0.85143,2.25,3.00
2011.04.07 14:10:53.877,0.85131,0.85143,1.50,3.00
2011.04.07 14:10:54.210,0.85131,0.85143,3.00,4.50
2011.04.07 14:10:57.075,0.85131,0.85143,2.85,3.00
2011.04.07 14:10:57.626,0.85131,0.85142,1.50,1.50
2011.04.07 14:10:58.704,0.85131,0.85142,1.50,1.50
2011.04.07 14:11:00.437,0.85132,0.85142,6.00,1.50
2011.04.07 14:11:00.547,0.85135,0.85143,1.50,3.00
2011.04.07 14:11:00.768,0.85135,0.85147,5.25,1.50
2011.04.07 14:11:01.315,0.85137,0.85148,1.50,1.50
2011.04.07 14:11:08.527,0.85138,0.85151,2.25,2.25
2011.04.07 14:11:08.636,0.85139,0.85151,3.75,3.00
2011.04.07 14:11:08.858,0.85137,0.85149,3.00,1.50
2011.04.07 14:11:09.188,0.85137,0.85146,2.25,1.50
2011.04.07 14:11:09.417,0.85134,0.85145,2.25,1.50
2011.04.07 14:11:10.407,0.85132,0.85145,3.00,3.00
2011.04.07 14:11:12.110,0.85132,0.85145,1.50,2.25
2011.04.07 14:11:16.115,0.85132,0.85145,1.50,2.25
2011.04.07 14:11:16.667,0.85133,0.85145,1.50,1.50
2011.04.07 14:11:17.216,0.85132,0.85145,1.50,2.25
2011.04.07 14:11:25.869,0.85132,0.85145,1.50,2.25
2011.04.07 14:11:26.756,0.85132,0.85145,1.50,1.50
2011.04.07 14:11:27.346,0.85132,0.85145,5.25,1.50
2011.04.07 14:11:27.895,0.85132,0.85145,2.25,2.25
2011.04.07 14:11:28.005,0.85132,0.85145,2.25,2.25
2011.04.07 14:11:28.666,0.85132,0.85145,2.25,2.25
2011.04.07 14:11:29.325,0.85132,0.85145,1.50,1.50
2011.04.07 14:11:29.947,0.85132,0.85145,1.50,2.25
2011.04.07 14:11:32.365,0.85132,0.85145,1.50,2.25
2011.04.07 14:11:33.026,0.85132,0.85145,1.50,1.50
2011.04.07 14:11:33.357,0.8513,0.85143,1.50,2.25
2011.04.07 14:11:33.468,0.8513,0.85143,1.50,2.25
2011.04.07 14:11:33.685,0.85129,0.85143,3.00,2.25
2011.04.07 14:11:34.236,0.85129,0.85142,1.50,1.50
2011.04.07 14:11:34.565,0.8513,0.85143,1.50,3.75
2011.04.07 14:11:35.556,0.85129,0.85143,3.00,3.75
2011.04.07 14:11:36.106,0.8513,0.85143,2.10,4.50
2011.04.07 14:11:36.656,0.8513,0.85143,1.35,4.50
2011.04.07 14:11:43.206,0.85131,0.85143,1.50,4.50
2011.04.07 14:11:43.849,0.85132,0.85145,1.50,3.00
2011.04.07 14:11:44.287,0.85132,0.85145,3.00,2.25
2011.04.07 14:11:48.206,0.85133,0.85145,1.50,1.50
2011.04.07 14:11:48.538,0.85135,0.85147,6.75,2.25
2011.04.07 14:11:51.188,0.8514,0.85149,1.50,1.50
2011.04.07 14:11:51.406,0.85141,0.8515,1.50,1.50
2011.04.07 14:11:51.957,0.8514,0.85151,1.50,3.00
2011.04.07 14:12:00.382,0.85136,0.8514,2.25,2.25
2011.04.07 14:12:00.619,0.85122,0.85129,1.50,2.25
2011.04.07 14:12:00.740,0.85127,0.85132,1.50,4.50
2011.04.07 14:12:01.252,0.85116,0.85125,1.50,1.50
2011.04.07 14:12:01.599,0.85113,0.85125,2.25,2.25
2011.04.07 14:12:02.158,0.85114,0.85125,1.50,1.50
2011.04.07 14:12:02.705,0.85114,0.85127,2.25,3.75
2011.04.07 14:12:03.367,0.85117,0.85127,1.50,1.50
2011.04.07 14:12:03.697,0.85124,0.85129,1.50,2.25
2011.04.07 14:12:03.807,0.85125,0.85135,1.50,5.25
2011.04.07 14:12:04.540,0.85121,0.85134,3.75,3.75
2011.04.07 14:12:04.667,0.85126,0.85137,1.50,1.50
2011.04.07 14:12:04.997,0.85132,0.8514,2.25,1.50
2011.04.07 14:12:05.107,0.85132,0.85143,2.25,2.25
2011.04.07 14:12:05.216,0.85134,0.85143,1.50,1.50
2011.04.07 14:12:05.548,0.85135,0.85148,1.50,7.50
2011.04.07 14:12:06.319,0.85135,0.85147,3.75,1.50
2011.04.07 14:12:07.428,0.85134,0.85146,1.50,1.50
2011.04.07 14:12:07.896,0.85133,0.85145,1.50,1.50
2011.04.07 14:12:09.629,0.85133,0.85146,2.25,7.50
2011.04.07 14:12:10.185,0.85133,0.85145,5.25,1.50
2011.04.07 14:12:10.299,0.85133,0.85145,4.50,2.25
2011.04.07 14:12:10.638,0.85133,0.85145,1.50,2.25
2011.04.07 14:12:10.857,0.85133,0.85145,3.00,2.25
2011.04.07 14:12:11.407,0.85133,0.85146,2.25,3.00
2011.04.07 14:12:12.939,0.85135,0.85148,1.50,3.00
2011.04.07 14:12:16.557,0.85135,0.85148,1.50,2.25
2011.04.07 14:12:17.108,0.85135,0.85148,2.25,2.25
2011.04.07 14:12:17.547,0.85138,0.85149,1.50,2.25
2011.04.07 14:12:17.878,0.85138,0.85149,2.25,2.25
2011.04.07 14:12:17.987,0.8514,0.8515,1.50,1.50
2011.04.07 14:12:18.540,0.85141,0.85151,1.50,1.50
2011.04.07 14:12:19.117,0.85141,0.85152,1.50,2.25
2011.04.07 14:12:19.997,0.85146,0.85155,1.50,6.60
2011.04.07 14:12:20.218,0.85143,0.85152,3.00,1.50
2011.04.07 14:12:20.341,0.85146,0.85155,1.50,6.75
2011.04.07 14:12:20.566,0.85142,0.85155,3.00,1.50
2011.04.07 14:12:21.115,0.85143,0.85155,2.25,1.50
2011.04.07 14:12:25.297,0.85142,0.85155,3.00,1.50
2011.04.07 14:12:25.845,0.85142,0.85156,2.25,3.00
2011.04.07 14:12:27.506,0.85142,0.85155,2.25,1.50
2011.04.07 14:12:43.356,0.85143,0.85155,2.25,1.50
2011.04.07 14:12:46.555,0.85143,0.85155,2.25,2.25
2011.04.07 14:12:50.780,0.85142,0.85154,1.50,1.50
2011.04.07 14:12:50.897,0.8514,0.85153,6.75,1.50
2011.04.07 14:12:51.230,0.85154,0.8516,1.35,2.25
2011.04.07 14:12:51.460,0.85146,0.85153,1.50,1.50
2011.04.07 14:12:51.905,0.85141,0.85153,1.50,2.25
2011.04.07 14:12:54.675,0.85141,0.85153,2.25,1.50
2011.04.07 14:12:54.918,0.85139,0.85147,1.50,5.25
2011.04.07 14:12:55.251,0.85132,0.8514,2.25,5.25
2011.04.07 14:12:55.370,0.85127,0.85137,2.25,1.50
2011.04.07 14:12:55.707,0.85124,0.85135,4.50,2.25
2011.04.07 14:12:56.808,0.85126,0.85135,1.50,1.50
2011.04.07 14:12:57.314,0.8513,0.85141,1.50,2.25
2011.04.07 14:12:57.977,0.85128,0.8514,1.50,2.25
2011.04.07 14:13:06.339,0.85131,0.8514,1.50,2.25
2011.04.07 14:13:06.681,0.85137,0.85145,1.50,1.50
2011.04.07 14:13:06.798,0.85137,0.85145,1.50,1.50
2011.04.07 14:13:07.019,0.85137,0.8515,1.50,3.00
2011.04.07 14:13:07.138,0.85137,0.8515,6.00,2.25
2011.04.07 14:13:07.468,0.85137,0.8515,6.00,2.25
2011.04.07 14:13:08.019,0.85138,0.85151,2.25,5.25
2011.04.07 14:13:09.326,0.85139,0.85151,1.50,3.00
2011.04.07 14:13:10.998,0.8514,0.85151,1.50,2.25
2011.04.07 14:13:11.107,0.85141,0.85151,1.50,1.50
2011.04.07 14:13:11.327,0.85143,0.85154,1.50,1.50
2011.04.07 14:13:11.877,0.85143,0.85155,2.25,1.50
2011.04.07 14:13:14.076,0.85143,0.85154,1.50,1.50
2011.04.07 14:13:14.792,0.85141,0.85153,2.25,1.50
2011.04.07 14:13:15.465,0.85142,0.85154,1.50,1.50
2011.04.07 14:13:16.384,0.85142,0.85155,1.50,3.00
2011.04.07 14:13:16.936,0.85142,0.85153,1.50,2.10
2011.04.07 14:13:17.378,0.85143,0.85155,1.50,2.25
2011.04.07 14:13:17.707,0.85144,0.85155,1.50,1.50
2011.04.07 14:13:19.375,0.85144,0.85156,1.50,3.00
2011.04.07 14:13:20.478,0.85143,0.85154,2.25,1.50
2011.04.07 14:13:20.698,0.85141,0.85154,2.25,2.25
2011.04.07 14:13:23.876,0.85142,0.85154,1.50,2.25
2011.04.07 14:13:24.100,0.85144,0.85155,2.25,1.50
2011.04.07 14:13:27.248,0.85144,0.85155,1.50,1.50
2011.04.07 14:13:34.099,0.85144,0.85155,2.25,1.50
2011.04.07 14:13:34.657,0.85141,0.85153,3.00,1.50
2011.04.07 14:13:35.263,0.85141,0.85153,2.25,1.50
2011.04.07 14:13:36.149,0.85139,0.85145,1.50,1.50
2011.04.07 14:13:36.270,0.85137,0.85147,2.25,5.25
2011.04.07 14:13:36.388,0.85139,0.8515,1.50,2.25
2011.04.07 14:13:36.611,0.85136,0.85148,2.25,1.50
2011.04.07 14:13:36.728,0.85136,0.85148,3.00,2.25
2011.04.07 14:13:37.277,0.85136,0.85148,3.00,3.00
2011.04.07 14:13:37.827,0.85136,0.85148,3.00,2.25
2011.04.07 14:13:38.377,0.85136,0.85148,3.00,1.50
2011.04.07 14:13:39.699,0.85134,0.85144,1.50,2.25
2011.04.07 14:13:40.037,0.85131,0.8514,1.50,1.50
2011.04.07 14:13:42.237,0.85129,0.8514,1.50,1.50
2011.04.07 14:13:42.458,0.85131,0.85141,1.50,1.50
2011.04.07 14:13:43.007,0.85131,0.85142,1.50,3.75
2011.04.07 14:13:43.817,0.85131,0.85143,1.50,2.25
2011.04.07 14:13:47.887,0.85132,0.85144,1.50,4.50
2011.04.07 14:13:48.517,0.85133,0.85144,1.50,1.50
2011.04.07 14:13:48.636,0.85137,0.85145,1.50,1.50
2011.04.07 14:13:48.750,0.85137,0.85149,2.25,6.00
2011.04.07 14:13:49.306,0.85138,0.85149,1.50,2.25
2011.04.07 14:13:50.837,0.85139,0.8515,3.00,2.25
2011.04.07 14:13:50.949,0.85139,0.85152,3.00,3.00
2011.04.07 14:13:51.068,0.85139,0.85152,3.00,3.00
2011.04.07 14:13:51.726,0.85142,0.85152,1.50,3.00
2011.04.07 14:13:52.058,0.85137,0.85148,2.25,2.25
2011.04.07 14:13:52.177,0.85136,0.85148,1.50,2.25
2011.04.07 14:13:52.287,0.85136,0.85145,1.50,1.50
2011.04.07 14:13:52.396,0.85135,0.85149,2.25,3.75
2011.04.07 14:13:52.508,0.85136,0.85149,1.50,4.50
2011.04.07 14:13:54.409,0.85141,0.85149,5.25,1.50
2011.04.07 14:13:54.738,0.85142,0.85154,1.50,3.75
2011.04.07 14:13:54.847,0.85142,0.85154,2.25,2.25
2011.04.07 14:13:55.396,0.85142,0.85153,3.00,2.25
2011.04.07 14:13:57.919,0.8514,0.85146,4.50,1.50
2011.04.07 14:13:58.347,0.85136,0.85148,3.00,3.00
2011.04.07 14:13:58.909,0.85136,0.85148,2.25,2.25
2011.04.07 14:13:59.906,0.85136,0.85148,1.50,3.00
2011.04.07 14:14:00.454,0.85136,0.85148,2.25,2.25
2011.04.07 14:14:02.108,0.85136,0.85148,2.25,2.25
2011.04.07 14:14:03.426,0.85136,0.85148,1.50,2.25
2011.04.07 14:14:03.649,0.85136,0.85147,1.50,1.50
2011.04.07 14:14:03.876,0.85135,0.85144,1.50,1.50
2011.04.07 14:14:04.096,0.85135,0.85147,1.50,3.00
2011.04.07 14:14:04.524,0.85136,0.85148,1.50,2.25
2011.04.07 14:14:05.195,0.85136,0.85148,2.25,2.25
2011.04.07 14:14:05.746,0.85136,0.85148,1.50,1.50
2011.04.07 14:14:06.296,0.85136,0.85148,2.25,1.50
2011.04.07 14:14:06.846,0.85136,0.85148,2.25,2.25
2011.04.07 14:14:07.396,0.85136,0.85148,2.25,2.25
2011.04.07 14:14:08.106,0.85136,0.85148,3.00,2.25
2011.04.07 14:14:12.302,0.85137,0.8515,1.50,3.00
2011.04.07 14:14:12.417,0.85139,0.8515,1.50,1.50
2011.04.07 14:14:13.028,0.85138,0.8515,3.00,1.50
2011.04.07 14:14:18.417,0.8514,0.85151,1.50,3.00
2011.04.07 14:14:18.816,0.8514,0.85151,2.25,3.00
2011.04.07 14:14:18.935,0.85142,0.85154,2.25,1.50
2011.04.07 14:14:20.256,0.85143,0.85154,3.00,1.50
2011.04.07 14:14:20.806,0.85143,0.85155,2.25,2.25
2011.04.07 14:14:22.045,0.85143,0.85155,3.00,2.25
2011.04.07 14:14:22.606,0.85143,0.85155,3.00,2.25
2011.04.07 14:14:25.539,0.85146,0.85155,1.50,2.25
2011.04.07 14:14:26.123,0.85144,0.85155,3.00,1.50
2011.04.07 14:14:27.229,0.85145,0.85155,1.50,2.25
2011.04.07 14:14:27.567,0.85143,0.85154,1.50,1.50
2011.04.07 14:14:28.336,0.85143,0.85155,1.50,1.50
2011.04.07 14:14:28.447,0.85142,0.85156,3.75,1.50
2011.04.07 14:14:30.717,0.85142,0.85156,3.75,1.50
2011.04.07 14:14:31.270,0.85143,0.85155,1.50,1.50
2011.04.07 14:14:32.159,0.85145,0.85155,1.50,1.50
2011.04.07 14:14:32.280,0.85145,0.85158,1.50,2.25
2011.04.07 14:14:32.399,0.85146,0.85158,1.50,1.50
2011.04.07 14:14:32.518,0.85144,0.85158,1.50,2.85
2011.04.07 14:14:32.847,0.85142,0.85155,3.75,1.50
2011.04.07 14:14:33.396,0.85141,0.85154,2.25,2.25
2011.04.07 14:14:34.057,0.85141,0.85152,2.25,1.50
2011.04.07 14:14:40.216,0.85142,0.85153,3.00,1.50
2011.04.07 14:14:40.877,0.85142,0.85153,3.00,1.50
2011.04.07 14:14:41.412,0.85142,0.85153,3.00,1.50
2011.04.07 14:14:42.777,0.8514,0.85147,5.25,4.50
2011.04.07 14:14:42.888,0.85141,0.85149,2.25,2.25
2011.04.07 14:14:42.999,0.8514,0.8515,1.50,1.50
2011.04.07 14:14:43.119,0.85138,0.85149,2.25,2.25
2011.04.07 14:14:43.347,0.85136,0.85148,3.00,1.50
2011.04.07 14:14:43.457,0.85136,0.85148,2.25,3.00
2011.04.07 14:14:44.007,0.85136,0.85148,1.50,3.00
2011.04.07 14:14:46.869,0.85134,0.85147,3.60,3.75
2011.04.07 14:14:47.756,0.85135,0.85147,1.50,3.75
2011.04.07 14:14:48.637,0.85135,0.85147,1.50,4.50
2011.04.07 14:14:49.186,0.85135,0.85147,1.50,2.25
2011.04.07 14:14:49.518,0.85135,0.85147,2.25,2.25
2011.04.07 14:14:51.887,0.85135,0.85147,1.50,2.25
2011.04.07 14:14:52.218,0.85136,0.85147,2.25,1.50
2011.04.07 14:14:52.548,0.85136,0.85149,2.25,3.00
2011.04.07 14:14:53.096,0.85136,0.85149,2.25,3.00
2011.04.07 14:14:53.429,0.85135,0.85148,6.75,2.25
2011.04.07 14:14:54.202,0.85134,0.85148,3.00,3.00
2011.04.07 14:14:55.736,0.85134,0.85148,1.50,3.00
2011.04.07 14:14:56.398,0.85134,0.85148,2.85,2.25
2011.04.07 14:14:56.509,0.85135,0.85148,2.25,1.50
2011.04.07 14:14:57.051,0.85136,0.85149,5.85,3.00
2011.04.07 14:15:00.377,0.85141,0.85149,1.50,2.25
2011.04.07 14:15:00.599,0.85141,0.85154,3.00,4.50
2011.04.07 14:15:00.827,0.85142,0.85154,1.50,1.50
2011.04.07 14:15:01.266,0.85143,0.85153,1.50,1.50
2011.04.07 14:15:04.390,0.85145,0.85156,1.50,2.25
2011.04.07 14:15:04.946,0.85146,0.85159,3.75,1.50
2011.04.07 14:15:05.507,0.85147,0.8516,2.25,3.75
2011.04.07 14:15:05.835,0.85148,0.8516,1.50,3.75
2011.04.07 14:15:06.178,0.85151,0.85163,6.75,1.50
2011.04.07 14:15:06.288,0.85152,0.85163,2.25,1.50
2011.04.07 14:15:06.399,0.85153,0.85166,2.25,1.50
2011.04.07 14:15:06.847,0.85152,0.85165,2.25,1.50
2011.04.07 14:15:06.958,0.85153,0.85166,1.50,4.50
2011.04.07 14:15:07.175,0.85152,0.85165,3.00,1.50
2011.04.07 14:15:12.390,0.85154,0.85166,1.50,1.50
2011.04.07 14:15:12.726,0.85154,0.85166,1.50,3.75
2011.04.07 14:15:13.283,0.85152,0.85166,3.00,3.75
2011.04.07 14:15:14.606,0.85153,0.85166,1.50,3.75
2011.04.07 14:15:22.537,0.85154,0.85166,1.50,1.50
2011.04.07 14:15:23.088,0.85156,0.85169,6.00,3.00
2011.04.07 14:15:26.126,0.85157,0.85169,1.50,1.50
2011.04.07 14:15:26.839,0.85158,0.85169,2.25,1.50
2011.04.07 14:15:29.676,0.85158,0.85169,3.00,1.50
2011.04.07 14:15:29.788,0.85159,0.85169,2.25,1.50
2011.04.07 14:15:30.226,0.8516,0.85172,3.75,2.25
2011.04.07 14:15:31.325,0.8516,0.85171,3.75,2.25
2011.04.07 14:15:31.657,0.85161,0.85171,2.25,2.25
2011.04.07 14:15:33.995,0.85162,0.85173,1.50,1.50
2011.04.07 14:15:37.079,0.85162,0.85173,2.25,2.25
2011.04.07 14:15:37.481,0.85162,0.85173,1.50,2.25
2011.04.07 14:15:38.257,0.8516,0.85173,2.25,1.50
2011.04.07 14:15:39.826,0.8516,0.85173,2.25,2.25
2011.04.07 14:15:43.518,0.8516,0.85173,1.50,2.25
2011.04.07 14:15:43.960,0.85158,0.85171,1.50,2.25
2011.04.07 14:15:44.085,0.85157,0.8517,2.25,2.10
2011.04.07 14:15:44.198,0.85157,0.8517,2.25,2.85
2011.04.07 14:15:44.751,0.85157,0.85169,2.25,1.50
2011.04.07 14:15:47.908,0.85158,0.85171,3.00,2.25
2011.04.07 14:15:49.007,0.8516,0.85171,1.50,2.25
2011.04.07 14:15:49.556,0.85159,0.85171,2.25,1.50
2011.04.07 14:15:51.337,0.85159,0.85169,1.50,2.25
2011.04.07 14:15:52.829,0.85158,0.85171,3.00,1.50
2011.04.07 14:15:53.378,0.8516,0.85171,2.25,1.50
2011.04.07 14:15:53.926,0.8516,0.85172,1.50,1.35
2011.04.07 14:15:54.811,0.85161,0.85173,2.25,4.50
2011.04.07 14:16:01.377,0.8516,0.85173,3.00,2.85
2011.04.07 14:16:02.798,0.8516,0.85172,2.25,2.25
2011.04.07 14:16:05.469,0.8516,0.85173,3.00,1.50
2011.04.07 14:16:06.137,0.85161,0.85173,1.50,1.50
2011.04.07 14:16:08.726,0.85166,0.85173,1.50,2.25
2011.04.07 14:16:08.838,0.85164,0.85174,1.50,1.50
2011.04.07 14:16:09.058,0.85162,0.85174,1.50,3.75
2011.04.07 14:16:11.490,0.85163,0.85173,5.25,2.25
2011.04.07 14:16:11.716,0.85164,0.85176,1.50,1.50
2011.04.07 14:16:12.266,0.85163,0.85176,1.50,2.25
2011.04.07 14:16:13.912,0.85163,0.85175,1.50,1.50
2011.04.07 14:16:14.472,0.85167,0.85175,1.50,1.50
2011.04.07 14:16:14.699,0.85168,0.85181,2.25,2.25
2011.04.07 14:16:15.040,0.85175,0.85182,1.50,2.25
2011.04.07 14:16:15.159,0.85176,0.85183,1.50,1.50
2011.04.07 14:16:15.273,0.85173,0.85183,3.00,1.50
2011.04.07 14:16:15.390,0.85174,0.85186,5.25,2.25
2011.04.07 14:16:16.171,0.85174,0.85184,3.00,1.50
2011.04.07 14:16:16.572,0.85171,0.85183,6.00,1.50
2011.04.07 14:16:18.447,0.85171,0.85183,2.25,2.25
2011.04.07 14:16:18.851,0.85168,0.8518,2.25,2.25
2011.04.07 14:16:18.974,0.85167,0.85179,2.25,2.10
2011.04.07 14:16:19.307,0.85166,0.85178,2.25,1.50
2011.04.07 14:16:19.749,0.85167,0.8518,3.60,1.50
2011.04.07 14:16:19.867,0.85167,0.85181,6.60,1.50
2011.04.07 14:16:20.426,0.85167,0.85182,7.35,4.50
2011.04.07 14:16:20.977,0.85169,0.85181,1.50,1.50
2011.04.07 14:16:25.320,0.85168,0.85174,2.25,1.50
2011.04.07 14:16:25.441,0.85165,0.85174,3.00,1.50
2011.04.07 14:16:25.892,0.85165,0.85174,1.50,1.50
2011.04.07 14:16:26.008,0.85163,0.85174,3.75,2.25
2011.04.07 14:16:26.557,0.85163,0.85175,1.50,1.50
2011.04.07 14:16:27.217,0.85164,0.85176,2.25,1.50
2011.04.07 14:16:28.095,0.85165,0.85177,1.50,5.25
2011.04.07 14:16:28.536,0.85165,0.85174,1.50,2.25
2011.04.07 14:16:28.925,0.85164,0.85174,1.50,1.50
2011.04.07 14:16:29.158,0.85164,0.85177,2.25,3.75
2011.04.07 14:16:31.058,0.85163,0.85175,1.50,1.50
2011.04.07 14:16:32.047,0.85163,0.85174,1.50,2.25
2011.04.07 14:16:32.596,0.85161,0.85174,1.50,5.25
2011.04.07 14:16:38.218,0.85161,0.85174,1.50,3.75
2011.04.07 14:16:39.260,0.85161,0.85173,1.50,3.75
2011.04.07 14:16:39.489,0.85158,0.85171,1.50,1.35
2011.04.07 14:16:40.046,0.85157,0.85169,1.50,1.50
2011.04.07 14:16:41.037,0.85159,0.85169,1.50,1.50
2011.04.07 14:16:41.367,0.85157,0.85169,1.50,2.25
2011.04.07 14:16:44.246,0.85157,0.85169,1.50,6.75
2011.04.07 14:16:44.577,0.85155,0.85168,3.00,2.85
2011.04.07 14:16:45.128,0.85155,0.85167,1.50,3.00
2011.04.07 14:16:46.875,0.85156,0.85167,1.50,2.25
2011.04.07 14:16:53.046,0.85156,0.85167,1.50,2.25
2011.04.07 14:16:53.596,0.85155,0.85166,2.25,1.50
2011.04.07 14:16:54.456,0.85155,0.85167,1.50,2.10
2011.04.07 14:16:57.655,0.85154,0.85167,3.75,2.25
2011.04.07 14:16:58.206,0.85154,0.85167,3.00,1.50
2011.04.07 14:16:59.968,0.85154,0.85167,3.00,2.25
2011.04.07 14:17:00.763,0.85154,0.85166,2.25,1.50
2011.04.07 14:17:00.886,0.85153,0.85165,3.00,2.25
2011.04.07 14:17:01.006,0.85152,0.85164,3.75,2.25
2011.04.07 14:17:01.777,0.85151,0.85164,3.00,6.75
2011.04.07 14:17:06.796,0.85152,0.85164,1.50,6.75
2011.04.07 14:17:08.186,0.85152,0.85163,1.50,4.50
2011.04.07 14:17:11.017,0.85152,0.85162,1.50,2.25
2011.04.07 14:17:14.466,0.85152,0.85162,1.50,6.75
2011.04.07 14:17:15.018,0.85151,0.85162,1.50,7.50
2011.04.07 14:17:15.948,0.8515,0.85162,1.50,7.50
2011.04.07 14:17:24.516,0.8515,0.85162,1.50,3.00
2011.04.07 14:17:24.738,0.85152,0.85162,2.25,1.50
2011.04.07 14:17:25.070,0.85157,0.85167,1.50,2.25
2011.04.07 14:17:25.634,0.85157,0.85167,1.50,1.50
2011.04.07 14:17:26.210,0.85158,0.85167,2.25,1.50
2011.04.07 14:17:26.337,0.85159,0.85171,2.25,1.50
2011.04.07 14:17:26.671,0.85161,0.85173,1.50,2.25
2011.04.07 14:17:27.008,0.85164,0.85176,1.50,3.75
2011.04.07 14:17:27.448,0.85164,0.85176,3.75,3.00
2011.04.07 14:17:45.508,0.85164,0.85175,3.00,1.50
2011.04.07 14:17:45.622,0.85164,0.85174,1.50,1.50
2011.04.07 14:17:46.175,0.85162,0.85173,1.50,1.50
2011.04.07 14:17:47.089,0.85166,0.85173,4.50,1.50
2011.04.07 14:17:47.317,0.85166,0.85179,2.25,3.00
2011.04.07 14:17:47.426,0.85166,0.85179,2.25,3.75
2011.04.07 14:17:47.757,0.85167,0.85179,4.50,2.25
2011.04.07 14:17:48.196,0.85171,0.85181,1.50,3.00
2011.04.07 14:17:48.746,0.85171,0.85182,1.50,2.25
2011.04.07 14:17:49.557,0.85171,0.85182,1.50,1.50
2011.04.07 14:17:56.596,0.85171,0.85182,1.50,2.25
2011.04.07 14:17:57.255,0.85171,0.85182,1.50,2.25
2011.04.07 14:18:00.128,0.85171,0.85182,2.25,2.25
2011.04.07 14:18:01.447,0.85172,0.85184,1.50,1.50
2011.04.07 14:18:01.667,0.85171,0.85184,2.25,2.25
2011.04.07 14:18:02.247,0.85172,0.85184,2.25,3.75
2011.04.07 14:18:03.127,0.85172,0.85184,1.50,3.75
2011.04.07 14:18:03.237,0.85172,0.85184,5.25,3.00
2011.04.07 14:18:03.786,0.85174,0.85186,1.50,2.25
2011.04.07 14:18:04.119,0.85171,0.85183,4.50,1.50
2011.04.07 14:18:05.556,0.85173,0.85183,1.99,2.25
2011.04.07 14:18:06.107,0.85174,0.85183,1.73,1.50
2011.04.07 14:18:06.216,0.85171,0.85183,1.50,1.50
2011.04.07 14:18:06.986,0.8517,0.85183,1.50,2.25
2011.04.07 14:18:08.419,0.8517,0.85183,1.50,2.25
2011.04.07 14:18:08.977,0.8517,0.85183,1.50,2.25
2011.04.07 14:18:11.667,0.85169,0.85183,2.85,3.75
2011.04.07 14:18:12.219,0.85169,0.85182,2.10,2.25
2011.04.07 14:18:12.777,0.8517,0.85182,2.25,2.25
2011.04.07 14:18:13.277,0.85171,0.85182,1.50,2.25
2011.04.07 14:18:13.897,0.85172,0.85184,1.50,3.75
2011.04.07 14:18:14.117,0.85173,0.85184,1.50,1.50
2011.04.07 14:18:14.666,0.85174,0.85185,2.25,1.50
2011.04.07 14:18:15.220,0.85174,0.85187,3.00,2.25
2011.04.07 14:18:16.658,0.85174,0.85187,3.00,3.75
2011.04.07 14:18:17.056,0.85174,0.85183,1.50,1.50
2011.04.07 14:18:17.396,0.85171,0.85183,2.25,2.25
2011.04.07 14:18:18.277,0.8517,0.85182,1.50,1.50
2011.04.07 14:18:28.819,0.85169,0.8518,1.50,1.50
2011.04.07 14:18:29.158,0.85164,0.85175,1.50,1.50
2011.04.07 14:18:29.597,0.85163,0.85172,1.50,1.35
2011.04.07 14:18:29.928,0.85157,0.8517,2.25,1.50
2011.04.07 14:18:30.037,0.85157,0.8517,2.25,2.25
2011.04.07 14:18:31.977,0.85156,0.85169,3.00,1.50
2011.04.07 14:18:32.526,0.85156,0.85168,2.25,1.50
2011.04.07 14:18:34.902,0.85156,0.85168,3.00,1.50
2011.04.07 14:18:35.347,0.85156,0.85168,3.00,1.50
2011.04.07 14:18:35.455,0.85156,0.85168,2.25,1.50
2011.04.07 14:18:35.786,0.85156,0.85169,3.75,1.50
2011.04.07 14:18:38.109,0.85157,0.85165,1.50,1.50
2011.04.07 14:18:38.532,0.85156,0.85168,1.50,1.50
2011.04.07 14:18:41.436,0.85156,0.85168,1.50,1.50
2011.04.07 14:18:41.655,0.85155,0.85168,3.00,1.50
2011.04.07 14:18:42.206,0.85156,0.85168,1.50,1.50
2011.04.07 14:18:44.188,0.85158,0.85169,1.50,1.50
2011.04.07 14:18:44.754,0.85156,0.85168,1.50,1.50
2011.04.07 14:18:45.309,0.85156,0.85168,2.25,1.50
2011.04.07 14:18:46.965,0.85157,0.85168,2.25,1.50
2011.04.07 14:18:48.068,0.85157,0.85168,2.25,1.50
2011.04.07 14:18:48.948,0.85157,0.85169,1.50,1.50
2011.04.07 14:18:49.387,0.85157,0.85169,2.25,2.25
2011.04.07 14:18:50.055,0.85157,0.85169,3.00,2.85
2011.04.07 14:18:50.497,0.85156,0.85168,2.25,1.50
2011.04.07 14:18:50.717,0.85156,0.85168,2.25,1.50
2011.04.07 14:18:51.267,0.85157,0.85168,1.50,1.50
2011.04.07 14:18:55.446,0.85158,0.8517,2.25,3.00
2011.04.07 14:18:56.218,0.85158,0.85165,1.50,1.50
2011.04.07 14:18:56.667,0.85152,0.85165,1.50,6.00
2011.04.07 14:18:56.777,0.85152,0.85163,1.50,1.50
2011.04.07 14:18:56.887,0.85151,0.85162,1.50,2.25
2011.04.07 14:18:56.998,0.85148,0.8516,7.05,1.50
2011.04.07 14:18:57.513,0.85147,0.85159,2.25,1.50
2011.04.07 14:19:00.518,0.85151,0.85161,1.50,3.75
2011.04.07 14:19:00.740,0.85152,0.85163,5.10,1.50
2011.04.07 14:19:00.967,0.85151,0.85163,1.50,2.25
2011.04.07 14:19:02.507,0.85151,0.85163,1.50,3.00
2011.04.07 14:19:05.379,0.85151,0.85163,1.50,3.00
2011.04.07 14:19:05.503,0.85152,0.85163,1.50,2.25
2011.04.07 14:19:06.829,0.85154,0.85165,1.50,2.25
2011.04.07 14:19:08.498,0.85151,0.85162,2.25,2.25
2011.04.07 14:19:08.830,0.85151,0.85161,1.50,1.50
2011.04.07 14:19:09.500,0.85149,0.85161,1.50,1.50
2011.04.07 14:19:15.571,0.85151,0.85163,2.10,4.50
2011.04.07 14:19:15.687,0.85151,0.85163,2.10,3.75
2011.04.07 14:19:24.253,0.85152,0.85164,1.50,2.25
2011.04.07 14:19:27.008,0.85152,0.85163,1.50,2.25
2011.04.07 14:19:28.107,0.8515,0.85162,3.00,1.50
2011.04.07 14:19:28.677,0.8515,0.85162,3.00,2.25
2011.04.07 14:19:29.260,0.8515,0.85162,3.75,3.00
2011.04.07 14:19:30.148,0.8515,0.85162,3.75,3.00
2011.04.07 14:19:30.700,0.8515,0.85162,3.75,3.00
2011.04.07 14:19:31.148,0.85148,0.85162,3.00,3.75
2011.04.07 14:19:31.479,0.85149,0.85162,1.50,5.25
2011.04.07 14:19:31.591,0.8515,0.85161,2.25,1.50
2011.04.07 14:19:36.997,0.85151,0.85162,1.50,2.25
2011.04.07 14:19:42.350,0.8515,0.85161,1.35,1.50
2011.04.07 14:19:42.796,0.85149,0.8516,5.25,1.50
2011.04.07 14:19:43.357,0.85149,0.8516,1.50,3.75
2011.04.07 14:19:48.702,0.85148,0.85159,2.25,1.50
2011.04.07 14:19:58.517,0.8515,0.85159,1.50,1.50
2011.04.07 14:19:59.066,0.8515,0.8516,1.50,1.50
2011.04.07 14:20:00.557,0.85148,0.85159,5.85,1.50
2011.04.07 14:20:00.781,0.85147,0.85155,1.50,1.50
2011.04.07 14:20:01.228,0.8514,0.85153,1.50,2.25
2011.04.07 14:20:01.588,0.8514,0.85152,1.50,1.50
2011.04.07 14:20:02.027,0.8514,0.85152,3.00,3.00
2011.04.07 14:20:02.578,0.85143,0.85154,1.50,1.50
2011.04.07 14:20:05.897,0.85143,0.85154,2.25,1.50
2011.04.07 14:20:06.446,0.85143,0.85154,1.50,1.50
2011.04.07 14:20:13.256,0.85148,0.85154,1.50,2.25
2011.04.07 14:20:14.399,0.85151,0.85157,1.50,2.25
2011.04.07 14:20:14.520,0.85149,0.85158,1.50,2.25
2011.04.07 14:20:14.749,0.85151,0.85158,1.50,1.50
2011.04.07 14:20:15.308,0.85153,0.85163,1.50,3.00
2011.04.07 14:20:15.858,0.85154,0.85163,1.50,5.25
2011.04.07 14:20:16.626,0.85155,0.85163,1.50,5.25
2011.04.07 14:20:20.378,0.85154,0.85163,1.50,5.25
2011.04.07 14:20:21.037,0.8515,0.85158,2.25,1.50
2011.04.07 14:20:21.149,0.8515,0.85155,1.50,1.50
2011.04.07 14:20:21.259,0.85147,0.85155,3.00,1.50
2011.04.07 14:20:21.697,0.85147,0.85156,1.50,1.50
2011.04.07 14:20:23.456,0.85148,0.85157,1.50,3.75
2011.04.07 14:20:33.560,0.85148,0.85156,1.50,2.25
2011.04.07 14:20:33.680,0.85146,0.85156,1.50,2.25
2011.04.07 14:20:34.237,0.85147,0.85155,1.50,1.50
2011.04.07 14:20:35.670,0.85147,0.85156,1.50,6.75
2011.04.07 14:20:36.226,0.85146,0.85156,1.50,2.25
2011.04.07 14:20:36.779,0.85146,0.85156,1.50,2.25
2011.04.07 14:20:37.338,0.85147,0.85156,1.50,1.50
2011.04.07 14:20:37.886,0.85149,0.85156,1.50,2.25
2011.04.07 14:20:38.493,0.8515,0.85157,2.25,2.25
2011.04.07 14:20:38.617,0.85151,0.8516,1.50,2.25
2011.04.07 14:20:38.730,0.85151,0.85162,1.50,2.25
2011.04.07 14:20:38.959,0.85153,0.85164,1.50,3.00
2011.04.07 14:20:39.189,0.85155,0.85165,3.75,1.50
2011.04.07 14:20:39.416,0.85155,0.85167,3.75,3.75
2011.04.07 14:20:42.061,0.85157,0.85168,2.25,2.25
2011.04.07 14:20:42.182,0.85157,0.8517,3.75,2.25
2011.04.07 14:20:42.516,0.8516,0.8517,1.50,1.50
2011.04.07 14:20:45.037,0.85161,0.85171,1.50,2.25
2011.04.07 14:20:46.469,0.85161,0.85172,1.50,4.50
2011.04.07 14:20:51.736,0.85162,0.85172,1.50,3.00
2011.04.07 14:20:53.748,0.85161,0.85172,2.25,3.75
2011.04.07 14:20:54.298,0.85162,0.85172,1.50,2.10
2011.04.07 14:20:54.521,0.85161,0.85167,2.25,1.50
2011.04.07 14:20:54.640,0.85155,0.85166,2.25,2.25
2011.04.07 14:20:54.760,0.85153,0.85164,1.50,1.50
2011.04.07 14:20:54.990,0.85153,0.85162,1.50,2.25
2011.04.07 14:20:55.108,0.8515,0.85162,3.75,2.25
2011.04.07 14:21:02.029,0.85151,0.8516,3.00,1.50
2011.04.07 14:21:02.138,0.85151,0.85161,3.00,1.50
2011.04.07 14:21:11.448,0.85151,0.85161,3.00,1.50
2011.04.07 14:21:12.000,0.85154,0.85161,1.50,1.50
2011.04.07 14:21:12.118,0.85152,0.85161,1.50,1.50
2011.04.07 14:21:12.227,0.85154,0.85161,1.50,1.50
2011.04.07 14:21:12.889,0.85154,0.85162,1.50,1.50
2011.04.07 14:21:13.455,0.85155,0.85162,1.50,1.50
2011.04.07 14:21:13.789,0.85155,0.85164,1.50,1.50
2011.04.07 14:21:14.019,0.85155,0.85165,2.25,2.25
2011.04.07 14:21:14.128,0.85156,0.85167,2.25,1.50
2011.04.07 14:21:14.238,0.85157,0.85169,3.75,4.50
2011.04.07 14:21:14.789,0.85159,0.85169,2.25,2.25
2011.04.07 14:21:15.348,0.85159,0.8517,3.00,2.25
2011.04.07 14:21:15.787,0.85161,0.85171,1.50,2.25
2011.04.07 14:21:16.117,0.85159,0.85169,2.25,1.50
2011.04.07 14:21:17.107,0.85159,0.85167,1.50,6.00
2011.04.07 14:21:17.440,0.85156,0.85164,1.50,1.50
2011.04.07 14:21:17.666,0.85154,0.85163,1.50,1.50
2011.04.07 14:21:18.214,0.85152,0.85163,3.00,1.50
2011.04.07 14:21:18.769,0.85154,0.85165,3.00,3.75
2011.04.07 14:21:19.326,0.85155,0.85166,1.50,1.50
2011.04.07 14:21:20.209,0.85156,0.85168,2.25,2.25
2011.04.07 14:21:20.429,0.85157,0.85169,1.50,2.25
2011.04.07 14:21:20.978,0.85158,0.8517,1.50,5.25
2011.04.07 14:21:23.876,0.85158,0.8517,3.00,4.50
2011.04.07 14:21:24.429,0.85161,0.8517,2.25,1.50
2011.04.07 14:21:24.650,0.85163,0.85174,1.50,1.50
2011.04.07 14:21:25.097,0.85164,0.85175,1.50,1.50
2011.04.07 14:21:25.758,0.85165,0.85177,1.50,7.50
2011.04.07 14:21:26.306,0.85165,0.85177,1.50,3.00
2011.04.07 14:21:31.978,0.85164,0.85177,3.00,1.50
2011.04.07 14:21:35.568,0.85167,0.85178,1.50,2.25
2011.04.07 14:21:35.788,0.85166,0.85177,1.50,2.25
2011.04.07 14:21:36.007,0.85166,0.85176,1.50,1.50
2011.04.07 14:21:36.557,0.85167,0.85179,1.50,1.50
2011.04.07 14:21:39.069,0.85166,0.85173,2.25,1.50
2011.04.07 14:21:39.290,0.85165,0.85174,1.50,2.25
2011.04.07 14:21:39.519,0.85162,0.85174,6.00,3.75
2011.04.07 14:21:39.628,0.85162,0.85173,1.50,2.25
2011.04.07 14:21:39.736,0.8516,0.85173,2.25,2.25
2011.04.07 14:21:40.289,0.85158,0.85172,5.25,2.25
2011.04.07 14:21:40.508,0.85159,0.85171,2.10,2.25
2011.04.07 14:21:42.816,0.85159,0.85173,2.85,3.00
2011.04.07 14:21:43.589,0.85161,0.85173,2.10,2.25
2011.04.07 14:21:46.880,0.85162,0.85173,1.50,1.50
2011.04.07 14:21:47.407,0.85161,0.85173,1.50,2.25
2011.04.07 14:21:47.957,0.85161,0.85173,1.50,2.25
2011.04.07 14:21:51.529,0.8516,0.85172,2.25,2.25
2011.04.07 14:21:51.868,0.85158,0.8517,3.00,1.50
2011.04.07 14:21:52.418,0.85158,0.8517,3.00,2.25
2011.04.07 14:21:53.059,0.85173,0.85185,1.50,1.50
2011.04.07 14:21:53.280,0.85175,0.85185,1.50,3.00
2011.04.07 14:21:55.929,0.85175,0.85184,1.50,1.50
2011.04.07 14:21:56.039,0.85172,0.85183,4.50,3.00
2011.04.07 14:21:56.149,0.8517,0.85183,3.00,3.00
2011.04.07 14:21:56.697,0.85169,0.85181,1.50,1.50
2011.04.07 14:21:57.686,0.85169,0.85182,1.50,3.00
2011.04.07 14:22:07.427,0.8517,0.85182,1.35,2.25
2011.04.07 14:22:08.778,0.85169,0.85182,1.50,3.00
2011.04.07 14:22:09.111,0.85166,0.85178,2.40,3.60
2011.04.07 14:22:09.228,0.85164,0.85177,3.23,1.50
2011.04.07 14:22:09.776,0.85164,0.85177,3.08,1.50
2011.04.07 14:22:10.897,0.85165,0.85178,2.25,4.35
2011.04.07 14:22:11.557,0.85165,0.85177,1.50,1.50
2011.04.07 14:22:13.076,0.85164,0.85178,3.23,8.25
2011.04.07 14:22:13.521,0.85167,0.85178,1.50,2.25
2011.04.07 14:22:13.638,0.85167,0.85178,1.50,3.00
2011.04.07 14:22:13.859,0.85167,0.8518,3.75,2.25
2011.04.07 14:22:14.079,0.85169,0.8518,3.00,1.50
2011.04.07 14:22:19.028,0.8517,0.85181,1.50,1.50
2011.04.07 14:22:19.138,0.8517,0.85182,2.25,3.00
2011.04.07 14:22:21.159,0.85172,0.85184,2.63,8.25
2011.04.07 14:22:21.492,0.85178,0.85189,1.50,1.50
2011.04.07 14:22:21.607,0.85179,0.85191,3.00,1.50
2011.04.07 14:22:21.829,0.85185,0.85192,1.35,2.25
2011.04.07 14:22:21.941,0.85186,0.85197,1.50,3.00
2011.04.07 14:22:22.056,0.85186,0.85197,1.50,3.00
2011.04.07 14:22:22.769,0.85186,0.85198,1.50,2.25
2011.04.07 14:22:23.101,0.85188,0.85198,1.50,1.50
2011.04.07 14:22:23.441,0.85189,0.85203,3.00,1.50
2011.04.07 14:22:23.997,0.8519,0.85203,2.25,2.25
2011.04.07 14:22:24.546,0.85191,0.85203,1.50,2.25
2011.04.07 14:22:24.877,0.85187,0.85199,3.00,2.25
2011.04.07 14:22:25.652,0.85187,0.85199,2.25,3.00
2011.04.07 14:22:25.991,0.85185,0.85195,1.50,2.25
2011.04.07 14:22:26.502,0.85182,0.85194,2.25,6.00
2011.04.07 14:22:26.626,0.85181,0.85193,3.00,1.50
2011.04.07 14:22:27.397,0.8518,0.85194,2.25,3.00
2011.04.07 14:22:28.388,0.85183,0.85194,5.25,1.50
2011.04.07 14:22:28.608,0.85183,0.85195,4.50,3.00
2011.04.07 14:22:29.817,0.85185,0.85196,1.50,6.00
2011.04.07 14:22:30.259,0.85185,0.85197,3.75,6.00
2011.04.07 14:22:30.607,0.85189,0.85201,2.25,2.25
2011.04.07 14:22:31.157,0.85189,0.85202,2.25,2.10
2011.04.07 14:22:31.706,0.8519,0.85202,1.50,2.10
2011.04.07 14:22:31.818,0.8519,0.85202,1.50,2.85
2011.04.07 14:22:32.038,0.85186,0.85199,2.25,2.25
2011.04.07 14:22:32.588,0.85187,0.85198,1.50,1.50
2011.04.07 14:22:34.128,0.85191,0.85199,1.50,1.50
2011.04.07 14:22:34.240,0.85192,0.85199,3.75,1.50
2011.04.07 14:22:34.360,0.85195,0.85203,1.50,2.25
2011.04.07 14:22:34.588,0.85196,0.85204,1.50,6.00
2011.04.07 14:22:35.029,0.85196,0.85206,1.50,2.25
2011.04.07 14:22:35.660,0.85198,0.85209,1.50,2.25
2011.04.07 14:22:36.331,0.85197,0.85208,1.50,1.50
2011.04.07 14:22:36.573,0.85192,0.85206,6.00,2.25
2011.04.07 14:22:36.799,0.85193,0.85206,1.50,2.25
2011.04.07 14:22:37.570,0.85193,0.85206,6.00,3.00
2011.04.07 14:22:37.799,0.85196,0.85207,2.25,1.50
2011.04.07 14:22:38.359,0.85195,0.85207,1.50,2.25
2011.04.07 14:22:38.907,0.85195,0.85207,2.25,1.50
2011.04.07 14:22:39.597,0.85195,0.85208,2.25,2.25
2011.04.07 14:22:40.147,0.85196,0.85209,1.50,3.75
2011.04.07 14:22:40.478,0.85201,0.85212,1.50,2.25
2011.04.07 14:22:41.028,0.85201,0.85212,2.25,2.25
2011.04.07 14:22:41.577,0.85201,0.85212,2.25,1.50
2011.04.07 14:22:42.020,0.85199,0.85209,1.50,1.50
2011.04.07 14:22:42.141,0.85195,0.85207,5.25,1.50
2011.04.07 14:22:42.589,0.85197,0.8521,1.50,2.85
2011.04.07 14:22:43.093,0.85198,0.85211,1.50,4.50
2011.04.07 14:22:43.726,0.85198,0.85211,1.50,2.25
2011.04.07 14:22:44.278,0.852,0.85212,1.50,3.75
2011.04.07 14:22:44.827,0.85202,0.85213,1.50,1.50
2011.04.07 14:22:44.938,0.85202,0.85213,1.50,1.50
2011.04.07 14:22:48.568,0.85204,0.85213,1.50,1.50
2011.04.07 14:22:49.008,0.85201,0.85213,1.50,2.25
2011.04.07 14:22:49.557,0.85201,0.85211,1.50,1.50
2011.04.07 14:22:51.538,0.85201,0.85211,1.50,1.50
2011.04.07 14:22:51.649,0.85199,0.85206,2.25,1.35
2011.04.07 14:22:52.088,0.85193,0.85205,1.50,2.85
2011.04.07 14:22:52.637,0.85194,0.85206,1.50,2.10
2011.04.07 14:22:52.860,0.85193,0.85204,1.50,1.50
2011.04.07 14:22:53.299,0.85191,0.85199,1.50,3.60
2011.04.07 14:22:53.413,0.85189,0.85196,2.25,3.75
2011.04.07 14:22:53.639,0.85186,0.85199,1.50,7.50
2011.04.07 14:22:54.077,0.85186,0.85199,2.25,3.75
2011.04.07 14:22:54.627,0.85186,0.85199,3.00,4.50
2011.04.07 14:22:55.507,0.85186,0.85199,3.00,4.50
2011.04.07 14:22:56.056,0.85186,0.85199,3.00,4.50
2011.04.07 14:22:56.871,0.85186,0.85199,4.50,3.00
2011.04.07 14:22:57.427,0.85186,0.85199,4.50,1.50
2011.04.07 14:22:58.637,0.85186,0.85194,3.75,3.75
2011.04.07 14:22:58.971,0.85182,0.8519,1.50,1.50
2011.04.07 14:22:59.309,0.8518,0.8519,2.25,2.25
2011.04.07 14:23:00.307,0.85182,0.8519,1.50,2.25
2011.04.07 14:23:00.531,0.85184,0.85192,1.50,3.75
2011.04.07 14:23:00.648,0.85184,0.85196,3.00,6.75
2011.04.07 14:23:00.979,0.85187,0.85199,1.50,3.75
2011.04.07 14:23:02.348,0.85187,0.85199,1.50,1.50
2011.04.07 14:23:02.679,0.85186,0.85195,1.50,1.50
2011.04.07 14:23:02.802,0.85186,0.85197,3.00,3.75
2011.04.07 14:23:03.358,0.85188,0.85199,1.50,2.10
2011.04.07 14:23:04.238,0.85188,0.85199,1.50,2.10
2011.04.07 14:23:04.690,0.85192,0.85205,2.25,2.25
2011.04.07 14:23:05.247,0.85194,0.85206,3.00,1.50
2011.04.07 14:23:06.682,0.85198,0.85206,5.25,1.50
2011.04.07 14:23:06.807,0.852,0.85212,2.25,3.75
2011.04.07 14:23:06.920,0.85201,0.85212,1.50,1.50
2011.04.07 14:23:07.372,0.85202,0.85213,1.50,3.00
2011.04.07 14:23:08.481,0.852,0.85207,2.25,4.50
2011.04.07 14:23:08.711,0.85199,0.85207,6.00,2.25
2011.04.07 14:23:08.831,0.85201,0.85209,1.50,1.50
2011.04.07 14:23:09.169,0.85199,0.85209,1.50,2.25
2011.04.07 14:23:09.718,0.85199,0.85209,1.50,3.00
2011.04.07 14:23:11.264,0.85199,0.85208,1.50,1.50
2011.04.07 14:23:11.603,0.85196,0.85206,1.50,1.50
2011.04.07 14:23:11.831,0.85194,0.85206,2.25,2.25
2011.04.07 14:23:12.498,0.85194,0.85206,1.50,1.50
2011.04.07 14:23:16.347,0.85195,0.85207,1.50,8.25
2011.04.07 14:23:16.899,0.85194,0.85207,3.00,1.50
2011.04.07 14:23:17.118,0.85195,0.85207,1.50,1.50
2011.04.07 14:23:17.781,0.85194,0.85205,1.50,2.25
2011.04.07 14:23:18.760,0.85193,0.85205,1.50,3.75
2011.04.07 14:23:19.099,0.85194,0.85205,2.25,2.25
2011.04.07 14:23:19.648,0.85194,0.85208,3.60,5.25
2011.04.07 14:23:19.979,0.85205,0.85211,1.50,2.25
2011.04.07 14:23:20.200,0.85196,0.85209,10.50,1.50
2011.04.07 14:23:20.430,0.85199,0.8521,2.25,2.25
2011.04.07 14:23:20.769,0.85204,0.85215,1.50,3.00
2011.04.07 14:23:20.879,0.85204,0.85215,3.00,1.50
2011.04.07 14:23:21.976,0.85204,0.85218,3.75,4.50
2011.04.07 14:23:22.088,0.85204,0.85218,3.75,4.50
2011.04.07 14:23:22.973,0.85204,0.85217,2.25,3.00
2011.04.07 14:23:23.528,0.85205,0.85217,1.50,2.25
2011.04.07 14:23:23.639,0.85205,0.85216,2.25,1.50
2011.04.07 14:23:23.969,0.85201,0.85214,1.50,2.25
2011.04.07 14:23:24.189,0.852,0.85211,2.25,3.00
2011.04.07 14:23:24.518,0.85196,0.85209,4.50,1.50
2011.04.07 14:23:24.631,0.85197,0.85207,1.50,4.50
2011.04.07 14:23:24.969,0.85194,0.85205,2.25,1.50
2011.04.07 14:23:25.298,0.85192,0.85204,1.50,2.25
2011.04.07 14:23:26.587,0.85191,0.85203,2.25,2.85
2011.04.07 14:23:27.358,0.85191,0.85202,1.50,1.50
2011.04.07 14:23:27.470,0.8519,0.85201,2.25,1.50
2011.04.07 14:23:27.591,0.85189,0.852,2.25,2.25
2011.04.07 14:23:28.147,0.85189,0.852,1.50,2.25
2011.04.07 14:23:30.588,0.85189,0.85199,1.50,1.50
2011.04.07 14:23:31.137,0.85188,0.85198,1.50,1.50
2011.04.07 14:23:31.687,0.85188,0.85198,1.50,1.50
2011.04.07 14:23:32.238,0.85188,0.852,1.50,1.50
2011.04.07 14:23:32.787,0.85189,0.852,1.50,1.50
2011.04.07 14:23:34.069,0.85189,0.85201,3.00,2.25
2011.04.07 14:23:34.288,0.85189,0.85201,3.75,1.50
2011.04.07 14:23:34.619,0.8519,0.85202,1.50,1.50
2011.04.07 14:23:34.837,0.85189,0.85201,2.25,2.10
2011.04.07 14:23:35.389,0.85189,0.85201,4.50,1.35
2011.04.07 14:23:35.501,0.8519,0.85202,1.50,6.75
2011.04.07 14:23:35.729,0.8519,0.85202,1.50,2.25
2011.04.07 14:23:37.021,0.8519,0.85202,1.50,3.00
2011.04.07 14:23:37.116,0.85187,0.85194,1.50,1.50
2011.04.07 14:23:37.228,0.85184,0.85194,1.50,1.50
2011.04.07 14:23:37.461,0.85181,0.85194,1.50,6.75
2011.04.07 14:23:37.688,0.8518,0.85192,3.00,1.50
2011.04.07 14:23:38.238,0.85181,0.85192,1.50,1.50
2011.04.07 14:23:38.678,0.8518,0.85193,1.50,2.25
2011.04.07 14:23:39.227,0.8518,0.85193,1.50,1.50
2011.04.07 14:23:40.438,0.85184,0.85194,1.97,1.50
2011.04.07 14:23:40.771,0.85186,0.85196,6.00,3.75
2011.04.07 14:23:40.892,0.85188,0.85199,1.50,3.00
2011.04.07 14:23:41.500,0.85189,0.85199,1.50,2.25
2011.04.07 14:23:42.610,0.85187,0.85199,3.00,2.25
2011.04.07 14:23:43.169,0.85187,0.85199,3.00,3.00
2011.04.07 14:23:43.720,0.85187,0.85197,1.50,1.50
2011.04.07 14:23:44.600,0.85185,0.85197,1.50,1.50
2011.04.07 14:23:44.938,0.85185,0.85197,2.25,1.50
2011.04.07 14:23:45.930,0.85185,0.85197,1.50,1.50
2011.04.07 14:23:46.488,0.85184,0.85197,5.25,1.50
2011.04.07 14:23:46.819,0.85188,0.85198,1.50,1.50
2011.04.07 14:23:47.367,0.85189,0.85199,1.50,3.00
2011.04.07 14:23:47.932,0.85189,0.85199,1.50,2.25
2011.04.07 14:23:48.182,0.85189,0.852,1.50,3.00
2011.04.07 14:23:48.412,0.85189,0.852,2.25,1.50
2011.04.07 14:23:48.749,0.85189,0.85201,1.50,3.00
2011.04.07 14:23:49.299,0.85189,0.852,2.25,1.50
2011.04.07 14:23:49.640,0.85189,0.85198,1.50,1.50
2011.04.07 14:23:49.870,0.85188,0.85199,1.50,2.25
2011.04.07 14:23:50.940,0.85191,0.85199,1.50,1.50
2011.04.07 14:23:51.491,0.85191,0.85204,2.25,6.75
2011.04.07 14:23:51.718,0.85192,0.85204,1.50,3.75
2011.04.07 14:23:52.488,0.85194,0.85204,1.50,2.25
2011.04.07 14:23:55.251,0.85194,0.85205,1.50,1.50
2011.04.07 14:23:55.589,0.85194,0.85204,1.50,1.50
2011.04.07 14:23:56.139,0.85194,0.85205,1.50,5.25
2011.04.07 14:23:56.249,0.85194,0.85205,1.50,1.50
2011.04.07 14:23:56.807,0.85194,0.85207,3.00,2.25
2011.04.07 14:23:57.580,0.85196,0.85208,3.00,3.75
2011.04.07 14:23:58.689,0.85195,0.85206,1.50,1.50
2011.04.07 14:23:59.018,0.85193,0.85206,1.50,7.50
2011.04.07 14:23:59.885,0.85192,0.85206,4.50,3.75
2011.04.07 14:24:00.005,0.85192,0.85204,5.25,2.10
2011.04.07 14:24:00.338,0.85192,0.85205,2.25,6.60
2011.04.07 14:24:00.666,0.85192,0.85205,2.25,1.50
2011.04.07 14:24:03.329,0.85192,0.85205,5.25,1.50
2011.04.07 14:24:15.985,0.85192,0.85205,2.25,4.50
2011.04.07 14:24:16.547,0.85191,0.85202,1.50,1.50
2011.04.07 14:24:23.169,0.85191,0.85201,2.25,1.50
2011.04.07 14:24:23.500,0.85187,0.85198,3.00,2.10
2011.04.07 14:24:23.838,0.85186,0.85196,1.50,1.50
2011.04.07 14:24:25.398,0.85186,0.85196,3.75,1.50
2011.04.07 14:24:25.618,0.85187,0.85197,1.50,1.50
2011.04.07 14:24:25.839,0.85185,0.85194,3.00,1.50
2011.04.07 14:24:26.343,0.85183,0.85194,1.50,1.50
2011.04.07 14:24:27.889,0.85186,0.85195,1.50,2.25
2011.04.07 14:24:28.220,0.85188,0.85201,1.50,1.50
2011.04.07 14:24:28.667,0.85189,0.85203,2.25,4.50
2011.04.07 14:24:30.537,0.85189,0.85203,9.00,4.35
2011.04.07 14:24:30.761,0.85191,0.85202,2.25,1.50
2011.04.07 14:24:30.878,0.85192,0.85205,1.50,2.10
2011.04.07 14:24:31.100,0.85194,0.85206,2.25,2.25
2011.04.07 14:24:31.834,0.85195,0.85204,1.50,1.50
2011.04.07 14:24:32.184,0.8519,0.852,2.25,1.50
2011.04.07 14:24:32.302,0.85189,0.852,2.25,1.50
2011.04.07 14:24:32.859,0.85188,0.85199,2.25,1.50
2011.04.07 14:24:33.850,0.85196,0.85201,1.50,1.50
2011.04.07 14:24:34.081,0.85196,0.85207,3.00,1.69
2011.04.07 14:24:34.310,0.85196,0.85207,2.25,1.50
2011.04.07 14:24:34.429,0.85193,0.85207,3.75,2.25
2011.04.07 14:24:36.828,0.85194,0.85207,2.25,2.25
2011.04.07 14:24:37.158,0.85194,0.85207,2.25,2.25
2011.04.07 14:24:37.707,0.85194,0.85207,2.25,1.50
2011.04.07 14:24:38.258,0.85194,0.85206,2.25,2.25
2011.04.07 14:24:38.808,0.85194,0.85207,4.50,3.75
2011.04.07 14:24:39.697,0.85194,0.85207,4.50,3.00
2011.04.07 14:24:40.247,0.85194,0.85207,3.00,1.50
2011.04.07 14:24:40.975,0.85194,0.85206,1.50,3.75
2011.04.07 14:24:41.528,0.85192,0.85204,2.25,1.50
2011.04.07 14:24:43.598,0.85192,0.85204,3.75,1.50
2011.04.07 14:24:43.818,0.85192,0.85203,1.50,1.50
2011.04.07 14:24:50.379,0.85191,0.85203,1.50,1.50
2011.04.07 14:24:50.927,0.85192,0.85204,2.25,4.35
2011.04.07 14:24:54.737,0.85191,0.85203,1.50,2.25
2011.04.07 14:24:55.509,0.8519,0.852,2.25,1.50
2011.04.07 14:24:55.950,0.85189,0.85195,1.50,1.50
2011.04.07 14:24:56.180,0.85185,0.85195,1.50,1.50
2011.04.07 14:24:56.300,0.85182,0.85194,2.25,1.50
2011.04.07 14:24:56.858,0.85181,0.85192,2.25,1.50
2011.04.07 14:25:04.063,0.85185,0.85198,2.25,1.50
2011.04.07 14:25:04.399,0.85187,0.85198,1.50,2.25
2011.04.07 14:25:04.617,0.85188,0.85198,1.50,1.50
2011.04.07 14:25:05.829,0.85187,0.85199,2.25,1.50
2011.04.07 14:25:06.487,0.85188,0.85199,1.50,1.50
2011.04.07 14:25:07.038,0.85187,0.85199,1.50,1.50
2011.04.07 14:25:10.781,0.852,0.85205,1.50,5.10
2011.04.07 14:25:10.902,0.85202,0.85207,1.50,1.50
2011.04.07 14:25:11.026,0.85203,0.85215,1.50,2.25
2011.04.07 14:25:11.143,0.85204,0.85217,2.10,2.25
2011.04.07 14:25:11.261,0.85206,0.85217,4.50,3.00
2011.04.07 14:25:11.487,0.85205,0.85217,1.50,6.00
2011.04.07 14:25:11.599,0.85205,0.85217,3.75,5.25
2011.04.07 14:25:12.128,0.85206,0.85217,1.50,2.25
2011.04.07 14:25:12.693,0.85206,0.85217,2.25,1.50
2011.04.07 14:25:13.690,0.85204,0.85208,5.10,3.75
2011.04.07 14:25:13.910,0.85205,0.85211,2.25,9.00
2011.04.07 14:25:14.030,0.85197,0.85207,1.50,3.75
2011.04.07 14:25:14.589,0.85196,0.85207,3.75,1.50
2011.04.07 14:25:15.269,0.85197,0.85207,2.25,1.50
2011.04.07 14:25:15.860,0.85197,0.85207,2.25,1.50
2011.04.07 14:25:16.418,0.85197,0.85207,2.25,1.50
2011.04.07 14:25:16.968,0.85197,0.85207,1.50,1.50
2011.04.07 14:25:17.550,0.85196,0.85205,2.25,2.85
2011.04.07 14:25:17.675,0.85192,0.85204,3.75,2.25
2011.04.07 14:25:17.790,0.8519,0.85203,2.25,2.25
2011.04.07 14:25:18.354,0.8519,0.85202,1.50,1.50
2011.04.07 14:25:20.008,0.8519,0.85202,2.25,3.00
2011.04.07 14:25:20.558,0.8519,0.85202,1.50,2.25
2011.04.07 14:25:21.107,0.85192,0.85203,1.50,3.75
2011.04.07 14:25:21.640,0.85193,0.85203,1.50,3.00
2011.04.07 14:25:22.189,0.8519,0.85202,2.25,1.50
2011.04.07 14:25:22.627,0.8519,0.85202,2.25,1.50
2011.04.07 14:25:23.840,0.8519,0.85203,1.50,4.50
2011.04.07 14:25:24.485,0.8519,0.85203,1.50,3.00
2011.04.07 14:25:25.591,0.85191,0.85203,1.58,2.25
2011.04.07 14:25:25.711,0.85191,0.85203,1.84,2.25
2011.04.07 14:25:25.833,0.85197,0.85203,1.50,1.50
2011.04.07 14:25:25.953,0.85199,0.85206,1.50,4.50
2011.04.07 14:25:26.071,0.852,0.85208,1.50,1.50
2011.04.07 14:25:26.300,0.852,0.85212,1.50,2.25
2011.04.07 14:25:26.420,0.85199,0.85212,1.50,1.50
2011.04.07 14:25:27.142,0.85199,0.85213,1.50,6.75
2011.04.07 14:25:28.240,0.85199,0.85208,1.50,6.00
2011.04.07 14:25:28.579,0.85197,0.85202,3.75,1.50
2011.04.07 14:25:28.908,0.85194,0.85201,3.00,1.50
2011.04.07 14:25:29.240,0.8519,0.85197,1.50,7.50
2011.04.07 14:25:29.797,0.85191,0.85196,1.50,2.25
2011.04.07 14:25:30.128,0.85185,0.85197,2.25,1.50
2011.04.07 14:25:30.237,0.85185,0.85197,2.25,1.50
2011.04.07 14:25:30.459,0.85187,0.85198,2.25,3.00
2011.04.07 14:25:30.887,0.85189,0.85201,1.50,2.25
2011.04.07 14:25:31.110,0.85189,0.85201,3.00,2.25
2011.04.07 14:25:32.111,0.8519,0.85202,1.50,1.35
2011.04.07 14:25:40.425,0.85193,0.85202,2.94,2.85
2011.04.07 14:25:40.978,0.85194,0.85202,2.19,2.85
2011.04.07 14:25:42.523,0.85194,0.85205,5.71,3.00
2011.04.07 14:25:43.078,0.85194,0.85205,6.46,2.25
2011.04.07 14:25:44.525,0.85199,0.85208,1.50,2.25
2011.04.07 14:25:44.640,0.85202,0.8521,1.50,2.25
2011.04.07 14:25:44.763,0.85202,0.85215,1.50,3.00
2011.04.07 14:25:44.880,0.85202,0.85215,2.25,2.25
2011.04.07 14:25:45.222,0.85197,0.85203,1.32,2.25
2011.04.07 14:25:45.340,0.85198,0.85202,7.32,2.25
2011.04.07 14:25:45.569,0.85193,0.85201,1.50,1.50
2011.04.07 14:25:45.678,0.85189,0.85202,2.25,4.50
2011.04.07 14:25:45.790,0.85188,0.85202,3.75,4.50
2011.04.07 14:25:45.910,0.85188,0.85202,3.75,3.75
2011.04.07 14:25:47.288,0.8519,0.85202,1.50,3.00
2011.04.07 14:25:47.729,0.8519,0.85203,2.25,3.00
2011.04.07 14:25:48.390,0.85195,0.85205,3.75,1.50
2011.04.07 14:25:48.621,0.85193,0.85204,2.55,1.50
2011.04.07 14:25:49.176,0.85193,0.85204,1.65,1.50
2011.04.07 14:25:51.398,0.85193,0.85204,2.40,1.50
2011.04.07 14:25:52.061,0.85195,0.85205,2.25,1.50
2011.04.07 14:25:52.288,0.85196,0.85207,3.00,1.50
2011.04.07 14:25:53.079,0.85197,0.85208,1.50,1.50
2011.04.07 14:25:53.628,0.85197,0.85208,2.25,1.50
2011.04.07 14:25:53.738,0.85197,0.85208,1.50,1.50
2011.04.07 14:25:54.398,0.85197,0.85208,1.50,1.50
2011.04.07 14:25:54.729,0.85198,0.85205,1.50,1.50
2011.04.07 14:25:54.962,0.85193,0.85204,4.92,1.50
2011.04.07 14:25:55.191,0.85191,0.85205,3.75,3.00
2011.04.07 14:25:55.748,0.85191,0.85203,2.25,1.50
2011.04.07 14:25:59.339,0.85191,0.85205,2.85,6.00
2011.04.07 14:25:59.887,0.85192,0.85203,1.50,1.50
2011.04.07 14:26:00.547,0.85192,0.85203,1.50,1.50
2011.04.07 14:26:01.208,0.8519,0.85203,2.25,3.00
2011.04.07 14:26:01.759,0.85192,0.85203,1.05,3.00
2011.04.07 14:26:02.531,0.85191,0.85203,1.65,1.50
2011.04.07 14:26:03.086,0.85191,0.85203,1.65,1.50
2011.04.07 14:26:03.417,0.85193,0.85203,1.50,1.50
2011.04.07 14:26:03.860,0.85194,0.85204,2.25,1.50
2011.04.07 14:26:04.419,0.85192,0.85204,2.25,3.00
2011.04.07 14:26:07.388,0.85192,0.85204,1.50,3.00
2011.04.07 14:26:07.937,0.85192,0.85203,1.50,1.50
2011.04.07 14:26:08.631,0.85192,0.85204,1.50,4.50
2011.04.07 14:26:09.189,0.85192,0.85203,1.50,1.50
2011.04.07 14:26:09.298,0.85192,0.85203,1.50,2.25
2011.04.07 14:26:09.631,0.85186,0.85194,1.50,1.35
2011.04.07 14:26:09.859,0.8518,0.85193,2.25,2.25
2011.04.07 14:26:10.298,0.8518,0.85193,1.50,3.75
2011.04.07 14:26:10.517,0.8518,0.85193,2.25,3.00
2011.04.07 14:26:10.847,0.8518,0.85193,3.00,2.25
2011.04.07 14:26:13.310,0.85181,0.85193,1.50,3.00
2011.04.07 14:26:13.861,0.85182,0.85193,1.50,2.25
2011.04.07 14:26:17.050,0.85188,0.85195,1.50,4.50
2011.04.07 14:26:17.620,0.8519,0.85202,3.00,2.25
2011.04.07 14:26:17.849,0.85193,0.85203,1.50,3.75
2011.04.07 14:26:18.839,0.85193,0.85203,1.50,3.00
2011.04.07 14:26:19.387,0.85194,0.85203,1.50,3.00
2011.04.07 14:26:22.693,0.85193,0.85203,1.50,1.50
2011.04.07 14:26:23.249,0.85194,0.85204,1.50,4.50
2011.04.07 14:26:25.788,0.85195,0.85207,1.50,3.00
2011.04.07 14:26:25.899,0.85199,0.85207,1.50,3.00
2011.04.07 14:26:26.010,0.852,0.85211,1.50,2.25
2011.04.07 14:26:26.458,0.85202,0.85211,1.50,2.25
2011.04.07 14:26:27.230,0.85205,0.85214,1.50,3.00
2011.04.07 14:26:27.679,0.85206,0.85216,3.00,2.10
2011.04.07 14:26:28.137,0.85208,0.85218,1.50,2.25
2011.04.07 14:26:29.020,0.8521,0.85218,1.50,1.50
2011.04.07 14:26:29.799,0.85209,0.85218,1.50,1.50
2011.04.07 14:26:30.348,0.8521,0.85218,1.50,6.75
2011.04.07 14:26:30.690,0.85206,0.85215,1.50,2.25
2011.04.07 14:26:31.247,0.85206,0.85215,1.50,3.00
2011.04.07 14:26:31.907,0.85204,0.85215,1.50,3.00
2011.04.07 14:26:32.548,0.85205,0.85215,1.50,3.00
2011.04.07 14:26:33.372,0.85202,0.85211,1.50,2.10
2011.04.07 14:26:33.495,0.85199,0.8521,6.00,2.25
2011.04.07 14:26:33.718,0.85197,0.85209,3.75,1.50
2011.04.07 14:26:34.266,0.85198,0.85209,3.75,1.50
2011.04.07 14:26:34.818,0.85198,0.85211,3.75,3.00
2011.04.07 14:26:35.040,0.85198,0.85209,3.00,2.25
2011.04.07 14:26:35.381,0.85195,0.85205,1.50,1.50
2011.04.07 14:26:35.502,0.85192,0.85204,2.25,2.25
2011.04.07 14:26:36.060,0.8519,0.85202,1.50,2.25
2011.04.07 14:26:36.617,0.85189,0.85202,3.75,2.25
2011.04.07 14:26:37.277,0.85189,0.85201,3.75,1.50
2011.04.07 14:26:37.829,0.85196,0.85202,1.50,1.50
2011.04.07 14:26:38.159,0.85199,0.85207,1.50,2.25
2011.04.07 14:26:38.267,0.85199,0.85207,2.25,1.50
2011.04.07 14:26:38.663,0.85199,0.85211,1.50,1.50
2011.04.07 14:26:39.327,0.85198,0.85211,7.50,1.50
2011.04.07 14:26:39.877,0.85199,0.85211,2.25,1.35
2011.04.07 14:26:42.748,0.85199,0.85212,2.25,2.85
2011.04.07 14:26:42.970,0.85202,0.85214,1.50,3.00
2011.04.07 14:26:43.519,0.85203,0.85213,1.50,1.50
2011.04.07 14:26:43.849,0.85199,0.85211,1.50,1.50
2011.04.07 14:26:44.180,0.85199,0.85211,2.25,1.50
2011.04.07 14:26:45.067,0.852,0.85212,1.50,3.75
2011.04.07 14:26:47.050,0.852,0.85212,2.25,3.75
2011.04.07 14:26:47.600,0.85202,0.85213,1.50,1.50
2011.04.07 14:26:48.377,0.85202,0.85213,1.50,1.50
2011.04.07 14:26:48.938,0.85208,0.85217,1.50,4.50
2011.04.07 14:26:49.158,0.85208,0.85219,2.25,1.50
2011.04.07 14:26:49.709,0.85209,0.8522,1.50,2.25
2011.04.07 14:26:49.929,0.8521,0.85222,2.25,1.50
2011.04.07 14:26:53.088,0.85208,0.8522,3.75,1.50
2011.04.07 14:26:53.969,0.85209,0.85221,1.50,1.50
2011.04.07 14:26:55.078,0.85209,0.85221,2.25,1.50
2011.04.07 14:26:55.628,0.85209,0.85221,3.00,1.50
2011.04.07 14:26:56.839,0.85208,0.85221,3.00,1.50
2011.04.07 14:26:58.790,0.85207,0.8522,2.25,3.75
2011.04.07 14:26:59.347,0.85207,0.8522,2.25,3.75
2011.04.07 14:27:00.559,0.85207,0.8522,3.75,3.75
2011.04.07 14:27:01.658,0.85206,0.8522,4.50,4.50
2011.04.07 14:27:02.935,0.85207,0.8522,1.50,3.75
2011.04.07 14:27:03.268,0.85209,0.85223,2.25,2.25
2011.04.07 14:27:05.609,0.85211,0.85222,1.50,1.50
2011.04.07 14:27:07.657,0.85211,0.85222,3.60,1.50
2011.04.07 14:27:07.991,0.85226,0.85231,1.50,1.50
2011.04.07 14:27:08.111,0.85226,0.85236,1.50,1.50
2011.04.07 14:27:08.511,0.85223,0.85234,4.50,2.25
2011.04.07 14:27:08.632,0.85221,0.85234,1.50,2.25
2011.04.07 14:27:09.737,0.85221,0.85232,2.25,1.50
2011.04.07 14:27:10.511,0.85219,0.85229,2.25,6.00
2011.04.07 14:27:10.631,0.85217,0.85227,1.50,1.50
2011.04.07 14:27:10.752,0.85215,0.85227,1.50,2.25
2011.04.07 14:27:10.872,0.85213,0.85226,5.25,1.50
2011.04.07 14:27:11.209,0.85213,0.85226,3.75,2.25
2011.04.07 14:27:11.757,0.85209,0.85223,3.00,3.75
2011.04.07 14:27:12.939,0.85209,0.85222,2.25,3.60
2011.04.07 14:27:13.268,0.85207,0.8522,1.50,1.50
2011.04.07 14:27:13.661,0.85207,0.85219,1.50,1.50
2011.04.07 14:27:15.319,0.85207,0.85217,1.50,5.85
2011.04.07 14:27:15.650,0.85202,0.85214,3.00,2.25
2011.04.07 14:27:15.991,0.85201,0.85213,2.25,1.50
2011.04.07 14:27:16.547,0.85201,0.85214,2.25,2.25
2011.04.07 14:27:16.659,0.85201,0.85212,1.50,1.50
2011.04.07 14:27:16.989,0.85197,0.85209,2.25,1.50
2011.04.07 14:27:17.209,0.85196,0.85208,2.25,2.25
2011.04.07 14:27:17.427,0.85195,0.85208,3.75,3.00
2011.04.07 14:27:23.037,0.85195,0.85208,2.25,2.25
2011.04.07 14:27:24.137,0.85195,0.85208,2.25,2.25
2011.04.07 14:27:25.459,0.85196,0.85208,2.25,1.50
2011.04.07 14:27:28.587,0.85195,0.85209,4.50,4.50
2011.04.07 14:27:29.357,0.85196,0.85209,2.25,4.50
2011.04.07 14:27:32.400,0.85198,0.85209,1.50,3.00
2011.04.07 14:27:33.668,0.85198,0.85209,2.25,1.50
2011.04.07 14:27:35.659,0.85199,0.85211,1.50,2.25
2011.04.07 14:27:40.040,0.85202,0.85211,4.50,2.25
2011.04.07 14:27:40.378,0.85203,0.85214,5.25,2.25
2011.04.07 14:27:40.490,0.85204,0.85215,2.25,2.85
2011.04.07 14:27:40.609,0.85206,0.85217,1.50,3.75
2011.04.07 14:27:40.730,0.85206,0.85215,2.25,1.50
2011.04.07 14:27:40.959,0.85206,0.85218,1.50,3.00
2011.04.07 14:27:41.371,0.85207,0.85217,1.50,1.50
2011.04.07 14:27:41.823,0.85205,0.85212,1.50,1.50
2011.04.07 14:27:41.944,0.85204,0.85211,6.00,2.10
2011.04.07 14:27:42.062,0.85198,0.85211,2.25,1.50
2011.04.07 14:27:42.292,0.85197,0.85211,3.75,2.25
2011.04.07 14:27:42.518,0.85197,0.85211,3.00,2.25
2011.04.07 14:27:43.067,0.85197,0.85209,3.00,1.50
2011.04.07 14:27:47.418,0.85197,0.85209,2.25,1.50
2011.04.07 14:27:48.189,0.85197,0.8521,3.75,1.50
2011.04.07 14:27:51.889,0.852,0.8521,1.50,3.00
2011.04.07 14:27:52.217,0.852,0.85212,3.00,2.25
2011.04.07 14:27:52.787,0.85201,0.85212,1.50,1.50
2011.04.07 14:27:58.438,0.85201,0.85212,1.50,2.25
2011.04.07 14:27:58.988,0.85201,0.85212,1.50,2.25
2011.04.07 14:27:59.208,0.85201,0.85212,1.50,2.25
2011.04.07 14:27:59.792,0.852,0.85212,2.25,3.00
2011.04.07 14:28:00.350,0.852,0.85212,2.25,3.00
2011.04.07 14:28:00.469,0.852,0.85212,1.50,3.75
2011.04.07 14:28:00.579,0.852,0.85212,1.50,3.75
2011.04.07 14:28:00.797,0.852,0.85212,1.50,3.75
2011.04.07 14:28:01.897,0.852,0.85212,1.50,3.75
2011.04.07 14:28:03.450,0.85198,0.85209,3.75,1.50
2011.04.07 14:28:06.909,0.85198,0.85207,3.75,4.50
2011.04.07 14:28:07.239,0.85191,0.85202,2.25,2.25
2011.04.07 14:28:07.349,0.8519,0.85202,3.00,2.25
2011.04.07 14:28:07.989,0.85189,0.85202,2.25,4.50
2011.04.07 14:28:08.556,0.85189,0.85201,2.25,1.35
2011.04.07 14:28:10.518,0.85189,0.85201,1.50,2.10
2011.04.07 14:28:11.728,0.85189,0.85202,1.50,6.00
2011.04.07 14:28:12.275,0.85189,0.85202,1.50,6.00
2011.04.07 14:28:13.024,0.85189,0.85202,1.50,6.00
2011.04.07 14:28:13.578,0.85188,0.85202,4.50,5.25
2011.04.07 14:28:15.005,0.85188,0.85202,5.25,3.75
2011.04.07 14:28:15.449,0.85191,0.85203,1.50,3.75
2011.04.07 14:28:16.006,0.85192,0.85204,1.50,3.75
2011.04.07 14:28:16.450,0.85191,0.85204,1.50,3.00
2011.04.07 14:28:17.008,0.85191,0.85203,2.25,2.25
2011.04.07 14:28:18.269,0.85191,0.85203,1.50,2.25
2011.04.07 14:28:19.806,0.85191,0.85204,1.50,3.00
2011.04.07 14:28:23.989,0.85192,0.85204,2.25,2.25
2011.04.07 14:28:26.057,0.8519,0.85203,2.25,2.25
2011.04.07 14:28:26.718,0.85189,0.85203,3.75,5.25
2011.04.07 14:28:26.941,0.85189,0.852,3.00,2.25
2011.04.07 14:28:27.488,0.85189,0.852,1.50,2.25
2011.04.07 14:28:28.367,0.85189,0.852,1.50,2.25
2011.04.07 14:28:30.367,0.8519,0.852,1.28,1.50
2011.04.07 14:28:30.479,0.8519,0.85202,1.50,3.00
2011.04.07 14:28:30.588,0.8519,0.85202,1.50,2.25
2011.04.07 14:28:34.965,0.85221,0.85228,1.50,1.50
2011.04.07 14:28:35.354,0.85223,0.85233,3.75,2.25
2011.04.07 14:28:35.475,0.85222,0.85233,1.50,3.75
2011.04.07 14:28:35.917,0.85223,0.85235,1.50,4.50
2011.04.07 14:28:37.677,0.85222,0.85235,3.75,3.60
2011.04.07 14:28:40.098,0.85222,0.85234,2.25,1.50
2011.04.07 14:28:40.208,0.8522,0.85224,5.25,1.50
2011.04.07 14:28:40.319,0.85222,0.8523,1.50,1.50
2011.04.07 14:28:40.429,0.85219,0.85225,1.50,3.75
2011.04.07 14:28:40.753,0.85219,0.85229,1.50,1.50
2011.04.07 14:28:40.863,0.85217,0.85228,1.50,2.25
2011.04.07 14:28:41.211,0.85214,0.8522,1.50,1.50
2011.04.07 14:28:41.333,0.85207,0.85219,3.75,1.50
2011.04.07 14:28:41.887,0.85208,0.85219,1.50,2.25
2011.04.07 14:28:43.437,0.85208,0.85219,1.50,1.50
2011.04.07 14:28:43.988,0.85207,0.85219,1.50,1.50
2011.04.07 14:28:44.539,0.85208,0.8522,2.25,1.50
2011.04.07 14:28:44.759,0.8521,0.85221,3.00,1.50
2011.04.07 14:28:44.879,0.8521,0.85221,3.00,1.50
2011.04.07 14:28:45.412,0.8521,0.85222,3.00,4.50
2011.04.07 14:28:45.641,0.85209,0.85221,1.50,1.50
2011.04.07 14:28:45.760,0.85209,0.85222,1.50,3.00
2011.04.07 14:28:49.399,0.85209,0.8522,1.50,1.50
2011.04.07 14:28:50.015,0.85207,0.85219,1.50,1.50
2011.04.07 14:28:51.259,0.85211,0.85219,2.25,1.50
2011.04.07 14:28:51.591,0.85214,0.85223,2.25,2.25
2011.04.07 14:28:51.711,0.85214,0.85226,3.00,6.00
2011.04.07 14:28:52.488,0.85217,0.85226,1.50,4.50
2011.04.07 14:28:53.037,0.85217,0.85228,1.50,3.00
2011.04.07 14:28:53.257,0.85217,0.85228,1.50,2.25
2011.04.07 14:28:54.258,0.8522,0.85229,1.50,1.50
2011.04.07 14:28:54.700,0.8522,0.85231,1.50,1.50
2011.04.07 14:28:55.105,0.85218,0.85229,1.50,2.25
2011.04.07 14:28:56.318,0.85218,0.85229,1.50,3.00
2011.04.07 14:28:56.868,0.85217,0.85229,1.50,3.00
2011.04.07 14:28:58.792,0.85216,0.85227,4.50,1.50
2011.04.07 14:28:58.909,0.85215,0.85227,3.75,1.50
2011.04.07 14:29:00.488,0.85214,0.85227,1.50,3.75
2011.04.07 14:29:00.708,0.85213,0.85226,3.75,1.50
2011.04.07 14:29:00.928,0.85213,0.85225,2.25,1.50
2011.04.07 14:29:04.289,0.85211,0.85224,6.00,3.00
2011.04.07 14:29:04.509,0.85209,0.85223,3.00,2.25
2011.04.07 14:29:05.065,0.85209,0.85221,1.50,2.25
2011.04.07 14:29:05.186,0.85207,0.85219,2.25,1.50
2011.04.07 14:29:11.007,0.85208,0.85221,2.25,3.75
2011.04.07 14:29:11.556,0.85208,0.85221,2.25,3.75
2011.04.07 14:29:12.328,0.85208,0.8522,1.50,1.50
2011.04.07 14:29:16.954,0.85207,0.8522,6.75,1.50
2011.04.07 14:29:18.102,0.85206,0.85214,2.25,1.50
2011.04.07 14:29:18.331,0.85202,0.85213,1.50,1.50
2011.04.07 14:29:18.450,0.85203,0.85213,5.25,1.50
2011.04.07 14:29:18.569,0.85206,0.85214,1.50,1.05
2011.04.07 14:29:18.690,0.85206,0.85219,1.50,1.50
2011.04.07 14:29:18.808,0.85206,0.85218,1.50,1.50
2011.04.07 14:29:19.358,0.85206,0.85218,3.75,1.50
2011.04.07 14:29:19.906,0.85206,0.85218,3.75,1.50
2011.04.07 14:29:21.118,0.85207,0.85217,5.85,1.50
2011.04.07 14:29:21.448,0.85212,0.85222,1.50,1.50
2011.04.07 14:29:21.997,0.85212,0.85225,2.25,2.25
2011.04.07 14:29:23.207,0.85212,0.85226,6.00,3.75
2011.04.07 14:29:23.933,0.85214,0.85226,2.25,2.25
2011.04.07 14:29:25.918,0.85212,0.85222,5.25,1.50
2011.04.07 14:29:26.687,0.85214,0.85222,2.25,1.50
2011.04.07 14:29:27.128,0.85212,0.85222,1.50,2.25
2011.04.07 14:29:27.238,0.8521,0.85222,1.50,2.25
2011.04.07 14:29:27.786,0.85211,0.85221,1.50,1.50
2011.04.07 14:29:28.008,0.85211,0.85221,2.25,1.50
2011.04.07 14:29:28.227,0.85213,0.85224,1.50,1.50
2011.04.07 14:29:34.961,0.85213,0.85225,2.25,1.50
2011.04.07 14:29:37.247,0.85213,0.85224,2.25,1.50
2011.04.07 14:29:37.797,0.85212,0.85224,3.00,1.50
2011.04.07 14:29:39.387,0.85213,0.85224,1.50,1.50
2011.04.07 14:29:41.367,0.85213,0.85225,1.50,2.25
2011.04.07 14:29:42.121,0.85214,0.85225,1.50,1.50
2011.04.07 14:29:42.677,0.85215,0.85227,1.50,4.50
2011.04.07 14:29:43.228,0.85213,0.85225,1.50,1.50
2011.04.07 14:29:43.777,0.85214,0.85226,1.50,1.50
2011.04.07 14:29:44.109,0.85213,0.85224,7.50,1.50
2011.04.07 14:29:44.666,0.85213,0.85225,1.50,2.25
2011.04.07 14:29:46.467,0.85213,0.85225,2.25,2.25
2011.04.07 14:29:46.910,0.85213,0.85224,2.25,2.25
2011.04.07 14:29:50.367,0.85212,0.85224,2.25,3.00
2011.04.07 14:29:50.917,0.85214,0.85223,1.48,1.50
2011.04.07 14:29:54.019,0.85212,0.85222,1.50,1.50
2011.04.07 14:29:54.458,0.85212,0.85222,1.50,1.50
2011.04.07 14:29:55.888,0.85213,0.85224,2.40,3.00
2011.04.07 14:29:56.109,0.85217,0.85229,1.50,2.10
2011.04.07 14:29:56.549,0.85221,0.8523,1.50,2.25
2011.04.07 14:29:56.988,0.85222,0.85234,1.50,2.25
2011.04.07 14:29:57.536,0.85222,0.85234,1.50,1.50
2011.04.07 14:29:58.711,0.85218,0.8523,2.25,1.50
2011.04.07 14:29:59.048,0.8522,0.85231,1.50,1.50
2011.04.07 14:29:59.270,0.85221,0.85233,1.50,1.50
2011.04.07 14:30:00.488,0.85221,0.85233,3.00,1.50
2011.04.07 14:30:01.477,0.85221,0.85233,3.00,1.50
2011.04.07 14:30:07.528,0.85221,0.85232,1.50,2.25
2011.04.07 14:30:07.968,0.85221,0.85233,2.25,1.50
2011.04.07 14:30:09.170,0.85221,0.85232,1.50,1.50
2011.04.07 14:30:09.531,0.85214,0.85227,2.25,1.50
2011.04.07 14:30:09.649,0.85213,0.85226,2.25,2.25
2011.04.07 14:30:10.308,0.85213,0.85226,2.25,2.25
2011.04.07 14:30:11.427,0.85213,0.85226,2.25,2.25
2011.04.07 14:30:12.000,0.85213,0.85226,2.25,2.25
2011.04.07 14:30:12.547,0.85213,0.85226,2.25,2.25
2011.04.07 14:30:13.097,0.85215,0.85227,1.50,2.25
2011.04.07 14:30:13.536,0.85216,0.85228,1.50,3.00
2011.04.07 14:30:15.450,0.85219,0.85228,1.50,1.50
2011.04.07 14:30:15.980,0.85221,0.85231,2.25,1.50
2011.04.07 14:30:16.333,0.85225,0.85232,1.50,1.50
2011.04.07 14:30:16.452,0.85222,0.85232,1.50,1.50
2011.04.07 14:30:16.677,0.8522,0.85232,3.75,1.50
2011.04.07 14:30:16.789,0.8522,0.85233,3.75,2.25
2011.04.07 14:30:17.337,0.85221,0.85232,2.25,1.50
2011.04.07 14:30:18.327,0.85221,0.85232,2.25,1.50
2011.04.07 14:30:18.877,0.8522,0.85231,1.50,1.50
2011.04.07 14:30:18.988,0.85218,0.85229,2.25,1.50
2011.04.07 14:30:19.427,0.85214,0.85227,2.85,2.25
2011.04.07 14:30:19.539,0.85214,0.85227,2.85,2.25
2011.04.07 14:30:19.977,0.85214,0.85227,2.85,3.75
2011.04.07 14:30:20.780,0.85214,0.85227,2.85,2.25
2011.04.07 14:30:21.120,0.85215,0.85229,2.25,3.75
2011.04.07 14:30:21.451,0.85218,0.85229,1.50,2.25
2011.04.07 14:30:22.888,0.85219,0.85231,2.25,1.50
2011.04.07 14:30:23.108,0.85219,0.85232,3.00,1.50
2011.04.07 14:30:23.905,0.8522,0.85233,3.00,2.25
2011.04.07 14:30:24.028,0.85222,0.85233,1.50,1.50
2011.04.07 14:30:24.356,0.85223,0.85235,2.25,2.25
2011.04.07 14:30:25.568,0.85222,0.85235,1.50,3.60
2011.04.07 14:30:26.118,0.85222,0.85234,1.50,2.25
2011.04.07 14:30:31.908,0.85221,0.85233,3.00,2.10
2011.04.07 14:30:32.127,0.8522,0.85232,2.25,1.50
2011.04.07 14:30:32.897,0.85221,0.85232,1.50,1.50
2011.04.07 14:30:33.452,0.85221,0.85232,2.25,1.50
2011.04.07 14:30:36.608,0.85221,0.85232,3.00,1.50
2011.04.07 14:30:39.409,0.85221,0.85232,1.50,2.25
2011.04.07 14:30:39.957,0.85221,0.85232,1.50,2.25
2011.04.07 14:30:40.178,0.85222,0.85232,1.50,1.50
2011.04.07 14:30:40.401,0.85225,0.85236,1.50,2.25
2011.04.07 14:30:40.628,0.85227,0.85237,1.50,1.50
2011.04.07 14:30:40.958,0.85228,0.85241,6.75,1.50
2011.04.07 14:30:41.840,0.85228,0.85241,2.25,2.25
2011.04.07 14:30:41.959,0.85228,0.8524,3.00,2.25
2011.04.07 14:30:43.588,0.85227,0.85235,2.25,1.50
2011.04.07 14:30:43.700,0.85225,0.85234,4.50,1.50
2011.04.07 14:30:43.820,0.85222,0.85233,1.50,2.25
2011.04.07 14:30:44.378,0.85228,0.85235,4.50,2.10
2011.04.07 14:30:44.708,0.85233,0.85241,2.25,7.32
2011.04.07 14:30:44.821,0.85239,0.85245,2.25,1.50
2011.04.07 14:30:44.941,0.8524,0.85253,2.25,5.25
2011.04.07 14:30:45.168,0.8524,0.85253,3.75,3.75
2011.04.07 14:30:45.280,0.85245,0.85253,1.50,1.50
2011.04.07 14:30:45.511,0.85244,0.85255,2.10,2.25
2011.04.07 14:30:46.079,0.85241,0.85252,1.50,1.50
2011.04.07 14:30:46.639,0.85243,0.85253,1.50,2.25
2011.04.07 14:30:46.750,0.85241,0.85253,3.75,2.25
2011.04.07 14:30:46.870,0.8524,0.85253,2.25,1.50
2011.04.07 14:30:47.208,0.85243,0.85256,1.50,3.60
2011.04.07 14:30:48.568,0.85242,0.85254,1.50,1.50
2011.04.07 14:30:48.682,0.85241,0.85253,5.25,1.50
2011.04.07 14:30:49.238,0.85238,0.85252,4.50,1.50
2011.04.07 14:30:49.785,0.85238,0.85251,2.25,1.50
2011.04.07 14:30:50.007,0.85239,0.85252,2.10,2.25
2011.04.07 14:30:50.342,0.85242,0.85254,2.25,3.00
2011.04.07 14:30:50.867,0.85244,0.85256,1.50,2.25
2011.04.07 14:30:51.527,0.85246,0.85255,1.50,2.25
2011.04.07 14:30:51.640,0.85247,0.85258,3.00,2.25
2011.04.07 14:30:51.859,0.85248,0.85261,1.50,2.25
2011.04.07 14:30:52.407,0.85249,0.85261,1.50,1.50
2011.04.07 14:30:52.957,0.85249,0.85261,1.50,1.50
2011.04.07 14:30:53.727,0.85249,0.85261,1.50,1.50
2011.04.07 14:30:54.277,0.85249,0.85261,1.50,2.25
2011.04.07 14:30:54.976,0.8525,0.85262,1.50,1.50
2011.04.07 14:30:55.967,0.8525,0.85263,2.25,3.75
2011.04.07 14:30:56.517,0.8525,0.85263,1.50,3.75
2011.04.07 14:30:58.397,0.8525,0.85263,1.50,4.50
2011.04.07 14:31:00.368,0.85249,0.85263,6.00,3.75
2011.04.07 14:31:00.917,0.85248,0.85261,4.50,1.50
2011.04.07 14:31:01.907,0.85256,0.85262,1.50,1.50
2011.04.07 14:31:02.413,0.85256,0.85264,1.50,2.25
2011.04.07 14:31:02.532,0.85256,0.85268,1.50,1.50
2011.04.07 14:31:02.869,0.85255,0.85268,2.25,1.50
2011.04.07 14:31:02.978,0.85256,0.85266,1.50,2.25
2011.04.07 14:31:03.307,0.85257,0.85266,1.50,1.50
2011.04.07 14:31:03.857,0.85257,0.85267,1.50,2.25
2011.04.07 14:31:04.408,0.85256,0.85265,1.50,1.50
2011.04.07 14:31:04.629,0.85256,0.85266,1.50,1.50
2011.04.07 14:31:05.177,0.85255,0.85266,1.50,1.50
2011.04.07 14:31:06.308,0.85252,0.85259,1.50,1.50
2011.04.07 14:31:06.433,0.85246,0.85259,4.50,1.50
2011.04.07 14:31:06.551,0.85246,0.85257,1.50,1.50
2011.04.07 14:31:06.780,0.85246,0.85257,2.25,3.00
2011.04.07 14:31:07.230,0.85255,0.8526,1.50,1.50
2011.04.07 14:31:07.460,0.85257,0.85268,1.50,2.25
2011.04.07 14:31:07.687,0.85257,0.85269,3.00,3.75
2011.04.07 14:31:07.800,0.85258,0.85269,1.50,2.25
2011.04.07 14:31:08.356,0.85258,0.85269,2.25,1.50
2011.04.07 14:31:08.690,0.85252,0.85264,1.50,1.50
2011.04.07 14:31:08.808,0.85251,0.85263,3.00,1.50
2011.04.07 14:31:09.029,0.85251,0.85262,1.50,2.25
2011.04.07 14:31:09.359,0.85261,0.85267,1.50,1.84
2011.04.07 14:31:09.581,0.85263,0.85273,1.50,1.50
2011.04.07 14:31:09.810,0.85264,0.85276,1.50,1.50
2011.04.07 14:31:10.404,0.85264,0.85276,2.25,2.85
2011.04.07 14:31:10.772,0.85249,0.85255,1.50,1.50
2011.04.07 14:31:10.888,0.85243,0.85255,3.00,1.50
2011.04.07 14:31:11.328,0.8525,0.85256,1.50,1.50
2011.04.07 14:31:11.439,0.85251,0.85257,1.50,1.50
2011.04.07 14:31:11.549,0.85251,0.85263,2.25,5.25
2011.04.07 14:31:11.658,0.85251,0.85263,3.00,5.25
2011.04.07 14:31:12.537,0.85251,0.85265,4.50,2.25
2011.04.07 14:31:13.089,0.85251,0.85264,2.25,2.25
2011.04.07 14:31:13.428,0.85249,0.85261,2.25,1.50
2011.04.07 14:31:13.537,0.85249,0.85261,2.25,1.50
2011.04.07 14:31:14.307,0.85249,0.85263,3.00,7.50
2011.04.07 14:31:14.908,0.85252,0.85263,1.50,5.10
2011.04.07 14:31:15.327,0.85247,0.85261,6.75,1.50
2011.04.07 14:31:15.450,0.85248,0.8526,1.50,1.50
2011.04.07 14:31:15.792,0.85247,0.85251,1.50,1.50
2011.04.07 14:31:15.914,0.85241,0.85253,2.25,2.25
2011.04.07 14:31:16.139,0.8524,0.85253,3.00,1.50
2011.04.07 14:31:16.359,0.8524,0.85253,3.00,2.25
2011.04.07 14:31:16.907,0.8524,0.85253,1.50,2.25
2011.04.07 14:31:17.241,0.8524,0.85249,1.50,1.50
2011.04.07 14:31:17.594,0.85235,0.85246,2.25,1.50
2011.04.07 14:31:18.124,0.85235,0.85247,3.00,1.50
2011.04.07 14:31:18.252,0.85233,0.85245,8.25,1.50
2011.04.07 14:31:18.481,0.85234,0.85245,1.50,2.25
2011.04.07 14:31:19.041,0.85233,0.85243,3.00,1.50
2011.04.07 14:31:19.378,0.85237,0.85247,1.50,1.50
2011.04.07 14:31:19.490,0.85237,0.85247,1.50,1.50
2011.04.07 14:31:20.160,0.85237,0.85247,1.50,1.50
2011.04.07 14:31:20.498,0.85239,0.85249,1.50,1.50
2011.04.07 14:31:22.688,0.85239,0.85249,1.50,1.50
2011.04.07 14:31:22.798,0.85239,0.85251,1.50,3.00
2011.04.07 14:31:23.568,0.85238,0.85251,3.00,3.00
2011.04.07 14:31:24.116,0.85239,0.85251,1.50,3.00
2011.04.07 14:31:24.667,0.85239,0.85251,1.50,3.00
2011.04.07 14:31:28.722,0.85238,0.85244,4.50,1.50
2011.04.07 14:31:28.838,0.85238,0.85247,2.25,1.50
2011.04.07 14:31:29.255,0.85238,0.85249,1.50,2.25
2011.04.07 14:31:29.384,0.85236,0.85248,2.25,1.50
2011.04.07 14:31:30.269,0.85237,0.85248,1.50,1.50
2011.04.07 14:31:30.715,0.85237,0.85245,1.50,1.50
2011.04.07 14:31:30.831,0.85234,0.85245,2.25,3.00
2011.04.07 14:31:30.949,0.85233,0.85244,3.75,1.50
2011.04.07 14:31:31.496,0.85233,0.85244,2.25,1.50
2011.04.07 14:31:32.267,0.85236,0.85246,1.50,1.50
2011.04.07 14:31:32.839,0.85236,0.85246,2.25,1.50
2011.04.07 14:31:33.168,0.85236,0.85248,2.25,1.50
2011.04.07 14:31:33.392,0.85236,0.85247,2.25,5.25
2011.04.07 14:31:33.729,0.85234,0.85243,1.50,1.50
2011.04.07 14:31:33.837,0.85231,0.85241,2.25,1.50
2011.04.07 14:31:34.388,0.8523,0.85241,1.50,1.50
2011.04.07 14:31:35.049,0.8523,0.85241,2.25,2.25
2011.04.07 14:31:38.284,0.85228,0.85236,2.25,1.50
2011.04.07 14:31:38.426,0.85227,0.8524,1.50,7.50
2011.04.07 14:31:38.541,0.85227,0.8524,2.25,3.00
2011.04.07 14:31:39.760,0.85226,0.85239,1.50,1.50
2011.04.07 14:31:40.214,0.85224,0.85234,1.50,1.50
2011.04.07 14:31:41.098,0.85222,0.85234,3.75,3.00
2011.04.07 14:31:41.541,0.85219,0.85229,6.75,1.50
2011.04.07 14:31:41.771,0.85216,0.85228,7.50,1.50
2011.04.07 14:31:42.288,0.85216,0.85228,2.25,1.50
2011.04.07 14:31:42.521,0.85216,0.85226,3.75,1.50
2011.04.07 14:31:42.860,0.85214,0.85224,1.50,2.25
2011.04.07 14:31:43.420,0.85214,0.85227,2.25,3.00
2011.04.07 14:31:43.976,0.85215,0.85228,1.50,3.75
2011.04.07 14:31:44.857,0.85215,0.85227,1.50,1.50
2011.04.07 14:31:45.297,0.85215,0.85225,1.50,1.50
2011.04.07 14:31:45.847,0.85215,0.85225,1.50,1.50
2011.04.07 14:31:46.069,0.85215,0.85228,1.50,1.50
2011.04.07 14:31:46.616,0.85215,0.85227,1.50,1.50
2011.04.07 14:31:47.658,0.85215,0.85227,2.85,1.50
2011.04.07 14:31:47.989,0.85218,0.85228,3.60,1.50
2011.04.07 14:31:48.099,0.8522,0.85232,2.25,2.85
2011.04.07 14:31:48.429,0.8522,0.85231,3.00,1.50
2011.04.07 14:31:50.100,0.8522,0.85232,1.50,2.85
2011.04.07 14:31:50.437,0.8522,0.85232,1.50,1.35
2011.04.07 14:31:50.988,0.8522,0.85232,1.50,2.10
2011.04.07 14:31:51.978,0.8522,0.85229,1.50,1.50
2011.04.07 14:31:52.527,0.8522,0.8523,1.50,1.50
2011.04.07 14:31:54.568,0.8522,0.8523,2.25,1.50
2011.04.07 14:31:55.257,0.8522,0.85231,3.00,2.25
2011.04.07 14:31:55.818,0.85221,0.85234,2.25,6.75
2011.04.07 14:31:56.149,0.85223,0.85234,1.35,4.50
2011.04.07 14:31:56.368,0.85222,0.85234,2.25,4.50
2011.04.07 14:31:56.477,0.85221,0.85234,4.50,2.25
2011.04.07 14:31:56.918,0.85221,0.85234,4.50,2.25
2011.04.07 14:31:59.697,0.85222,0.85234,1.50,3.75
2011.04.07 14:32:00.248,0.85222,0.85234,1.50,3.00
2011.04.07 14:32:00.797,0.85222,0.85233,1.50,1.50
2011.04.07 14:32:01.775,0.85223,0.85235,1.50,1.50
2011.04.07 14:32:02.664,0.85226,0.85236,1.50,1.50
2011.04.07 14:32:03.012,0.85226,0.85238,2.25,2.25
2011.04.07 14:32:03.787,0.85227,0.85239,1.50,1.50
2011.04.07 14:32:06.758,0.85227,0.85238,1.50,1.50
2011.04.07 14:32:08.077,0.85228,0.8524,5.25,2.25
2011.04.07 14:32:11.027,0.85229,0.8524,1.50,1.50
2011.04.07 14:32:11.470,0.85228,0.85241,2.25,2.25
2011.04.07 14:32:12.027,0.85228,0.8524,1.50,2.25
2011.04.07 14:32:12.579,0.85228,0.8524,1.50,2.25
2011.04.07 14:32:14.777,0.85227,0.8524,4.50,3.00
2011.04.07 14:32:15.547,0.85227,0.85239,4.50,1.50
2011.04.07 14:32:16.705,0.85227,0.85239,3.00,1.50
2011.04.07 14:32:17.259,0.85227,0.85238,2.25,1.50
2011.04.07 14:32:23.828,0.85228,0.85238,1.50,3.75
2011.04.07 14:32:23.939,0.85223,0.85236,6.75,2.25
2011.04.07 14:32:24.268,0.85222,0.85235,2.25,6.75
2011.04.07 14:32:24.817,0.85221,0.85233,3.75,1.50
2011.04.07 14:32:25.367,0.85221,0.85233,1.50,2.25
2011.04.07 14:32:28.976,0.85221,0.85233,1.50,2.25
2011.04.07 14:32:31.227,0.8522,0.85232,2.25,1.50
2011.04.07 14:32:32.549,0.85219,0.85231,2.25,3.00
2011.04.07 14:32:33.100,0.85219,0.85232,2.25,2.25
2011.04.07 14:32:33.658,0.8522,0.85232,1.50,2.25
2011.04.07 14:32:36.108,0.85229,0.85235,1.50,1.50
2011.04.07 14:32:36.329,0.85233,0.8524,3.00,1.84
2011.04.07 14:32:36.438,0.85234,0.8524,3.75,1.50
2011.04.07 14:32:36.548,0.85234,0.85244,3.00,2.25
2011.04.07 14:32:36.880,0.85231,0.85242,3.00,2.25
2011.04.07 14:32:45.010,0.85229,0.85242,2.25,1.50
2011.04.07 14:32:45.117,0.85229,0.85242,1.50,2.25
2011.04.07 14:32:45.667,0.85228,0.8524,2.25,1.50
2011.04.07 14:32:48.997,0.85228,0.85239,1.50,1.50
2011.04.07 14:32:49.548,0.85226,0.85239,9.00,1.50
2011.04.07 14:32:50.947,0.85226,0.85239,9.00,1.50
2011.04.07 14:32:53.429,0.85227,0.85239,1.50,1.50
2011.04.07 14:32:54.349,0.85227,0.85239,1.50,1.50
2011.04.07 14:32:54.681,0.85232,0.85241,5.25,1.50
2011.04.07 14:32:55.237,0.85234,0.85242,4.50,1.50
2011.04.07 14:32:55.898,0.8523,0.85242,2.25,3.00
2011.04.07 14:33:02.530,0.85232,0.85242,5.25,2.25
2011.04.07 14:33:02.650,0.85235,0.85245,1.50,2.25
2011.04.07 14:33:03.198,0.85234,0.85245,2.25,2.25
2011.04.07 14:33:03.527,0.85232,0.85245,3.00,3.00
2011.04.07 14:33:06.208,0.85232,0.85245,2.25,3.00
2011.04.07 14:33:06.321,0.85231,0.85243,1.50,1.50
2011.04.07 14:33:08.087,0.85229,0.85242,2.25,1.50
2011.04.07 14:33:10.482,0.85227,0.8524,1.50,2.25
2011.04.07 14:33:11.047,0.85227,0.8524,1.50,2.25
2011.04.07 14:33:11.600,0.85226,0.85235,2.25,2.25
2011.04.07 14:33:11.930,0.85221,0.85232,1.50,1.35
2011.04.07 14:33:12.534,0.85221,0.85234,1.50,1.50
2011.04.07 14:33:12.650,0.85221,0.85234,1.50,1.50
2011.04.07 14:33:15.019,0.85222,0.85234,2.25,1.50
2011.04.07 14:33:15.350,0.85224,0.85236,2.25,1.50
2011.04.07 14:33:15.581,0.85224,0.85232,1.50,1.50
2011.04.07 14:33:15.810,0.85223,0.85235,1.50,3.00
2011.04.07 14:33:16.028,0.85222,0.85236,2.25,6.75
2011.04.07 14:33:17.200,0.85222,0.85235,3.00,2.25
2011.04.07 14:33:17.758,0.85221,0.85234,2.25,2.25
2011.04.07 14:33:19.409,0.85221,0.85234,2.25,4.50
2011.04.07 14:33:19.628,0.85221,0.85233,1.50,1.50
2011.04.07 14:33:24.607,0.8522,0.85232,1.50,2.25
2011.04.07 14:33:33.040,0.8522,0.85232,1.50,2.25
2011.04.07 14:33:33.487,0.8522,0.85232,1.50,3.00
2011.04.07 14:33:35.437,0.8522,0.85232,1.50,3.00
2011.04.07 14:33:36.426,0.8522,0.85232,1.50,2.25
2011.04.07 14:33:36.647,0.8522,0.85232,1.50,3.00
2011.04.07 14:33:37.729,0.85217,0.85224,2.25,1.50
2011.04.07 14:33:37.952,0.85214,0.8522,1.50,1.50
2011.04.07 14:33:38.070,0.8521,0.8522,1.50,2.85
2011.04.07 14:33:38.190,0.85207,0.8522,1.50,3.60
2011.04.07 14:33:38.309,0.85206,0.85219,1.50,1.50
2011.04.07 14:33:38.857,0.85206,0.85218,1.50,2.25
2011.04.07 14:33:39.859,0.85206,0.85219,1.50,3.75
2011.04.07 14:33:40.408,0.85206,0.85218,2.25,3.00
2011.04.07 14:33:41.659,0.85206,0.85219,2.25,2.25
2011.04.07 14:33:42.167,0.85206,0.85219,1.50,1.50
2011.04.07 14:33:44.661,0.85208,0.85222,4.50,3.00
2011.04.07 14:33:44.778,0.85212,0.85222,1.50,3.00
2011.04.07 14:33:44.890,0.85214,0.85224,2.10,3.75
2011.04.07 14:33:45.449,0.85213,0.85227,3.60,2.25
2011.04.07 14:33:46.438,0.85214,0.85227,1.50,2.25
2011.04.07 14:33:46.660,0.85213,0.85222,2.25,1.50
