2017.11.30 01:00:00.020,1.11989,1.11992,1.12,1.69
2017.11.30 01:00:00.125,1.11989,1.11991,1.00,1.19
2017.11.30 01:00:00.283,1.11989,1.11994,5.51,1.69
2017.11.30 01:00:00.703,1.1199,1.11992,1.00,2.44
2017.11.30 01:00:00.883,1.11989,1.11993,2.44,1.25
2017.11.30 01:00:01.397,1.1199,1.11995,3.00,1.19
2017.11.30 01:00:01.449,1.11993,1.11996,1.50,2.25
2017.11.30 01:00:01.780,1.11994,1.11998,1.50,1.19
2017.11.30 01:00:01.989,1.11996,1.12,1.12,2.44
2017.11.30 01:00:02.556,1.11994,1.11998,4.01,1.25
2017.11.30 01:00:03.071,1.11995,1.11999,1.31,1.25
2017.11.30 01:00:03.494,1.11991,1.11993,1.00,1.19
2017.11.30 01:00:03.598,1.11991,1.11996,1.76,1.69
2017.11.30 01:00:03.702,1.11992,1.11998,2.51,3.19
2017.11.30 01:00:04.217,1.11993,1.11998,1.69,2.44
2017.11.30 01:00:04.321,1.11994,1.11999,2.06,1.01
2017.11.30 01:00:04.851,1.11996,1.12001,1.31,1.64
2017.11.30 01:00:05.365,1.11996,1.12001,2.06,2.70
2017.11.30 01:00:07.343,1.11995,1.12,2.44,4.39
2017.11.30 01:00:07.499,1.11996,1.12,2.81,1.45
2017.11.30 01:00:07.859,1.11997,1.12001,4.31,1.20
2017.11.30 01:00:08.502,1.11998,1.12002,3.94,1.00
2017.11.30 01:00:09.062,1.11998,1.12003,6.19,2.89
2017.11.30 01:00:09.880,1.11998,1.12003,6.19,2.89
2017.11.30 01:00:10.016,1.11998,1.12003,6.19,2.51
2017.11.30 01:00:10.548,1.12001,1.12004,2.06,1.50
2017.11.30 01:00:11.062,1.11998,1.12003,3.94,1.69
2017.11.30 01:00:11.618,1.11999,1.12003,2.00,2.14
2017.11.30 01:00:11.982,1.11989,1.11992,10.50,2.14
2017.11.30 01:00:12.345,1.11987,1.11991,3.37,2.14
2017.11.30 01:00:14.401,1.11988,1.11991,1.00,1.76
2017.11.30 01:00:15.272,1.11989,1.11992,1.00,4.31
2017.11.30 01:00:16.332,1.11989,1.11992,1.00,3.56
2017.11.30 01:00:17.007,1.1199,1.11992,1.00,3.94
2017.11.30 01:00:17.544,1.11989,1.11992,1.00,3.56
2017.11.30 01:00:18.266,1.11989,1.11992,1.00,3.56
2017.11.30 01:00:18.905,1.1199,1.11992,1.00,2.81
2017.11.30 01:00:19.422,1.11989,1.11992,1.00,2.89
2017.11.30 01:00:19.475,1.11989,1.1199,1.00,1.00
2017.11.30 01:00:19.833,1.11989,1.11992,1.00,3.71
2017.11.30 01:00:19.887,1.11989,1.1199,1.00,1.00
2017.11.30 01:00:20.092,1.11989,1.11992,1.00,4.01
2017.11.30 01:00:20.301,1.11989,1.1199,1.00,1.00
2017.11.30 01:00:20.507,1.11989,1.11992,1.00,3.26
2017.11.30 01:00:20.667,1.11989,1.1199,1.00,1.00
2017.11.30 01:00:20.872,1.11989,1.11992,1.00,3.26
2017.11.30 01:00:21.089,1.11989,1.1199,1.00,1.00
2017.11.30 01:00:21.191,1.11989,1.11992,1.00,2.89
2017.11.30 01:00:22.476,1.11989,1.11991,1.00,1.00
2017.11.30 01:00:22.835,1.11991,1.11992,1.00,1.25
2017.11.30 01:00:23.343,1.1199,1.11991,1.00,1.00
2017.11.30 01:00:23.858,1.1199,1.11992,1.00,2.44
2017.11.30 01:00:24.439,1.11989,1.11992,1.00,4.39
2017.11.30 01:00:24.495,1.11988,1.1199,1.00,1.00
2017.11.30 01:00:25.011,1.11987,1.11989,1.12,1.00
2017.11.30 01:00:25.558,1.11988,1.1199,1.00,3.07
2017.11.30 01:00:26.271,1.11987,1.1199,1.31,3.45
2017.11.30 01:00:26.631,1.11987,1.11988,1.31,1.00
2017.11.30 01:00:26.734,1.11988,1.1199,1.00,3.00
2017.11.30 01:00:26.954,1.11989,1.11992,1.00,2.81
2017.11.30 01:00:27.470,1.11989,1.11991,1.00,1.00
2017.11.30 01:00:27.521,1.11987,1.11989,1.31,1.00
2017.11.30 01:00:27.626,1.11988,1.11991,1.00,3.19
2017.11.30 01:00:27.936,1.11987,1.11988,1.31,1.00
2017.11.30 01:00:28.038,1.11988,1.1199,1.00,1.00
2017.11.30 01:00:28.346,1.11987,1.11988,1.25,1.00
2017.11.30 01:00:28.527,1.11989,1.11991,1.13,1.00
2017.11.30 01:00:29.605,1.11988,1.11991,1.69,1.12
2017.11.30 01:00:29.709,1.1199,1.11991,1.00,1.12
2017.11.30 01:00:30.133,1.11991,1.11993,1.00,2.25
2017.11.30 01:00:30.238,1.11992,1.11994,1.00,3.94
2017.11.30 01:00:30.632,1.11994,1.11996,1.00,1.76
2017.11.30 01:00:30.736,1.11996,1.12,1.69,1.57
2017.11.30 01:00:31.253,1.11998,1.12,1.12,1.00
2017.11.30 01:00:31.768,1.11998,1.12001,1.12,1.69
2017.11.30 01:00:34.492,1.11999,1.12002,1.00,2.44
2017.11.30 01:00:35.091,1.11999,1.12002,1.00,1.25
2017.11.30 01:00:35.305,1.12001,1.12003,1.12,1.62
2017.11.30 01:00:35.410,1.12003,1.12005,1.00,1.69
2017.11.30 01:00:35.617,1.12004,1.12007,1.25,1.00
2017.11.30 01:00:36.082,1.12003,1.12005,1.87,1.00
2017.11.30 01:00:36.518,1.12004,1.12007,1.00,1.31
2017.11.30 01:00:38.359,1.12005,1.12007,1.00,1.00
2017.11.30 01:00:38.871,1.12004,1.12008,1.46,3.45
2017.11.30 01:00:39.386,1.12005,1.12008,1.00,1.01
2017.11.30 01:00:39.543,1.12002,1.12004,2.81,1.00
2017.11.30 01:00:39.801,1.11998,1.12001,1.31,1.20
2017.11.30 01:00:40.357,1.11999,1.12002,1.00,2.32
2017.11.30 01:00:40.873,1.11998,1.12001,1.31,1.10
2017.11.30 01:00:43.226,1.11998,1.12002,1.31,3.37
2017.11.30 01:00:44.170,1.12,1.12002,1.25,1.00
2017.11.30 01:00:44.275,1.12002,1.12005,1.31,1.00
2017.11.30 01:00:44.422,1.12003,1.12007,1.69,1.25
2017.11.30 01:00:45.061,1.12003,1.12007,2.44,1.50
2017.11.30 01:00:46.140,1.12003,1.12007,2.06,2.14
2017.11.30 01:00:46.653,1.12003,1.12006,1.25,1.50
2017.11.30 01:00:47.137,1.12001,1.12003,1.25,2.25
2017.11.30 01:00:47.241,1.11999,1.12003,2.44,2.44
2017.11.30 01:00:47.601,1.11998,1.12001,1.31,1.00
2017.11.30 01:00:48.113,1.11997,1.12001,4.69,1.50
2017.11.30 01:00:48.656,1.11996,1.12,3.94,1.50
2017.11.30 01:00:50.778,1.11997,1.12,2.06,1.00
2017.11.30 01:01:01.963,1.12,1.12002,2.81,1.50
2017.11.30 01:01:02.067,1.12001,1.12004,1.87,1.00
2017.11.30 01:01:02.583,1.12001,1.12005,2.81,1.50
2017.11.30 01:01:03.410,1.12001,1.12005,2.81,1.50
2017.11.30 01:01:04.606,1.12002,1.12005,1.69,3.00
2017.11.30 01:01:05.137,1.12002,1.12006,3.19,1.69
2017.11.30 01:01:05.669,1.12002,1.12005,2.44,2.25
2017.11.30 01:01:06.295,1.12002,1.12005,2.44,2.25
2017.11.30 01:01:09.045,1.12001,1.12005,3.56,1.87
2017.11.30 01:01:09.593,1.12002,1.12005,1.25,2.62
2017.11.30 01:01:10.104,1.12002,1.12005,1.69,1.50
2017.11.30 01:01:11.954,1.12002,1.12005,2.44,1.50
2017.11.30 01:01:12.804,1.12,1.12004,3.64,1.69
2017.11.30 01:01:13.064,1.11999,1.12002,1.87,3.19
2017.11.30 01:01:13.349,1.11998,1.12001,2.62,1.25
2017.11.30 01:01:13.924,1.11998,1.12002,2.81,6.26
2017.11.30 01:01:14.437,1.11997,1.12001,3.19,4.69
2017.11.30 01:01:15.070,1.11997,1.12,3.19,1.00
2017.11.30 01:01:15.742,1.11996,1.11998,3.94,1.00
2017.11.30 01:01:16.652,1.11994,1.11996,2.81,1.00
2017.11.30 01:01:16.807,1.11992,1.11995,5.14,1.00
2017.11.30 01:01:17.118,1.11991,1.11993,3.19,1.00
2017.11.30 01:01:17.668,1.1199,1.11993,3.19,1.00
2017.11.30 01:01:18.343,1.11991,1.11993,3.19,1.00
2017.11.30 01:01:19.325,1.11992,1.11994,2.25,1.00
2017.11.30 01:01:19.873,1.11993,1.11995,2.06,1.00
2017.11.30 01:01:20.492,1.11993,1.11996,2.06,1.00
2017.11.30 01:01:22.110,1.11995,1.11996,13.87,1.00
2017.11.30 01:01:22.316,1.11996,1.11998,1.37,1.50
2017.11.30 01:01:23.411,1.11997,1.11998,1.00,2.81
2017.11.30 01:01:23.722,1.11994,1.11996,1.37,2.25
2017.11.30 01:01:24.134,1.11993,1.11995,1.12,3.00
2017.11.30 01:01:24.777,1.11993,1.11994,1.00,1.00
2017.11.30 01:01:25.303,1.11991,1.11994,2.44,3.37
2017.11.30 01:01:26.361,1.11991,1.11993,1.69,1.00
2017.11.30 01:01:26.515,1.1199,1.11992,4.31,1.00
2017.11.30 01:01:28.163,1.11987,1.11989,1.31,1.00
2017.11.30 01:01:28.215,1.11987,1.1199,1.37,2.44
2017.11.30 01:01:28.319,1.11986,1.11988,2.06,1.00
2017.11.30 01:01:29.241,1.11986,1.11988,1.62,1.12
2017.11.30 01:01:30.430,1.11985,1.11987,1.69,1.00
2017.11.30 01:01:30.804,1.11987,1.11989,6.19,1.87
2017.11.30 01:01:31.159,1.11989,1.11991,2.06,1.00
2017.11.30 01:01:31.673,1.11989,1.1199,1.69,1.00
2017.11.30 01:01:32.184,1.11989,1.11991,2.44,1.50
2017.11.30 01:01:33.447,1.11989,1.1199,1.00,1.00
2017.11.30 01:01:33.550,1.11987,1.11988,1.69,1.00
2017.11.30 01:01:34.106,1.11985,1.11987,2.81,1.00
2017.11.30 01:01:34.719,1.11985,1.11987,2.81,1.00
2017.11.30 01:01:35.570,1.11984,1.11986,9.19,1.00
2017.11.30 01:01:37.034,1.11984,1.11986,1.31,1.00
2017.11.30 01:01:37.342,1.11985,1.11988,1.25,1.57
2017.11.30 01:01:37.945,1.11985,1.11988,1.25,8.70
2017.11.30 01:01:39.172,1.11983,1.11984,1.25,1.50
2017.11.30 01:01:39.275,1.1198,1.11982,2.62,1.12
2017.11.30 01:01:39.327,1.11979,1.11981,3.00,1.00
2017.11.30 01:01:39.431,1.1198,1.11983,1.25,3.45
2017.11.30 01:01:39.972,1.11978,1.11982,1.69,6.82
2017.11.30 01:01:40.763,1.11978,1.11982,1.69,15.07
2017.11.30 01:01:41.302,1.11978,1.11982,1.69,1.95
2017.11.30 01:01:43.271,1.11978,1.11982,1.50,2.32
2017.11.30 01:01:43.325,1.11984,1.11986,1.69,1.20
2017.11.30 01:01:43.481,1.11985,1.11988,1.69,4.12
2017.11.30 01:01:43.584,1.11984,1.11987,1.25,2.25
2017.11.30 01:01:43.687,1.11984,1.11986,1.25,4.50
2017.11.30 01:01:44.202,1.11983,1.11985,1.25,7.87
2017.11.30 01:01:44.758,1.11981,1.11985,1.19,3.90
2017.11.30 01:01:44.861,1.1198,1.11984,1.25,3.56
2017.11.30 01:01:46.905,1.1198,1.11982,1.25,1.00
2017.11.30 01:01:48.546,1.1198,1.11983,1.25,1.00
2017.11.30 01:01:49.063,1.11978,1.11981,1.00,1.31
2017.11.30 01:01:49.614,1.11977,1.11981,1.69,2.81
2017.11.30 01:01:50.227,1.11979,1.11983,1.50,5.51
2017.11.30 01:01:53.730,1.11979,1.11983,1.69,6.56
2017.11.30 01:01:55.064,1.11982,1.11985,1.00,4.01
2017.11.30 01:01:55.219,1.11983,1.11987,1.69,4.76
2017.11.30 01:01:55.476,1.11984,1.11988,1.69,3.45
2017.11.30 01:01:56.013,1.11984,1.11987,1.69,1.12
2017.11.30 01:01:56.556,1.11984,1.11986,1.19,1.00
2017.11.30 01:01:57.322,1.11983,1.11986,1.69,1.00
2017.11.30 01:01:58.857,1.11985,1.11988,1.69,1.12
2017.11.30 01:02:01.089,1.11985,1.11989,2.06,3.37
2017.11.30 01:02:01.603,1.11986,1.11989,2.44,1.00
2017.11.30 01:02:02.078,1.11988,1.11992,1.50,2.14
2017.11.30 01:02:02.132,1.1199,1.11993,1.25,2.62
2017.11.30 01:02:02.288,1.11992,1.11995,1.31,3.37
2017.11.30 01:02:03.493,1.11992,1.11995,2.44,1.87
2017.11.30 01:02:04.072,1.11992,1.11995,1.31,3.37
2017.11.30 01:02:04.770,1.11994,1.11996,1.00,3.19
2017.11.30 01:02:05.081,1.11995,1.11997,1.19,3.37
2017.11.30 01:02:05.339,1.11994,1.11996,1.69,1.87
2017.11.30 01:02:06.812,1.11994,1.11997,2.06,2.44
2017.11.30 01:02:06.967,1.11996,1.11998,1.25,1.12
2017.11.30 01:02:07.329,1.11995,1.11996,2.06,1.00
2017.11.30 01:02:07.668,1.11994,1.11995,1.31,1.00
2017.11.30 01:02:09.715,1.11993,1.11995,2.06,1.12
2017.11.30 01:02:14.116,1.11994,1.11995,1.00,1.00
2017.11.30 01:02:15.378,1.11993,1.11995,2.06,1.00
2017.11.30 01:02:16.496,1.11994,1.11995,1.25,1.00
2017.11.30 01:02:17.362,1.11996,1.11998,1.69,1.95
2017.11.30 01:02:17.623,1.12001,1.12003,1.00,2.44
2017.11.30 01:02:18.601,1.12001,1.12002,1.00,1.12
2017.11.30 01:02:19.578,1.12001,1.12003,1.00,1.76
2017.11.30 01:02:21.395,1.12001,1.12002,1.00,1.00
2017.11.30 01:02:21.897,1.12001,1.12003,1.87,1.69
2017.11.30 01:02:22.309,1.11999,1.12002,2.44,1.95
2017.11.30 01:02:22.412,1.11998,1.12,2.81,1.00
2017.11.30 01:02:22.983,1.11999,1.12001,1.25,1.12
2017.11.30 01:02:23.671,1.11998,1.12,2.81,1.00
2017.11.30 01:02:24.212,1.11998,1.12001,2.81,1.12
2017.11.30 01:02:24.721,1.11998,1.12,2.81,1.00
2017.11.30 01:02:25.224,1.11999,1.12002,1.25,4.57
2017.11.30 01:02:25.773,1.11998,1.12,2.81,1.00
2017.11.30 01:02:26.315,1.11998,1.12,1.00,2.25
2017.11.30 01:02:27.092,1.11998,1.12,1.87,1.00
2017.11.30 01:02:27.685,1.11998,1.12001,1.87,1.31
2017.11.30 01:02:29.663,1.11998,1.12,1.87,1.00
2017.11.30 01:02:30.169,1.11999,1.12002,1.00,6.26
2017.11.30 01:02:32.014,1.11998,1.12002,1.87,7.39
2017.11.30 01:02:32.559,1.11998,1.12,2.81,1.00
2017.11.30 01:02:33.282,1.11999,1.12002,1.00,7.95
2017.11.30 01:02:33.802,1.12001,1.12003,1.12,1.27
2017.11.30 01:02:34.368,1.12,1.12001,2.06,1.00
2017.11.30 01:02:34.959,1.12,1.12002,2.06,1.57
2017.11.30 01:02:35.690,1.12,1.12001,1.25,1.00
2017.11.30 01:02:37.188,1.11999,1.12001,2.62,1.20
2017.11.30 01:02:37.870,1.11998,1.12,2.44,1.00
2017.11.30 01:02:38.573,1.11998,1.12001,2.81,1.95
2017.11.30 01:02:39.195,1.11998,1.11999,2.81,1.00
2017.11.30 01:02:39.503,1.11997,1.12,1.25,3.82
2017.11.30 01:02:39.658,1.11995,1.11997,2.06,1.00
2017.11.30 01:02:40.021,1.11993,1.11996,2.06,1.57
2017.11.30 01:02:40.535,1.11994,1.11995,1.31,1.00
2017.11.30 01:02:40.703,1.11996,1.11997,1.00,1.00
2017.11.30 01:02:40.756,1.11996,1.11998,1.69,1.20
2017.11.30 01:02:41.281,1.11996,1.11999,3.56,1.20
2017.11.30 01:02:41.991,1.11998,1.12,1.31,2.70
2017.11.30 01:02:42.911,1.11998,1.11999,1.31,1.10
2017.11.30 01:02:43.425,1.11997,1.12001,2.44,3.07
2017.11.30 01:02:43.948,1.11997,1.11999,1.69,1.00
2017.11.30 01:02:44.000,1.11995,1.11997,1.69,1.50
2017.11.30 01:02:44.339,1.11994,1.11995,2.81,1.00
2017.11.30 01:02:44.932,1.11993,1.11995,2.81,1.00
2017.11.30 01:02:45.099,1.11994,1.11997,1.25,3.82
2017.11.30 01:02:45.306,1.11997,1.11999,2.62,1.00
2017.11.30 01:02:45.657,1.12001,1.12003,1.12,1.76
2017.11.30 01:02:45.813,1.12006,1.12007,1.00,1.00
2017.11.30 01:02:46.434,1.12005,1.12007,2.06,1.10
2017.11.30 01:02:48.592,1.12006,1.12008,1.31,2.32
2017.11.30 01:02:49.519,1.12006,1.12008,1.31,1.10
2017.11.30 01:02:54.101,1.12006,1.1201,2.81,2.51
2017.11.30 01:02:54.618,1.12005,1.12008,4.69,1.12
2017.11.30 01:03:02.929,1.12006,1.12007,1.12,1.00
2017.11.30 01:03:03.722,1.12007,1.12009,1.12,6.26
2017.11.30 01:03:05.423,1.12006,1.12008,1.69,1.87
2017.11.30 01:03:07.137,1.12007,1.12009,1.12,3.08
2017.11.30 01:03:07.676,1.12006,1.12009,1.12,4.76
2017.11.30 01:03:10.128,1.12006,1.1201,3.56,3.23
2017.11.30 01:03:10.629,1.12007,1.1201,1.12,2.48
2017.11.30 01:03:12.437,1.12007,1.12009,1.12,2.25
2017.11.30 01:03:12.979,1.12006,1.12009,2.06,3.75
2017.11.30 01:03:13.624,1.12007,1.12008,1.12,1.00
2017.11.30 01:03:14.235,1.12007,1.12009,1.00,4.50
2017.11.30 01:03:14.287,1.12006,1.12007,1.69,1.00
2017.11.30 01:03:14.392,1.12004,1.12007,1.25,6.52
2017.11.30 01:03:14.502,1.12003,1.12004,1.25,1.50
2017.11.30 01:03:14.920,1.12,1.12001,1.12,1.50
2017.11.30 01:03:15.434,1.11999,1.12001,1.69,1.87
2017.11.30 01:03:16.825,1.12,1.12001,2.81,1.50
2017.11.30 01:03:16.980,1.12002,1.12005,2.62,3.56
2017.11.30 01:03:17.034,1.12004,1.12005,1.69,1.00
2017.11.30 01:03:17.086,1.12005,1.12007,1.00,1.10
2017.11.30 01:03:17.648,1.12007,1.12009,1.69,2.62
2017.11.30 01:03:17.966,1.12008,1.12011,1.12,4.50
2017.11.30 01:03:18.625,1.12009,1.12011,1.12,1.12
2017.11.30 01:03:19.328,1.12008,1.12011,5.06,1.87
2017.11.30 01:03:19.865,1.12009,1.12011,1.12,1.12
2017.11.30 01:03:20.367,1.12009,1.12012,1.87,3.19
2017.11.30 01:03:20.892,1.12009,1.12011,1.12,1.00
2017.11.30 01:03:21.487,1.12008,1.1201,3.56,1.12
2017.11.30 01:03:21.999,1.12006,1.12009,2.81,1.50
2017.11.30 01:03:24.391,1.12006,1.12009,2.81,2.32
2017.11.30 01:03:27.856,1.12006,1.12008,1.12,1.50
2017.11.30 01:03:28.365,1.12005,1.12008,2.81,1.50
2017.11.30 01:03:29.235,1.12006,1.12008,1.69,1.12
2017.11.30 01:03:31.613,1.12005,1.12008,2.81,1.87
2017.11.30 01:03:31.973,1.12005,1.12006,2.06,1.00
2017.11.30 01:03:32.283,1.12002,1.12003,1.31,1.12
2017.11.30 01:03:32.406,1.12,1.12003,2.06,1.50
2017.11.30 01:03:32.926,1.11999,1.12001,3.19,1.00
2017.11.30 01:03:33.445,1.11999,1.12002,3.26,2.25
2017.11.30 01:03:33.651,1.11999,1.12,2.51,1.00
2017.11.30 01:03:33.807,1.11999,1.12002,1.25,4.87
2017.11.30 01:03:33.858,1.11999,1.12,2.06,1.00
2017.11.30 01:03:34.419,1.11998,1.12001,4.39,1.50
2017.11.30 01:03:34.729,1.11993,1.11996,1.39,1.00
2017.11.30 01:03:35.239,1.11993,1.11995,2.51,1.00
2017.11.30 01:03:35.767,1.11995,1.11998,1.01,2.62
2017.11.30 01:03:35.924,1.11996,1.11999,2.14,1.50
2017.11.30 01:03:36.429,1.11997,1.12,2.06,2.44
2017.11.30 01:03:37.479,1.11997,1.11999,2.06,1.00
2017.11.30 01:03:37.993,1.11997,1.12,2.06,1.00
2017.11.30 01:03:38.507,1.11997,1.12001,2.51,2.44
2017.11.30 01:03:39.043,1.11998,1.12,1.12,1.00
2017.11.30 01:03:39.568,1.11999,1.12001,3.94,1.00
2017.11.30 01:03:39.620,1.12,1.12003,1.69,1.00
2017.11.30 01:03:39.725,1.12,1.12001,2.44,1.00
2017.11.30 01:03:39.985,1.12001,1.12004,1.87,2.44
2017.11.30 01:03:40.390,1.12001,1.12002,1.39,1.00
2017.11.30 01:03:41.495,1.12,1.12002,1.12,1.12
2017.11.30 01:03:42.051,1.11999,1.12002,3.19,1.87
2017.11.30 01:03:42.818,1.11999,1.12001,2.06,1.00
2017.11.30 01:03:43.331,1.11999,1.12,1.25,1.00
2017.11.30 01:03:43.926,1.12,1.12002,1.12,1.87
2017.11.30 01:03:44.645,1.11999,1.12001,2.81,1.00
2017.11.30 01:03:46.282,1.12,1.12001,1.69,1.00
2017.11.30 01:03:46.792,1.12,1.12003,2.81,2.62
2017.11.30 01:03:47.384,1.11999,1.12001,1.31,1.00
2017.11.30 01:03:47.990,1.12,1.12001,1.25,1.00
2017.11.30 01:03:48.508,1.12,1.12002,2.06,2.25
2017.11.30 01:03:49.168,1.11999,1.12001,2.06,1.00
2017.11.30 01:03:50.678,1.11999,1.12001,1.31,1.00
2017.11.30 01:03:52.655,1.11998,1.12,3.64,1.00
2017.11.30 01:03:53.167,1.11998,1.12001,2.44,3.37
2017.11.30 01:03:53.676,1.11998,1.12,1.19,1.00
2017.11.30 01:03:54.196,1.11998,1.12001,1.19,2.62
2017.11.30 01:03:55.048,1.11999,1.12002,2.44,3.75
2017.11.30 01:03:55.831,1.12,1.12002,1.31,4.87
2017.11.30 01:03:59.704,1.12,1.12003,1.69,2.81
2017.11.30 01:04:00.119,1.12002,1.12003,1.12,2.06
2017.11.30 01:04:00.625,1.12001,1.12003,2.06,2.06
2017.11.30 01:04:01.380,1.12,1.12002,1.87,4.87
2017.11.30 01:04:01.930,1.11999,1.12002,2.06,4.87
2017.11.30 01:04:03.023,1.11999,1.12002,3.19,1.00
2017.11.30 01:04:03.547,1.12,1.12002,2.06,1.00
2017.11.30 01:04:04.165,1.12001,1.12003,1.12,1.50
2017.11.30 01:04:05.194,1.12001,1.12003,1.12,1.50
2017.11.30 01:04:05.729,1.12,1.12002,2.06,1.12
2017.11.30 01:04:06.539,1.12,1.12003,2.81,3.94
2017.11.30 01:04:10.461,1.12001,1.12004,3.37,2.81
2017.11.30 01:04:10.770,1.12003,1.12006,1.69,3.00
2017.11.30 01:04:11.320,1.12003,1.12005,1.69,1.00
2017.11.30 01:04:15.654,1.12003,1.12005,3.19,1.00
2017.11.30 01:04:15.711,1.12005,1.12008,1.69,5.02
2017.11.30 01:04:16.223,1.12005,1.12007,2.06,1.00
2017.11.30 01:04:16.763,1.12005,1.12008,2.06,4.50
2017.11.30 01:04:18.955,1.12005,1.12007,2.06,1.00
2017.11.30 01:04:19.560,1.12004,1.12006,2.44,1.50
2017.11.30 01:04:20.051,1.12003,1.12004,1.50,1.00
2017.11.30 01:04:20.207,1.12002,1.12003,1.25,1.87
2017.11.30 01:04:20.743,1.12001,1.12002,1.25,1.50
2017.11.30 01:04:24.959,1.12,1.12001,1.25,1.00
2017.11.30 01:04:25.491,1.11999,1.12001,2.06,1.00
2017.11.30 01:04:30.377,1.11998,1.12001,2.06,3.37
2017.11.30 01:04:30.532,1.11995,1.11998,4.01,4.50
2017.11.30 01:04:30.789,1.11994,1.11996,2.44,1.50
2017.11.30 01:04:31.333,1.11994,1.11996,1.31,2.25
2017.11.30 01:04:34.375,1.11993,1.11995,2.06,3.00
2017.11.30 01:04:35.180,1.11994,1.11995,1.12,1.50
2017.11.30 01:04:37.077,1.11991,1.11992,1.69,1.00
2017.11.30 01:04:37.758,1.11991,1.11993,2.81,1.87
2017.11.30 01:04:38.270,1.11992,1.11993,1.12,1.87
2017.11.30 01:04:40.158,1.11992,1.11994,2.81,1.00
2017.11.30 01:04:40.725,1.11993,1.11995,1.12,1.12
2017.11.30 01:04:41.375,1.11995,1.11996,1.00,1.87
2017.11.30 01:04:41.634,1.11997,1.11999,3.19,1.00
2017.11.30 01:04:42.160,1.11999,1.12,1.12,1.12
2017.11.30 01:04:42.752,1.11999,1.12001,1.12,1.87
2017.11.30 01:04:43.746,1.11999,1.12,2.06,1.00
2017.11.30 01:04:44.260,1.11999,1.12,1.12,1.00
2017.11.30 01:04:44.788,1.11999,1.12001,1.12,1.87
2017.11.30 01:04:45.295,1.11999,1.12001,1.12,2.62
2017.11.30 01:04:48.542,1.12,1.12001,1.12,30.37
2017.11.30 01:04:50.351,1.12001,1.12002,8.06,3.00
2017.11.30 01:04:50.498,1.12004,1.12006,1.25,1.50
2017.11.30 01:04:50.551,1.12006,1.12007,1.00,1.12
2017.11.30 01:04:51.054,1.12006,1.12008,1.12,1.87
2017.11.30 01:04:52.924,1.12006,1.12008,1.12,3.37
2017.11.30 01:04:53.289,1.12004,1.12006,1.62,1.00
2017.11.30 01:04:53.624,1.11999,1.12001,14.77,1.00
2017.11.30 01:04:53.784,1.11999,1.12,1.31,1.00
2017.11.30 01:04:54.305,1.11997,1.11999,2.06,1.00
2017.11.30 01:04:54.897,1.11997,1.12,1.56,1.00
2017.11.30 01:04:56.021,1.11997,1.11999,1.19,1.00
2017.11.30 01:04:57.726,1.12,1.12002,2.06,4.75
2017.11.30 01:04:58.088,1.12001,1.12003,1.56,4.12
2017.11.30 01:04:58.429,1.11999,1.12001,1.62,1.12
2017.11.30 01:04:58.942,1.11999,1.12001,1.69,1.12
2017.11.30 01:04:59.351,1.11999,1.12002,2.06,1.50
2017.11.30 01:04:59.869,1.11999,1.12,1.31,1.00
2017.11.30 01:05:00.383,1.12001,1.12003,2.06,1.00
2017.11.30 01:05:00.591,1.12002,1.12004,1.62,1.00
2017.11.30 01:05:00.797,1.12001,1.12003,1.25,1.00
2017.11.30 01:05:01.397,1.11998,1.12,1.76,1.00
2017.11.30 01:05:01.920,1.11998,1.12,2.44,1.00
2017.11.30 01:05:03.898,1.11998,1.11999,1.31,1.00
2017.11.30 01:05:04.405,1.11996,1.11998,1.69,1.00
2017.11.30 01:05:04.968,1.11996,1.11999,2.06,1.00
2017.11.30 01:05:05.638,1.11999,1.12,1.00,1.20
2017.11.30 01:05:05.743,1.11999,1.12002,3.56,1.00
2017.11.30 01:05:06.064,1.12,1.12004,2.81,1.20
2017.11.30 01:05:06.600,1.12001,1.12005,1.69,4.39
2017.11.30 01:05:07.069,1.11999,1.12003,4.31,1.20
2017.11.30 01:05:07.478,1.11999,1.12002,1.19,10.20
2017.11.30 01:05:07.992,1.11998,1.12002,2.06,10.20
2017.11.30 01:05:08.701,1.11998,1.12002,2.06,2.32
2017.11.30 01:05:09.258,1.11998,1.12002,2.06,2.32
2017.11.30 01:05:10.019,1.11998,1.12002,2.06,2.32
2017.11.30 01:05:10.667,1.11997,1.12001,3.19,2.32
2017.11.30 01:05:11.194,1.11996,1.12,3.56,3.82
2017.11.30 01:05:11.324,1.11995,1.11998,2.25,1.00
2017.11.30 01:05:11.587,1.11995,1.11998,1.69,1.00
2017.11.30 01:05:12.102,1.11996,1.11999,1.69,1.10
2017.11.30 01:05:12.812,1.11996,1.12,2.44,2.89
2017.11.30 01:05:13.330,1.11997,1.12001,2.06,2.51
2017.11.30 01:05:15.401,1.11998,1.12001,1.00,1.39
2017.11.30 01:05:15.993,1.11997,1.12001,1.87,2.89
2017.11.30 01:05:18.774,1.11999,1.12002,1.50,8.14
2017.11.30 01:05:18.930,1.11999,1.12003,3.19,1.95
2017.11.30 01:05:19.548,1.11999,1.12002,1.31,1.00
2017.11.30 01:05:19.765,1.11998,1.12002,2.44,4.01
2017.11.30 01:05:20.280,1.11997,1.12001,2.81,1.76
2017.11.30 01:05:21.150,1.11997,1.12001,2.44,2.14
2017.11.30 01:05:22.975,1.12,1.12002,1.12,2.25
2017.11.30 01:05:23.126,1.12001,1.12005,2.81,1.31
2017.11.30 01:05:24.647,1.12001,1.12005,5.74,1.00
2017.11.30 01:05:26.203,1.12001,1.12005,5.74,1.00
2017.11.30 01:05:26.461,1.12007,1.12009,1.50,2.70
2017.11.30 01:05:26.974,1.12005,1.12009,1.69,6.82
2017.11.30 01:05:27.129,1.12004,1.12008,3.56,1.00
2017.11.30 01:05:27.653,1.12004,1.12008,1.25,4.39
2017.11.30 01:05:28.290,1.12004,1.12008,2.81,3.37
2017.11.30 01:05:28.931,1.12004,1.12008,3.64,1.25
2017.11.30 01:05:29.722,1.12005,1.12009,1.31,2.25
2017.11.30 01:05:30.035,1.12004,1.12008,2.06,2.06
2017.11.30 01:05:32.293,1.12004,1.12008,1.25,4.69
2017.11.30 01:05:33.639,1.12006,1.12008,3.56,1.50
2017.11.30 01:05:33.742,1.12007,1.1201,2.25,1.69
2017.11.30 01:05:38.024,1.12009,1.1201,1.00,1.12
2017.11.30 01:05:41.314,1.12009,1.12011,1.00,1.31
2017.11.30 01:05:43.549,1.12007,1.12011,4.76,1.31
2017.11.30 01:05:44.568,1.12008,1.12011,1.50,1.62
2017.11.30 01:05:45.114,1.12009,1.12011,1.00,1.62
2017.11.30 01:05:46.172,1.12008,1.12011,1.50,1.62
2017.11.30 01:05:47.723,1.12007,1.12011,6.19,2.06
2017.11.30 01:05:48.864,1.12007,1.12011,6.26,1.69
2017.11.30 01:05:49.379,1.12007,1.12011,6.64,1.87
2017.11.30 01:05:50.427,1.12007,1.12008,2.62,3.00
2017.11.30 01:05:50.530,1.12004,1.12008,2.06,2.81
2017.11.30 01:05:51.053,1.12004,1.12008,1.69,5.89
2017.11.30 01:05:51.566,1.12005,1.12008,1.00,2.06
2017.11.30 01:05:54.132,1.12005,1.12008,1.00,2.44
2017.11.30 01:05:54.662,1.12004,1.12008,1.87,2.81
2017.11.30 01:05:56.171,1.12003,1.12004,3.07,1.12
2017.11.30 01:05:56.579,1.11999,1.12001,3.64,3.00
2017.11.30 01:05:56.631,1.11997,1.12001,2.44,2.44
2017.11.30 01:05:57.297,1.11998,1.12001,1.12,2.89
2017.11.30 01:05:57.798,1.11997,1.12001,2.06,3.64
2017.11.30 01:05:58.431,1.11997,1.12001,2.44,4.31
2017.11.30 01:05:58.951,1.11999,1.12001,1.12,1.69
2017.11.30 01:05:59.107,1.12002,1.12005,1.87,1.25
2017.11.30 01:05:59.670,1.12003,1.12006,1.00,2.81
2017.11.30 01:06:01.632,1.12002,1.12005,1.25,6.75
2017.11.30 01:06:01.838,1.12,1.12004,2.06,5.44
2017.11.30 01:06:02.096,1.11999,1.12002,1.00,3.56
2017.11.30 01:06:02.410,1.12002,1.12006,2.06,2.44
2017.11.30 01:06:02.652,1.12002,1.12004,1.69,1.12
2017.11.30 01:06:03.609,1.12003,1.12006,1.00,3.94
2017.11.30 01:06:05.854,1.12005,1.12008,2.25,2.89
2017.11.30 01:06:06.062,1.12007,1.1201,1.25,1.87
2017.11.30 01:06:06.585,1.12006,1.1201,2.06,3.26
2017.11.30 01:06:07.048,1.12006,1.12009,1.00,2.06
2017.11.30 01:06:07.410,1.12004,1.12008,1.69,3.64
2017.11.30 01:06:09.763,1.12005,1.12008,1.00,2.81
2017.11.30 01:06:11.242,1.12005,1.12008,1.00,1.69
2017.11.30 01:06:11.746,1.12006,1.1201,3.97,1.69
2017.11.30 01:06:12.322,1.12007,1.1201,2.25,1.31
2017.11.30 01:06:18.646,1.12008,1.12012,1.00,6.19
2017.11.30 01:06:19.253,1.12007,1.12011,8.44,1.31
2017.11.30 01:06:19.700,1.1201,1.12012,1.00,2.62
2017.11.30 01:06:19.804,1.12011,1.12014,1.50,2.06
2017.11.30 01:06:19.858,1.12014,1.12016,1.00,2.89
2017.11.30 01:06:19.963,1.12014,1.12018,1.87,3.26
2017.11.30 01:06:20.480,1.12015,1.12018,1.00,1.31
2017.11.30 01:06:21.007,1.12014,1.12018,1.31,2.44
2017.11.30 01:06:21.674,1.12015,1.12019,1.00,3.94
2017.11.30 01:06:23.410,1.12014,1.12018,2.14,1.31
2017.11.30 01:06:23.514,1.12016,1.12019,2.06,2.25
2017.11.30 01:06:26.909,1.12018,1.12019,2.25,1.12
2017.11.30 01:06:27.303,1.12016,1.1202,3.94,3.19
2017.11.30 01:06:27.407,1.12016,1.1202,3.94,2.81
2017.11.30 01:06:31.093,1.12016,1.1202,3.56,3.19
2017.11.30 01:06:31.147,1.12016,1.1202,3.56,2.81
2017.11.30 01:06:31.639,1.12016,1.1202,3.94,3.19
2017.11.30 01:06:32.183,1.12016,1.12019,3.94,1.00
2017.11.30 01:06:32.694,1.12016,1.12019,2.06,1.00
2017.11.30 01:06:35.236,1.12016,1.12019,1.69,1.50
2017.11.30 01:06:35.853,1.12016,1.12019,2.06,1.00
2017.11.30 01:06:38.205,1.12017,1.12019,1.31,1.00
2017.11.30 01:06:38.257,1.12016,1.12018,4.31,1.50
2017.11.30 01:06:41.551,1.12017,1.12018,1.25,1.50
2017.11.30 01:06:42.950,1.12017,1.12019,1.12,1.12
2017.11.30 01:06:51.575,1.12018,1.12019,1.12,1.12
2017.11.30 01:06:51.628,1.1202,1.12022,1.00,1.12
2017.11.30 01:06:52.184,1.12019,1.1202,3.19,1.12
2017.11.30 01:06:52.391,1.12017,1.12019,5.06,1.12
2017.11.30 01:06:53.188,1.12017,1.1202,3.19,4.50
2017.11.30 01:06:53.716,1.12016,1.12018,3.56,1.87
2017.11.30 01:06:59.045,1.12016,1.1202,3.56,2.44
2017.11.30 01:06:59.578,1.12017,1.1202,1.31,1.12
2017.11.30 01:07:00.947,1.12017,1.1202,1.25,3.00
2017.11.30 01:07:01.434,1.12018,1.1202,3.56,1.50
2017.11.30 01:07:02.077,1.12017,1.1202,1.31,1.00
2017.11.30 01:07:02.511,1.12018,1.12021,4.31,1.12
2017.11.30 01:07:02.717,1.12016,1.1202,5.06,2.62
2017.11.30 01:07:02.820,1.12016,1.1202,3.94,3.00
2017.11.30 01:07:03.351,1.12016,1.1202,3.94,2.44
2017.11.30 01:07:04.668,1.12016,1.12019,1.31,1.00
2017.11.30 01:07:04.976,1.12019,1.12021,1.12,2.62
2017.11.30 01:07:05.562,1.12018,1.12019,1.25,1.00
2017.11.30 01:07:05.616,1.12016,1.12018,3.26,1.00
2017.11.30 01:07:05.806,1.12015,1.12018,1.69,1.12
2017.11.30 01:07:07.930,1.12019,1.1202,1.00,3.26
2017.11.30 01:07:08.162,1.12016,1.12019,3.19,1.12
2017.11.30 01:07:08.682,1.12015,1.12018,2.06,1.50
2017.11.30 01:07:08.786,1.12014,1.12016,1.50,1.12
2017.11.30 01:07:09.097,1.12011,1.12013,2.51,1.00
2017.11.30 01:07:09.306,1.12013,1.12015,1.87,1.50
2017.11.30 01:07:09.840,1.12014,1.12016,1.25,1.12
2017.11.30 01:07:10.962,1.12014,1.12017,1.25,1.50
2017.11.30 01:07:11.709,1.12014,1.12017,1.25,1.50
2017.11.30 01:07:12.217,1.12014,1.12017,1.25,1.12
2017.11.30 01:07:12.777,1.12016,1.12018,1.00,1.37
2017.11.30 01:07:13.090,1.12013,1.12017,3.00,1.87
2017.11.30 01:07:13.610,1.12013,1.12017,6.45,1.87
2017.11.30 01:07:14.270,1.12013,1.12017,7.95,1.50
2017.11.30 01:07:14.613,1.12013,1.12015,3.82,1.00
2017.11.30 01:07:14.666,1.12012,1.12015,1.31,1.87
2017.11.30 01:07:14.770,1.1201,1.12014,1.12,6.64
2017.11.30 01:07:15.088,1.12008,1.12011,4.01,1.00
2017.11.30 01:07:16.162,1.12009,1.12012,2.44,1.12
2017.11.30 01:07:17.157,1.1201,1.12012,1.50,1.00
2017.11.30 01:07:18.576,1.1201,1.12014,2.62,2.81
2017.11.30 01:07:18.911,1.12013,1.12016,1.00,1.76
2017.11.30 01:07:18.966,1.12014,1.12018,1.25,4.76
2017.11.30 01:07:19.498,1.12014,1.12018,1.25,2.89
2017.11.30 01:07:21.196,1.12014,1.12018,2.44,2.06
2017.11.30 01:07:21.796,1.12014,1.12018,2.44,2.89
2017.11.30 01:07:22.197,1.12016,1.12018,1.00,2.06
2017.11.30 01:07:22.784,1.12014,1.12018,3.19,2.81
2017.11.30 01:07:25.524,1.12017,1.12019,1.12,1.20
2017.11.30 01:07:25.967,1.12016,1.12019,1.25,4.50
2017.11.30 01:07:38.755,1.12016,1.12018,2.06,1.12
2017.11.30 01:07:39.271,1.12017,1.1202,1.69,3.37
2017.11.30 01:07:39.788,1.12016,1.12019,2.06,1.50
2017.11.30 01:07:40.564,1.12016,1.12019,2.06,1.50
2017.11.30 01:07:44.023,1.12016,1.12019,2.06,1.50
2017.11.30 01:07:44.892,1.12016,1.12019,1.69,1.50
2017.11.30 01:07:45.646,1.12016,1.12019,1.69,1.50
2017.11.30 01:07:51.176,1.12017,1.1202,2.25,2.06
2017.11.30 01:07:51.696,1.12018,1.12021,1.31,1.50
2017.11.30 01:07:52.637,1.12017,1.1202,6.19,1.00
2017.11.30 01:07:53.251,1.12017,1.1202,4.31,1.87
2017.11.30 01:07:53.894,1.12016,1.1202,3.19,5.44
2017.11.30 01:07:54.471,1.12016,1.1202,2.44,5.06
2017.11.30 01:07:54.984,1.12016,1.1202,1.31,4.01
2017.11.30 01:07:58.139,1.12016,1.1202,1.25,4.01
2017.11.30 01:07:59.586,1.12016,1.1202,1.25,3.26
2017.11.30 01:08:00.983,1.12016,1.1202,1.25,3.26
2017.11.30 01:08:01.452,1.12015,1.12018,2.81,1.00
2017.11.30 01:08:01.853,1.12014,1.12016,1.50,1.12
2017.11.30 01:08:01.909,1.12014,1.12018,4.76,2.06
2017.11.30 01:08:04.112,1.12014,1.12017,4.39,1.00
2017.11.30 01:08:04.629,1.12017,1.12019,1.00,2.06
2017.11.30 01:08:04.890,1.12021,1.12024,1.50,1.50
2017.11.30 01:08:05.408,1.12022,1.12026,1.50,3.37
2017.11.30 01:08:05.935,1.12022,1.12026,3.19,3.00
2017.11.30 01:08:06.489,1.12022,1.12026,3.19,3.45
2017.11.30 01:08:07.981,1.12025,1.12027,5.81,3.00
2017.11.30 01:08:08.037,1.12026,1.12029,5.81,1.95
2017.11.30 01:08:08.091,1.12027,1.12031,1.00,4.76
2017.11.30 01:08:08.791,1.12028,1.12031,1.25,1.10
2017.11.30 01:08:08.896,1.1203,1.12032,1.00,3.07
2017.11.30 01:08:09.157,1.12028,1.12031,1.50,1.00
2017.11.30 01:08:09.660,1.12029,1.12032,1.00,14.36
2017.11.30 01:08:10.195,1.12028,1.12031,1.50,1.00
2017.11.30 01:08:11.757,1.12027,1.1203,7.12,1.00
2017.11.30 01:08:12.331,1.12028,1.12031,1.50,1.50
2017.11.30 01:08:20.383,1.12028,1.12031,1.25,1.57
2017.11.30 01:08:36.655,1.12025,1.12028,5.89,2.62
2017.11.30 01:08:37.428,1.12026,1.12029,3.94,1.37
2017.11.30 01:08:38.388,1.12027,1.1203,1.69,1.50
2017.11.30 01:08:39.930,1.12028,1.12031,1.25,3.07
2017.11.30 01:08:48.122,1.12028,1.12031,1.25,1.87
2017.11.30 01:08:50.943,1.12028,1.12031,2.44,1.50
2017.11.30 01:08:54.497,1.12028,1.12031,1.25,1.95
2017.11.30 01:08:56.187,1.12028,1.12031,1.25,1.95
2017.11.30 01:08:56.779,1.12028,1.12031,1.25,2.70
2017.11.30 01:08:58.996,1.12028,1.12031,2.44,3.07
2017.11.30 01:08:59.506,1.12028,1.12031,1.25,3.07
2017.11.30 01:09:00.023,1.12028,1.12031,2.81,2.70
2017.11.30 01:09:01.082,1.12028,1.12031,1.69,2.70
2017.11.30 01:09:01.845,1.12028,1.12031,1.69,2.70
2017.11.30 01:09:20.132,1.12028,1.1203,2.06,1.00
2017.11.30 01:09:21.376,1.12028,1.12031,1.31,3.07
2017.11.30 01:09:28.985,1.12028,1.1203,1.25,1.00
2017.11.30 01:09:31.755,1.12026,1.1203,7.05,10.57
2017.11.30 01:09:35.790,1.12027,1.1203,2.06,1.10
2017.11.30 01:09:37.063,1.12027,1.1203,2.44,1.10
2017.11.30 01:09:41.761,1.12027,1.12031,3.94,3.64
2017.11.30 01:09:43.107,1.12028,1.12031,1.00,3.19
2017.11.30 01:09:44.591,1.12029,1.12031,1.00,2.44
2017.11.30 01:09:45.181,1.12028,1.12031,3.00,1.69
2017.11.30 01:09:47.486,1.12028,1.12031,1.50,3.56
2017.11.30 01:09:52.135,1.12028,1.12031,1.87,2.81
2017.11.30 01:09:53.188,1.12028,1.1203,1.87,1.50
2017.11.30 01:09:59.588,1.12028,1.12031,3.00,2.44
2017.11.30 01:09:59.754,1.12029,1.12032,3.19,5.25
2017.11.30 01:10:00.281,1.12032,1.12034,1.87,5.25
2017.11.30 01:10:00.437,1.12032,1.12036,5.06,4.39
2017.11.30 01:10:00.490,1.12033,1.12036,1.19,4.95
2017.11.30 01:10:07.586,1.12033,1.12035,3.56,1.00
2017.11.30 01:10:08.090,1.12033,1.12036,3.56,3.82
2017.11.30 01:10:09.930,1.12037,1.12038,3.37,2.62
2017.11.30 01:10:10.140,1.12039,1.12041,1.25,5.32
2017.11.30 01:10:10.551,1.12038,1.1204,1.69,1.18
2017.11.30 01:10:11.055,1.12036,1.12038,1.19,1.95
2017.11.30 01:10:11.568,1.12036,1.1204,2.81,4.57
2017.11.30 01:10:13.267,1.12036,1.12039,2.44,1.07
2017.11.30 01:10:14.804,1.12036,1.12039,2.44,1.00
2017.11.30 01:10:16.761,1.12036,1.1204,2.44,6.45
2017.11.30 01:10:17.068,1.12036,1.12038,1.00,1.00
2017.11.30 01:10:19.974,1.12037,1.1204,1.50,3.94
2017.11.30 01:10:20.478,1.12037,1.1204,2.44,2.62
2017.11.30 01:10:21.480,1.12039,1.12041,1.25,1.50
2017.11.30 01:10:22.083,1.12039,1.12042,1.25,4.50
2017.11.30 01:10:29.052,1.12039,1.12041,1.31,1.00
2017.11.30 01:10:33.583,1.12038,1.1204,4.87,3.75
2017.11.30 01:10:33.687,1.12036,1.12038,1.56,1.12
2017.11.30 01:10:33.790,1.12035,1.12038,1.25,1.95
2017.11.30 01:10:34.400,1.12035,1.12038,1.69,1.95
2017.11.30 01:10:34.925,1.12035,1.12038,1.00,2.14
2017.11.30 01:10:35.080,1.12036,1.12039,2.29,3.64
2017.11.30 01:10:35.442,1.12035,1.12038,1.50,1.25
2017.11.30 01:10:36.021,1.12034,1.12036,2.89,1.12
2017.11.30 01:10:36.178,1.12033,1.12037,3.56,5.81
2017.11.30 01:10:36.523,1.12031,1.12034,4.20,1.00
2017.11.30 01:10:37.150,1.1203,1.12032,3.64,1.00
2017.11.30 01:10:37.305,1.12028,1.12031,4.95,5.06
2017.11.30 01:10:38.679,1.12027,1.12031,2.89,3.94
2017.11.30 01:10:41.779,1.12029,1.12031,1.00,2.44
2017.11.30 01:10:42.287,1.12028,1.12031,1.87,2.06
2017.11.30 01:10:42.833,1.12028,1.12031,2.25,2.81
2017.11.30 01:10:43.343,1.12028,1.12031,1.87,2.81
2017.11.30 01:10:45.895,1.12029,1.12031,1.50,1.00
2017.11.30 01:10:46.440,1.12028,1.12031,2.06,1.57
2017.11.30 01:10:48.008,1.12028,1.12032,4.31,4.76
2017.11.30 01:10:48.534,1.12029,1.12032,1.12,4.76
2017.11.30 01:10:50.781,1.12029,1.12031,2.62,1.00
2017.11.30 01:10:51.898,1.12029,1.12032,6.75,3.94
2017.11.30 01:10:52.732,1.12029,1.12032,2.25,4.39
2017.11.30 01:10:53.238,1.12029,1.12032,4.12,2.89
2017.11.30 01:10:53.615,1.12031,1.12033,1.25,2.25
2017.11.30 01:10:53.668,1.12031,1.12034,2.81,2.25
2017.11.30 01:10:53.773,1.12033,1.12036,5.51,1.50
2017.11.30 01:10:53.878,1.12035,1.12037,1.12,4.12
2017.11.30 01:10:54.087,1.12036,1.12039,2.06,2.62
2017.11.30 01:10:54.634,1.12037,1.12039,1.12,2.62
2017.11.30 01:10:55.177,1.12039,1.12041,1.87,1.50
2017.11.30 01:10:55.701,1.12038,1.1204,1.12,1.50
2017.11.30 01:10:58.015,1.12038,1.1204,1.12,3.00
2017.11.30 01:11:00.144,1.12038,1.1204,1.12,1.50
2017.11.30 01:11:00.823,1.12037,1.1204,3.26,1.00
2017.11.30 01:11:01.608,1.12038,1.12041,2.81,1.00
2017.11.30 01:11:02.112,1.12038,1.12041,2.51,3.00
2017.11.30 01:11:02.215,1.12039,1.12042,2.51,3.00
2017.11.30 01:11:02.268,1.1204,1.12042,1.19,3.00
2017.11.30 01:11:02.424,1.12039,1.12042,2.25,3.94
2017.11.30 01:11:06.527,1.12039,1.12042,1.00,3.94
2017.11.30 01:11:09.512,1.12039,1.12042,3.37,4.69
2017.11.30 01:11:10.047,1.12039,1.12042,3.26,2.62
2017.11.30 01:11:10.576,1.12039,1.12042,1.50,3.94
2017.11.30 01:11:11.123,1.12039,1.12042,1.50,3.19
2017.11.30 01:11:12.632,1.12038,1.12041,4.01,1.00
2017.11.30 01:11:13.239,1.12038,1.12042,4.76,3.94
2017.11.30 01:11:14.378,1.12039,1.12042,1.00,4.69
2017.11.30 01:11:18.306,1.12038,1.12041,1.76,3.37
2017.11.30 01:11:18.606,1.12037,1.1204,1.31,3.37
2017.11.30 01:11:19.978,1.12037,1.1204,2.14,2.62
2017.11.30 01:11:21.151,1.12037,1.1204,1.62,2.25
2017.11.30 01:11:22.287,1.12037,1.12039,1.62,1.87
2017.11.30 01:11:23.308,1.12037,1.1204,1.39,3.00
2017.11.30 01:11:23.831,1.12036,1.12039,1.62,1.87
2017.11.30 01:11:28.718,1.12038,1.12041,1.31,4.69
2017.11.30 01:11:29.234,1.12037,1.12041,2.89,2.44
2017.11.30 01:11:29.854,1.12037,1.1204,1.76,1.12
2017.11.30 01:11:30.438,1.12036,1.12039,1.47,1.25
2017.11.30 01:11:30.649,1.12037,1.12041,4.39,5.44
2017.11.30 01:11:31.204,1.12037,1.12041,3.64,6.19
2017.11.30 01:11:31.778,1.12038,1.12041,1.87,4.69
2017.11.30 01:11:31.883,1.1204,1.12042,3.37,1.00
2017.11.30 01:11:31.935,1.12041,1.12043,1.00,2.06
2017.11.30 01:11:32.191,1.12039,1.12041,3.19,4.12
2017.11.30 01:11:32.247,1.12037,1.1204,2.32,1.25
2017.11.30 01:11:32.791,1.12038,1.12041,2.14,2.44
2017.11.30 01:11:32.997,1.12036,1.12039,3.26,1.00
2017.11.30 01:11:33.315,1.12037,1.12041,4.76,2.25
2017.11.30 01:11:33.818,1.12037,1.12041,4.76,1.87
2017.11.30 01:11:35.682,1.12038,1.12042,1.76,7.31
2017.11.30 01:11:36.914,1.12038,1.12041,1.62,1.50
2017.11.30 01:11:37.639,1.12038,1.12041,1.39,1.00
2017.11.30 01:11:39.426,1.12037,1.1204,3.07,1.25
2017.11.30 01:11:39.944,1.1204,1.12041,1.50,1.69
2017.11.30 01:11:40.449,1.12039,1.12042,2.70,3.94
2017.11.30 01:11:40.604,1.12039,1.12042,1.20,3.94
2017.11.30 01:11:43.181,1.12039,1.12042,2.32,3.19
2017.11.30 01:11:43.685,1.12039,1.12042,1.20,4.69
2017.11.30 01:11:46.474,1.12039,1.12042,2.32,2.06
2017.11.30 01:11:49.440,1.12039,1.12041,1.12,1.12
2017.11.30 01:11:49.598,1.12038,1.12039,1.12,1.00
2017.11.30 01:11:50.007,1.12036,1.12038,1.95,3.19
2017.11.30 01:11:50.112,1.12032,1.12036,2.14,9.94
2017.11.30 01:11:50.659,1.12033,1.12035,1.25,1.12
2017.11.30 01:12:11.512,1.12031,1.12033,1.31,5.62
2017.11.30 01:12:11.843,1.12028,1.12031,1.76,2.62
2017.11.30 01:12:13.004,1.12029,1.12031,1.31,1.00
2017.11.30 01:12:13.530,1.1203,1.12032,1.12,4.50
2017.11.30 01:12:14.626,1.1203,1.12033,2.81,2.62
2017.11.30 01:12:14.878,1.12032,1.12033,1.12,1.50
2017.11.30 01:12:15.302,1.12033,1.12036,1.69,7.57
2017.11.30 01:12:15.817,1.12034,1.12036,1.12,1.00
2017.11.30 01:12:16.515,1.12034,1.12036,1.12,2.25
2017.11.30 01:12:17.022,1.12033,1.12036,2.81,4.12
2017.11.30 01:12:17.888,1.1203,1.12032,1.31,4.12
2017.11.30 01:12:18.108,1.12028,1.1203,1.01,1.12
2017.11.30 01:12:18.624,1.12028,1.12029,1.25,1.12
2017.11.30 01:12:23.310,1.12028,1.1203,1.25,1.50
2017.11.30 01:12:27.411,1.12028,1.12031,1.25,3.00
2017.11.30 01:12:27.920,1.12028,1.1203,1.25,1.00
2017.11.30 01:12:29.726,1.12028,1.12029,1.25,1.12
2017.11.30 01:12:30.232,1.12026,1.12029,19.76,2.25
2017.11.30 01:12:30.733,1.12026,1.12029,14.14,3.00
2017.11.30 01:12:31.248,1.12026,1.12028,1.87,2.25
2017.11.30 01:12:31.883,1.12026,1.12028,3.56,1.50
2017.11.30 01:12:34.552,1.12026,1.12029,5.51,1.12
2017.11.30 01:12:35.066,1.12028,1.12029,1.12,1.00
2017.11.30 01:12:35.657,1.12028,1.1203,1.12,2.62
2017.11.30 01:12:38.507,1.12029,1.1203,1.12,1.00
2017.11.30 01:12:40.375,1.12029,1.12031,1.12,3.94
2017.11.30 01:12:41.889,1.1203,1.12032,1.19,1.87
2017.11.30 01:12:41.941,1.12032,1.12033,1.00,1.50
2017.11.30 01:12:42.668,1.12031,1.12033,3.26,1.87
2017.11.30 01:12:44.565,1.12031,1.12032,1.31,2.62
2017.11.30 01:12:45.187,1.1203,1.12032,1.12,4.12
2017.11.30 01:12:45.705,1.12029,1.12031,1.25,1.12
2017.11.30 01:12:48.093,1.12031,1.12032,1.25,3.37
2017.11.30 01:12:48.594,1.12031,1.12034,5.17,4.12
2017.11.30 01:12:49.113,1.12032,1.12034,1.99,1.50
2017.11.30 01:12:49.565,1.12029,1.12031,1.29,1.00
2017.11.30 01:12:50.077,1.12028,1.12031,3.26,1.50
2017.11.30 01:12:55.330,1.12028,1.12031,1.76,2.62
2017.11.30 01:12:55.852,1.12029,1.12031,1.31,1.12
2017.11.30 01:12:56.539,1.12029,1.12032,2.89,1.50
2017.11.30 01:12:57.381,1.1203,1.12032,1.00,1.87
2017.11.30 01:12:59.545,1.12031,1.12033,1.39,3.00
2017.11.30 01:12:59.701,1.12032,1.12035,3.26,1.87
2017.11.30 01:13:01.089,1.12034,1.12036,1.39,1.00
2017.11.30 01:13:02.033,1.12034,1.12036,1.39,1.12
2017.11.30 01:13:03.096,1.12035,1.12037,1.19,2.62
2017.11.30 01:13:03.510,1.12035,1.12038,2.51,3.00
2017.11.30 01:13:04.027,1.12035,1.12037,4.09,1.00
2017.11.30 01:13:04.902,1.12034,1.12037,2.89,2.62
2017.11.30 01:13:05.451,1.12034,1.12036,1.19,1.50
2017.11.30 01:13:07.057,1.12034,1.12037,2.14,5.62
2017.11.30 01:13:09.227,1.12034,1.12036,1.19,1.00
2017.11.30 01:13:10.207,1.12033,1.12036,3.64,1.00
2017.11.30 01:13:11.660,1.12033,1.12035,1.76,1.50
2017.11.30 01:13:12.075,1.12032,1.12035,2.14,3.00
2017.11.30 01:13:12.617,1.12032,1.12034,2.14,1.00
2017.11.30 01:13:13.507,1.12032,1.12034,1.00,4.87
2017.11.30 01:13:13.661,1.1203,1.12033,1.39,5.25
2017.11.30 01:13:14.175,1.1203,1.12032,1.25,1.50
2017.11.30 01:13:14.719,1.12031,1.12033,1.69,1.87
2017.11.30 01:13:14.771,1.12032,1.12034,2.44,1.00
2017.11.30 01:13:15.287,1.12032,1.12035,3.26,1.00
2017.11.30 01:13:15.802,1.12033,1.12036,1.25,4.50
2017.11.30 01:13:15.904,1.12033,1.12034,1.25,1.00
2017.11.30 01:13:16.490,1.12033,1.12035,1.25,1.00
2017.11.30 01:13:17.103,1.12033,1.12036,1.25,4.50
2017.11.30 01:13:17.685,1.12033,1.12035,1.25,1.00
2017.11.30 01:13:18.503,1.12033,1.12036,1.25,3.37
2017.11.30 01:13:19.138,1.12033,1.12035,1.25,1.12
2017.11.30 01:13:19.932,1.12033,1.12036,1.25,4.50
2017.11.30 01:13:20.637,1.12033,1.12035,1.25,1.00
2017.11.30 01:13:21.160,1.12033,1.12036,1.25,5.25
2017.11.30 01:13:21.805,1.12033,1.12035,1.25,1.00
2017.11.30 01:13:22.340,1.12033,1.12036,1.25,3.37
2017.11.30 01:13:23.262,1.12033,1.12035,1.25,1.00
2017.11.30 01:13:24.036,1.12033,1.12036,1.25,4.12
2017.11.30 01:13:24.537,1.12033,1.12035,1.25,1.50
2017.11.30 01:13:25.157,1.12033,1.12036,1.25,3.75
2017.11.30 01:13:25.875,1.12033,1.12035,1.25,1.00
2017.11.30 01:13:26.637,1.12033,1.12036,1.25,3.00
2017.11.30 01:13:27.475,1.12033,1.12035,2.89,1.00
2017.11.30 01:13:28.028,1.12034,1.12035,1.25,1.00
2017.11.30 01:13:28.185,1.12034,1.12038,6.26,2.44
2017.11.30 01:13:28.291,1.12038,1.1204,1.00,2.62
2017.11.30 01:13:28.396,1.12037,1.12039,1.39,1.00
2017.11.30 01:13:28.931,1.12036,1.12038,1.25,1.00
2017.11.30 01:13:30.245,1.12036,1.12039,1.76,2.25
2017.11.30 01:13:30.780,1.12037,1.12039,1.10,1.00
2017.11.30 01:13:32.070,1.12036,1.12039,1.39,2.25
2017.11.30 01:13:33.647,1.12039,1.1204,2.32,1.87
2017.11.30 01:13:33.699,1.1204,1.12041,2.14,1.00
2017.11.30 01:13:34.116,1.12038,1.12041,2.89,2.25
2017.11.30 01:13:34.632,1.12038,1.1204,1.25,1.00
2017.11.30 01:13:35.985,1.12037,1.12039,2.59,1.00
2017.11.30 01:13:36.348,1.12035,1.12038,1.69,1.87
2017.11.30 01:13:38.053,1.12035,1.12037,1.25,1.00
2017.11.30 01:13:38.718,1.12034,1.12036,1.25,1.87
2017.11.30 01:13:39.295,1.12032,1.12035,2.51,2.62
2017.11.30 01:13:41.180,1.12032,1.12035,1.95,2.81
2017.11.30 01:13:43.003,1.12032,1.12034,1.00,1.12
2017.11.30 01:13:43.261,1.1203,1.12033,1.95,1.25
2017.11.30 01:13:43.416,1.12032,1.12034,1.10,1.00
2017.11.30 01:13:43.931,1.12033,1.12035,1.57,1.00
2017.11.30 01:13:44.478,1.12033,1.12036,1.95,1.25
2017.11.30 01:13:46.368,1.12033,1.12036,1.57,1.25
2017.11.30 01:13:47.232,1.12033,1.12036,1.20,1.25
2017.11.30 01:13:47.807,1.12033,1.12037,5.89,1.00
2017.11.30 01:13:49.149,1.12034,1.12037,1.39,1.00
2017.11.30 01:13:49.660,1.12034,1.12037,1.01,1.00
2017.11.30 01:13:50.989,1.12034,1.12038,1.39,2.81
2017.11.30 01:13:51.637,1.12034,1.12038,1.39,5.06
2017.11.30 01:13:52.244,1.12034,1.12038,1.39,4.69
2017.11.30 01:13:52.785,1.12034,1.12038,1.20,3.56
2017.11.30 01:14:00.935,1.12035,1.12038,3.41,1.25
2017.11.30 01:14:01.248,1.12037,1.12041,1.95,4.31
2017.11.30 01:14:01.975,1.12037,1.12041,2.32,3.94
2017.11.30 01:14:02.503,1.12037,1.1204,1.57,1.50
2017.11.30 01:14:03.166,1.12037,1.12041,2.32,3.56
2017.11.30 01:14:04.770,1.12037,1.12039,1.10,3.56
2017.11.30 01:14:04.877,1.12034,1.12037,1.70,1.12
2017.11.30 01:14:05.060,1.12033,1.12036,1.57,1.25
2017.11.30 01:14:09.201,1.12032,1.12036,3.64,4.31
2017.11.30 01:14:09.668,1.12033,1.12037,3.07,2.81
2017.11.30 01:14:10.197,1.12033,1.12037,6.26,1.69
2017.11.30 01:14:11.165,1.12033,1.12037,2.32,3.56
2017.11.30 01:14:11.728,1.12034,1.12038,1.95,2.06
2017.11.30 01:14:12.261,1.12035,1.12038,1.20,1.25
2017.11.30 01:14:13.544,1.12034,1.12038,1.95,1.31
2017.11.30 01:14:14.175,1.12034,1.12037,1.20,1.25
2017.11.30 01:14:14.964,1.12033,1.12036,3.07,1.25
2017.11.30 01:14:16.134,1.12033,1.12036,1.57,1.31
2017.11.30 01:14:22.503,1.12035,1.12037,1.12,1.25
2017.11.30 01:14:23.017,1.12035,1.12039,2.78,3.19
2017.11.30 01:14:23.539,1.12035,1.12038,1.10,1.69
2017.11.30 01:14:24.053,1.12034,1.12037,1.20,1.25
2017.11.30 01:14:30.096,1.12033,1.12037,2.89,2.06
2017.11.30 01:14:30.774,1.12033,1.12036,1.57,1.31
2017.11.30 01:14:32.921,1.12034,1.12038,1.50,8.06
2017.11.30 01:14:33.495,1.12034,1.12037,1.39,1.00
2017.11.30 01:14:34.851,1.12037,1.12039,1.00,2.25
2017.11.30 01:14:35.441,1.12037,1.1204,8.51,1.69
2017.11.30 01:14:35.597,1.12035,1.12038,1.39,1.00
2017.11.30 01:14:36.013,1.12032,1.12034,1.25,1.87
2017.11.30 01:14:36.525,1.12032,1.12035,1.76,1.00
2017.11.30 01:14:36.855,1.12034,1.12037,1.00,1.25
2017.11.30 01:14:37.163,1.12034,1.12035,1.00,1.12
2017.11.30 01:14:37.215,1.12032,1.12035,1.25,1.12
2017.11.30 01:14:39.223,1.12032,1.12036,2.44,2.44
2017.11.30 01:14:39.915,1.12033,1.12036,1.00,1.25
2017.11.30 01:14:40.564,1.12031,1.12033,1.50,1.31
2017.11.30 01:14:40.618,1.12028,1.1203,1.57,1.25
2017.11.30 01:14:40.722,1.12026,1.12029,1.76,1.00
2017.11.30 01:14:40.878,1.12028,1.1203,1.50,1.69
2017.11.30 01:14:42.486,1.12031,1.12032,1.00,3.56
2017.11.30 01:14:42.873,1.12029,1.12031,1.12,3.19
2017.11.30 01:14:43.400,1.12028,1.12031,1.12,3.94
2017.11.30 01:14:43.761,1.12028,1.12032,1.87,1.69
2017.11.30 01:14:44.174,1.12028,1.12032,3.00,1.69
2017.11.30 01:14:45.078,1.12028,1.12032,1.50,2.44
2017.11.30 01:14:45.735,1.12027,1.12031,2.32,1.19
2017.11.30 01:14:48.042,1.12031,1.12032,1.25,1.50
2017.11.30 01:14:48.146,1.12031,1.12034,3.07,1.00
2017.11.30 01:14:48.508,1.12032,1.12036,2.14,4.31
2017.11.30 01:14:48.560,1.12032,1.12034,1.39,1.00
2017.11.30 01:14:48.715,1.12032,1.12036,1.76,4.31
2017.11.30 01:14:49.240,1.12033,1.12036,1.00,1.25
2017.11.30 01:14:50.590,1.12031,1.12034,2.40,1.25
2017.11.30 01:14:50.900,1.12029,1.12032,4.01,1.00
2017.11.30 01:14:51.312,1.12031,1.12034,7.09,1.00
2017.11.30 01:14:51.827,1.12033,1.12035,4.02,1.00
2017.11.30 01:14:52.339,1.12033,1.12036,4.26,1.25
2017.11.30 01:14:53.072,1.12033,1.12036,3.81,1.25
2017.11.30 01:14:55.248,1.12033,1.12035,2.25,1.00
2017.11.30 01:14:56.726,1.12032,1.12035,3.94,1.00
2017.11.30 01:15:01.122,1.12032,1.12036,3.94,1.69
2017.11.30 01:15:01.773,1.12032,1.12035,2.44,1.00
2017.11.30 01:15:02.382,1.12032,1.12035,1.69,1.37
2017.11.30 01:15:03.617,1.12031,1.12033,2.14,1.00
2017.11.30 01:15:04.157,1.12032,1.12035,2.25,1.62
2017.11.30 01:15:04.657,1.12034,1.12037,1.50,1.01
2017.11.30 01:15:04.894,1.12033,1.12035,2.51,1.00
2017.11.30 01:15:05.853,1.12033,1.12035,1.69,1.37
2017.11.30 01:15:08.497,1.12032,1.12034,1.25,1.00
2017.11.30 01:15:09.120,1.12032,1.12033,1.00,1.00
2017.11.30 01:15:09.557,1.12033,1.12035,1.69,1.12
2017.11.30 01:15:10.267,1.12032,1.12035,1.69,1.37
2017.11.30 01:15:10.967,1.12032,1.12034,1.25,1.37
2017.11.30 01:15:11.998,1.12032,1.12034,1.19,1.00
2017.11.30 01:15:12.859,1.12034,1.12036,17.25,3.25
2017.11.30 01:15:12.914,1.12038,1.12039,1.61,2.25
2017.11.30 01:15:13.019,1.12036,1.12037,1.00,1.00
2017.11.30 01:15:13.177,1.12034,1.12037,1.84,1.00
2017.11.30 01:15:13.723,1.12033,1.12036,2.44,1.00
2017.11.30 01:15:15.287,1.12032,1.12036,5.14,1.25
2017.11.30 01:15:15.864,1.12032,1.12035,4.39,1.00
2017.11.30 01:15:17.127,1.12032,1.12036,5.14,1.25
2017.11.30 01:15:18.551,1.12032,1.12035,2.81,1.00
2017.11.30 01:15:20.193,1.12035,1.12037,1.12,1.00
2017.11.30 01:15:20.519,1.12037,1.12039,1.11,1.00
2017.11.30 01:15:21.338,1.12038,1.1204,3.11,1.25
2017.11.30 01:15:22.764,1.12036,1.1204,1.12,4.31
2017.11.30 01:15:23.806,1.12037,1.1204,1.80,1.87
2017.11.30 01:15:24.341,1.12041,1.12042,1.00,5.14
2017.11.30 01:15:24.550,1.12042,1.12043,1.00,1.00
2017.11.30 01:15:24.602,1.12039,1.12041,1.95,7.87
2017.11.30 01:15:25.123,1.12039,1.12041,1.00,3.19
2017.11.30 01:15:26.570,1.12039,1.12041,1.00,2.06
2017.11.30 01:15:27.119,1.12038,1.12041,1.61,2.06
2017.11.30 01:15:27.633,1.12039,1.12041,1.50,1.69
2017.11.30 01:15:28.295,1.12039,1.12041,1.50,1.31
2017.11.30 01:15:28.449,1.12041,1.12042,1.00,3.56
2017.11.30 01:15:28.987,1.1204,1.12041,1.00,1.12
2017.11.30 01:15:29.499,1.12039,1.12042,1.00,7.31
2017.11.30 01:15:30.025,1.12038,1.12041,2.36,1.01
2017.11.30 01:15:30.961,1.12041,1.12042,2.62,3.19
2017.11.30 01:15:31.168,1.1204,1.12042,1.00,4.39
2017.11.30 01:15:31.219,1.12038,1.12041,3.11,1.01
2017.11.30 01:15:32.114,1.12038,1.12041,3.00,3.56
2017.11.30 01:15:34.360,1.12038,1.12041,2.25,2.81
2017.11.30 01:15:37.157,1.12038,1.12042,5.14,4.69
2017.11.30 01:15:37.208,1.12038,1.1204,5.14,1.12
2017.11.30 01:15:37.759,1.12038,1.1204,2.14,1.12
2017.11.30 01:15:38.298,1.12038,1.1204,2.14,1.12
2017.11.30 01:15:38.775,1.12043,1.12046,1.00,5.06
2017.11.30 01:15:38.827,1.12043,1.12046,1.69,2.25
2017.11.30 01:15:39.032,1.12043,1.12045,5.06,1.12
2017.11.30 01:15:39.494,1.12043,1.12047,2.81,2.44
2017.11.30 01:15:40.006,1.12044,1.12047,3.19,1.00
2017.11.30 01:15:40.551,1.12045,1.12047,1.12,1.12
2017.11.30 01:15:41.167,1.12046,1.12047,1.12,1.12
2017.11.30 01:15:41.630,1.12046,1.12048,5.89,1.12
2017.11.30 01:15:41.880,1.1205,1.12051,3.00,1.00
2017.11.30 01:15:42.098,1.12052,1.12055,1.00,1.19
2017.11.30 01:15:42.201,1.1205,1.12052,5.44,1.00
2017.11.30 01:15:42.356,1.12051,1.12054,1.00,1.31
2017.11.30 01:15:42.459,1.1205,1.12052,1.25,1.00
2017.11.30 01:15:42.769,1.12046,1.12049,5.14,1.87
2017.11.30 01:15:43.068,1.1205,1.12054,5.06,1.31
2017.11.30 01:15:43.326,1.12048,1.12051,1.32,2.25
2017.11.30 01:15:43.635,1.12046,1.12049,2.51,1.37
2017.11.30 01:15:43.965,1.1205,1.12054,1.50,4.01
2017.11.30 01:15:44.071,1.12049,1.1205,1.25,1.00
2017.11.30 01:15:44.175,1.12047,1.12049,2.14,1.00
2017.11.30 01:15:44.686,1.12047,1.1205,2.06,1.37
2017.11.30 01:15:45.254,1.12048,1.12051,1.25,1.00
2017.11.30 01:15:45.445,1.12047,1.12051,1.76,2.62
2017.11.30 01:15:46.379,1.12047,1.12051,1.76,1.87
2017.11.30 01:15:48.252,1.1205,1.12052,1.31,1.00
2017.11.30 01:15:48.779,1.1205,1.12054,2.06,5.14
2017.11.30 01:15:49.311,1.1205,1.12054,1.87,4.39
2017.11.30 01:15:49.934,1.12048,1.12051,8.14,1.00
2017.11.30 01:15:49.986,1.12046,1.1205,4.39,1.00
2017.11.30 01:15:50.192,1.12046,1.1205,2.14,2.81
2017.11.30 01:15:51.189,1.12046,1.1205,1.46,2.81
2017.11.30 01:15:51.517,1.12051,1.12054,1.00,5.25
2017.11.30 01:15:51.671,1.1205,1.12054,1.12,4.69
2017.11.30 01:15:51.979,1.12048,1.12049,1.46,1.00
2017.11.30 01:15:52.481,1.12047,1.1205,1.87,2.06
2017.11.30 01:15:54.046,1.12046,1.1205,1.65,2.44
2017.11.30 01:15:55.055,1.12051,1.12053,1.00,2.14
2017.11.30 01:15:55.408,1.12048,1.12052,1.01,3.94
2017.11.30 01:15:55.512,1.12047,1.12049,1.01,1.00
2017.11.30 01:15:55.717,1.12048,1.12052,1.69,4.01
2017.11.30 01:15:56.026,1.1205,1.12053,1.00,3.26
2017.11.30 01:15:56.180,1.12048,1.12052,4.31,1.25
2017.11.30 01:15:56.232,1.1205,1.12053,1.50,1.39
2017.11.30 01:15:56.546,1.12048,1.1205,1.00,1.37
2017.11.30 01:15:56.651,1.1205,1.12053,1.50,2.14
2017.11.30 01:15:57.167,1.1205,1.12053,1.00,3.56
2017.11.30 01:15:57.611,1.12047,1.12049,2.14,1.00
2017.11.30 01:15:57.919,1.1205,1.12053,1.50,2.06
2017.11.30 01:15:58.713,1.12051,1.12052,1.00,1.87
2017.11.30 01:16:00.120,1.1205,1.12052,3.11,1.50
2017.11.30 01:16:00.651,1.12051,1.12053,1.50,2.44
2017.11.30 01:16:00.962,1.12048,1.12051,2.32,3.19
2017.11.30 01:16:01.310,1.1205,1.12052,1.12,2.06
2017.11.30 01:16:01.844,1.12051,1.12052,1.00,3.11
2017.11.30 01:16:02.363,1.1205,1.12052,1.50,2.36
2017.11.30 01:16:03.109,1.1205,1.12052,3.94,1.80
2017.11.30 01:16:03.264,1.12054,1.12056,1.87,1.57
2017.11.30 01:16:03.370,1.12056,1.12057,1.31,2.25
2017.11.30 01:16:03.632,1.12057,1.1206,1.12,2.36
2017.11.30 01:16:04.134,1.12057,1.12059,1.12,1.05
2017.11.30 01:16:04.654,1.12057,1.1206,1.50,1.61
2017.11.30 01:16:05.485,1.12056,1.1206,11.81,2.06
2017.11.30 01:16:05.931,1.12056,1.1206,11.06,2.74
2017.11.30 01:16:10.265,1.12057,1.1206,1.50,5.44
2017.11.30 01:16:10.810,1.12058,1.1206,1.12,2.06
2017.11.30 01:16:10.965,1.1206,1.12062,5.25,1.39
2017.11.30 01:16:11.068,1.12064,1.12066,1.00,5.14
2017.11.30 01:16:11.121,1.1206,1.12062,1.50,1.31
2017.11.30 01:16:11.501,1.12057,1.12061,2.06,6.94
2017.11.30 01:16:11.707,1.12057,1.12061,3.56,4.69
2017.11.30 01:16:12.243,1.12057,1.12061,2.81,5.44
2017.11.30 01:16:13.532,1.12057,1.12061,5.06,2.06
2017.11.30 01:16:14.043,1.12058,1.12062,2.62,8.44
2017.11.30 01:16:14.910,1.12059,1.12062,1.25,4.12
2017.11.30 01:16:15.457,1.1206,1.12062,1.00,2.81
2017.11.30 01:16:15.921,1.12061,1.12064,2.62,1.69
2017.11.30 01:16:17.024,1.12062,1.12064,1.12,1.12
2017.11.30 01:16:17.439,1.12064,1.12067,2.25,4.76
2017.11.30 01:16:17.685,1.12066,1.12069,1.00,1.19
2017.11.30 01:16:17.839,1.12066,1.1207,2.06,2.44
2017.11.30 01:16:18.357,1.12067,1.1207,1.12,2.06
2017.11.30 01:16:18.903,1.12068,1.1207,1.87,1.12
2017.11.30 01:16:18.955,1.12071,1.12073,1.00,1.76
2017.11.30 01:16:19.058,1.12071,1.12073,2.06,1.00
2017.11.30 01:16:19.111,1.12071,1.12075,2.06,2.06
2017.11.30 01:16:19.680,1.12071,1.12074,2.81,1.00
2017.11.30 01:16:20.923,1.12071,1.12075,2.81,5.81
2017.11.30 01:16:21.481,1.12072,1.12075,1.25,2.70
2017.11.30 01:16:22.310,1.12072,1.12075,1.25,2.70
2017.11.30 01:16:27.366,1.12071,1.12072,1.12,1.00
2017.11.30 01:16:27.674,1.12068,1.12071,1.31,3.07
2017.11.30 01:16:28.482,1.12067,1.12071,3.56,2.62
2017.11.30 01:16:29.431,1.12067,1.12071,3.56,2.81
2017.11.30 01:16:30.064,1.12067,1.1207,2.81,1.00
2017.11.30 01:16:31.784,1.12067,1.12069,1.25,1.00
2017.11.30 01:16:32.303,1.12066,1.12068,1.31,1.00
2017.11.30 01:16:33.169,1.12065,1.12066,1.12,1.12
2017.11.30 01:16:33.275,1.12061,1.12064,2.44,1.00
2017.11.30 01:16:33.701,1.12062,1.12066,3.56,4.69
2017.11.30 01:16:34.365,1.12062,1.12065,2.81,1.87
2017.11.30 01:16:34.739,1.1206,1.12062,1.12,1.12
2017.11.30 01:16:34.842,1.12058,1.12061,6.56,1.87
2017.11.30 01:16:35.731,1.12059,1.12061,1.25,1.00
2017.11.30 01:16:35.987,1.1206,1.12063,1.25,3.37
2017.11.30 01:16:36.142,1.12061,1.12064,2.06,1.00
2017.11.30 01:16:36.246,1.12063,1.12067,3.56,4.31
2017.11.30 01:16:36.759,1.12064,1.12067,2.06,6.07
2017.11.30 01:16:37.183,1.12064,1.12065,1.12,1.50
2017.11.30 01:16:37.342,1.12062,1.12065,1.31,3.37
2017.11.30 01:16:37.991,1.12062,1.12065,1.19,3.00
2017.11.30 01:16:38.532,1.12063,1.12066,2.06,2.25
2017.11.30 01:16:39.604,1.12062,1.12065,3.19,1.00
2017.11.30 01:16:40.116,1.12061,1.12065,4.31,3.75
2017.11.30 01:16:41.437,1.12061,1.12065,4.31,1.50
2017.11.30 01:16:42.272,1.12061,1.12064,2.81,1.87
2017.11.30 01:16:42.429,1.1206,1.12062,1.37,1.87
2017.11.30 01:16:42.624,1.12059,1.12062,1.00,2.81
2017.11.30 01:16:42.832,1.1206,1.12063,1.62,3.75
2017.11.30 01:16:43.353,1.1206,1.12062,1.00,2.25
2017.11.30 01:16:43.847,1.12058,1.12062,2.44,3.19
2017.11.30 01:16:44.364,1.12059,1.12062,1.31,2.25
2017.11.30 01:16:44.881,1.12059,1.12063,2.06,2.14
2017.11.30 01:16:45.413,1.12061,1.12064,1.31,2.62
2017.11.30 01:16:46.035,1.1206,1.12064,4.69,4.50
2017.11.30 01:16:46.241,1.12059,1.12062,2.14,1.12
2017.11.30 01:16:46.448,1.12058,1.12062,3.19,5.06
2017.11.30 01:16:46.955,1.12059,1.12062,2.44,1.12
2017.11.30 01:16:47.460,1.1206,1.12063,1.31,1.00
2017.11.30 01:16:48.286,1.1206,1.12064,2.06,3.00
2017.11.30 01:16:48.592,1.12063,1.12065,1.31,1.00
2017.11.30 01:16:49.109,1.12061,1.12065,2.06,3.07
2017.11.30 01:16:49.417,1.12064,1.12067,1.19,2.25
2017.11.30 01:16:49.997,1.12064,1.12068,1.69,3.00
2017.11.30 01:16:54.467,1.12065,1.12068,1.31,2.62
2017.11.30 01:16:54.979,1.12064,1.12067,1.19,1.00
2017.11.30 01:16:56.291,1.12064,1.12068,2.81,2.62
2017.11.30 01:16:58.051,1.12065,1.12068,1.19,2.25
2017.11.30 01:16:59.112,1.12064,1.12065,1.25,1.50
2017.11.30 01:16:59.421,1.12061,1.12064,3.19,3.37
2017.11.30 01:16:59.984,1.12062,1.12065,1.69,2.62
2017.11.30 01:17:00.098,1.12063,1.12066,2.06,3.07
2017.11.30 01:17:00.304,1.12065,1.12068,1.25,1.87
2017.11.30 01:17:00.664,1.12066,1.12069,1.69,1.50
2017.11.30 01:17:03.187,1.12065,1.12067,3.19,1.87
2017.11.30 01:17:03.489,1.12063,1.12065,1.25,1.12
2017.11.30 01:17:04.846,1.12063,1.12065,3.19,1.12
2017.11.30 01:17:04.898,1.12064,1.12068,2.06,4.87
2017.11.30 01:17:06.593,1.12065,1.12068,1.19,3.37
2017.11.30 01:17:07.372,1.12065,1.12069,2.44,4.95
2017.11.30 01:17:07.912,1.12065,1.12068,1.69,1.87
2017.11.30 01:17:09.740,1.12065,1.12067,1.19,1.00
2017.11.30 01:17:11.027,1.12065,1.12068,1.19,3.37
2017.11.30 01:17:11.553,1.12064,1.12068,3.94,3.37
2017.11.30 01:17:11.966,1.12067,1.12069,1.25,1.00
2017.11.30 01:17:12.479,1.12067,1.1207,1.31,1.00
2017.11.30 01:17:12.788,1.12069,1.12072,1.19,2.32
2017.11.30 01:17:13.402,1.12068,1.12069,1.31,1.00
2017.11.30 01:17:13.646,1.12067,1.12071,3.94,3.19
2017.11.30 01:17:15.207,1.12068,1.1207,1.31,1.12
2017.11.30 01:17:15.733,1.12067,1.1207,2.44,1.50
2017.11.30 01:17:17.110,1.12067,1.12069,1.31,1.00
2017.11.30 01:17:18.433,1.12067,1.1207,1.25,2.62
2017.11.30 01:17:20.437,1.12067,1.12069,1.25,1.50
2017.11.30 01:17:23.554,1.12067,1.1207,1.25,2.25
2017.11.30 01:17:24.413,1.12067,1.12069,1.25,1.00
2017.11.30 01:17:24.619,1.12065,1.12068,2.44,2.62
2017.11.30 01:17:26.594,1.12064,1.12067,2.06,1.50
2017.11.30 01:17:28.289,1.12065,1.12067,1.19,1.12
2017.11.30 01:17:28.803,1.12064,1.12067,2.06,1.87
2017.11.30 01:17:29.128,1.12062,1.12065,1.31,6.75
2017.11.30 01:17:29.180,1.12063,1.12065,1.25,3.37
2017.11.30 01:17:29.693,1.12064,1.12067,1.25,3.37
2017.11.30 01:17:30.309,1.12064,1.12067,1.25,1.50
2017.11.30 01:17:30.815,1.12064,1.12067,1.31,4.50
2017.11.30 01:17:31.337,1.12064,1.12067,1.31,1.87
2017.11.30 01:17:36.483,1.12063,1.12065,2.06,1.12
2017.11.30 01:17:36.999,1.12063,1.12065,1.25,1.24
2017.11.30 01:17:37.307,1.12063,1.12067,2.81,2.51
2017.11.30 01:17:37.818,1.12064,1.12067,1.25,3.00
2017.11.30 01:17:46.133,1.12064,1.12068,4.31,3.19
2017.11.30 01:17:46.696,1.12065,1.12068,1.25,3.00
2017.11.30 01:17:50.467,1.12065,1.12068,2.81,1.00
2017.11.30 01:17:51.006,1.12066,1.12069,1.19,3.00
2017.11.30 01:17:52.780,1.12066,1.12069,1.00,3.94
2017.11.30 01:17:53.377,1.12065,1.12069,3.56,3.94
2017.11.30 01:17:59.521,1.12065,1.12068,2.44,1.87
2017.11.30 01:18:00.054,1.12065,1.12067,1.25,2.25
2017.11.30 01:18:00.367,1.12062,1.12066,7.31,5.06
2017.11.30 01:18:01.552,1.12062,1.12066,5.14,2.06
2017.11.30 01:18:02.139,1.12063,1.12065,1.19,4.50
2017.11.30 01:18:03.037,1.12063,1.12065,1.25,5.25
2017.11.30 01:18:03.089,1.12062,1.12065,1.25,5.25
2017.11.30 01:18:04.061,1.12062,1.12065,1.25,2.62
2017.11.30 01:18:04.164,1.12062,1.12065,3.56,2.62
2017.11.30 01:18:04.319,1.12064,1.12067,1.31,3.75
2017.11.30 01:18:04.794,1.12065,1.12068,3.56,1.00
2017.11.30 01:18:05.310,1.12066,1.12069,1.19,1.12
2017.11.30 01:18:06.406,1.12066,1.1207,2.06,2.70
2017.11.30 01:18:07.255,1.12066,1.12069,1.19,1.00
2017.11.30 01:18:07.763,1.12066,1.1207,2.44,3.07
2017.11.30 01:18:08.782,1.12067,1.1207,6.26,1.00
2017.11.30 01:18:11.443,1.12067,1.12069,2.81,1.00
2017.11.30 01:18:11.495,1.12067,1.1207,2.81,1.00
2017.11.30 01:18:11.686,1.12067,1.12069,2.81,1.00
2017.11.30 01:18:11.738,1.12067,1.1207,2.81,1.00
2017.11.30 01:18:11.841,1.12067,1.12069,2.81,1.00
2017.11.30 01:18:11.943,1.12067,1.1207,2.81,1.00
2017.11.30 01:18:12.060,1.12067,1.12069,2.81,1.00
2017.11.30 01:18:12.164,1.12067,1.1207,2.44,1.00
2017.11.30 01:18:12.267,1.12067,1.12069,3.19,1.00
2017.11.30 01:18:12.319,1.12067,1.1207,3.19,1.00
2017.11.30 01:18:12.428,1.12067,1.12069,3.19,1.00
2017.11.30 01:18:12.582,1.12067,1.1207,3.19,1.00
2017.11.30 01:18:12.685,1.12067,1.12069,3.19,1.00
2017.11.30 01:18:12.790,1.12067,1.1207,3.19,1.00
2017.11.30 01:18:12.893,1.12067,1.12069,3.19,1.00
2017.11.30 01:18:12.948,1.12067,1.1207,3.19,1.00
2017.11.30 01:18:13.101,1.12067,1.12069,3.56,1.00
2017.11.30 01:18:13.289,1.12067,1.1207,3.56,1.00
2017.11.30 01:18:14.644,1.12067,1.12071,4.31,1.50
2017.11.30 01:18:21.569,1.12068,1.12072,4.69,4.39
2017.11.30 01:18:21.673,1.1207,1.12072,1.00,1.50
2017.11.30 01:18:21.725,1.12071,1.12074,4.12,1.25
2017.11.30 01:18:21.933,1.12073,1.12076,2.44,1.00
2017.11.30 01:18:22.277,1.12074,1.12077,2.06,1.50
2017.11.30 01:18:28.481,1.12074,1.12075,2.14,1.00
2017.11.30 01:18:29.020,1.12073,1.12075,2.06,1.00
2017.11.30 01:18:31.300,1.12072,1.12074,1.57,3.00
2017.11.30 01:18:31.810,1.12072,1.12075,1.00,2.06
2017.11.30 01:18:32.997,1.12072,1.12075,1.76,1.87
2017.11.30 01:18:35.962,1.12072,1.12074,1.69,1.00
2017.11.30 01:18:36.117,1.1207,1.12073,3.56,1.00
2017.11.30 01:18:36.640,1.1207,1.12074,5.06,2.14
2017.11.30 01:18:37.173,1.12071,1.12074,1.25,1.95
2017.11.30 01:18:40.537,1.12072,1.12074,1.00,1.12
2017.11.30 01:18:41.051,1.12072,1.12075,1.69,1.50
2017.11.30 01:18:59.248,1.12072,1.12075,2.81,8.25
2017.11.30 01:19:01.647,1.12072,1.12075,2.06,1.12
2017.11.30 01:19:07.739,1.12071,1.12074,2.81,2.62
2017.11.30 01:19:18.331,1.12071,1.12075,3.94,2.81
2017.11.30 01:19:26.371,1.12072,1.12075,1.50,1.69
2017.11.30 01:19:26.911,1.12072,1.12075,2.06,1.50
2017.11.30 01:19:27.590,1.12072,1.12075,2.06,2.62
2017.11.30 01:19:28.114,1.12072,1.12075,4.31,1.50
2017.11.30 01:19:28.633,1.12072,1.12074,1.12,1.00
2017.11.30 01:19:29.487,1.12072,1.12075,1.00,6.19
2017.11.30 01:19:30.957,1.12072,1.12074,1.00,1.00
2017.11.30 01:19:31.470,1.12071,1.12074,1.50,1.31
2017.11.30 01:19:32.372,1.12071,1.12075,2.25,6.26
2017.11.30 01:19:32.785,1.12074,1.12075,1.00,1.00
2017.11.30 01:19:33.120,1.12071,1.12075,2.44,1.76
2017.11.30 01:19:33.633,1.12071,1.12075,3.19,2.62
2017.11.30 01:19:34.526,1.12071,1.12075,3.19,1.12
2017.11.30 01:19:35.028,1.12073,1.12076,1.50,1.01
2017.11.30 01:19:36.092,1.12074,1.12077,1.00,3.64
2017.11.30 01:19:36.399,1.12074,1.12078,3.19,5.51
2017.11.30 01:19:37.591,1.12075,1.12078,1.00,4.01
2017.11.30 01:19:42.239,1.12076,1.12079,3.56,1.57
2017.11.30 01:19:42.294,1.12079,1.1208,1.12,1.00
2017.11.30 01:19:42.477,1.1208,1.12082,2.06,1.50
2017.11.30 01:19:42.633,1.12078,1.12079,1.69,1.00
2017.11.30 01:19:42.686,1.12077,1.12079,2.44,1.87
2017.11.30 01:19:42.843,1.12075,1.12077,3.94,1.00
2017.11.30 01:19:43.343,1.12074,1.12077,3.56,1.12
2017.11.30 01:19:43.857,1.12073,1.12077,2.81,5.51
2017.11.30 01:19:44.660,1.12073,1.12077,4.31,3.75
2017.11.30 01:19:49.190,1.12073,1.12076,3.94,1.00
2017.11.30 01:19:49.750,1.12073,1.12077,2.81,4.31
2017.11.30 01:19:50.293,1.12073,1.12077,3.94,3.37
2017.11.30 01:19:56.405,1.12076,1.12078,1.50,1.87
2017.11.30 01:19:56.930,1.12075,1.12077,2.81,1.00
2017.11.30 01:19:58.467,1.12074,1.12076,5.44,1.87
2017.11.30 01:19:58.674,1.12072,1.12075,1.00,3.94
2017.11.30 01:19:59.191,1.12072,1.12076,3.64,1.00
2017.11.30 01:20:00.250,1.12074,1.12077,1.00,1.69
2017.11.30 01:20:02.367,1.12074,1.12076,1.25,1.50
2017.11.30 01:20:02.910,1.12073,1.12076,1.00,2.81
2017.11.30 01:20:03.426,1.12073,1.12075,1.00,1.50
2017.11.30 01:20:03.994,1.12072,1.12074,1.00,1.50
2017.11.30 01:20:04.510,1.12071,1.12073,1.25,1.00
2017.11.30 01:20:05.042,1.12071,1.12074,2.06,1.00
2017.11.30 01:20:06.351,1.12071,1.12074,3.56,1.00
2017.11.30 01:20:07.711,1.12072,1.12075,1.25,1.12
2017.11.30 01:20:08.521,1.12072,1.12074,1.31,1.00
2017.11.30 01:20:09.086,1.12071,1.12072,1.69,1.00
2017.11.30 01:20:09.298,1.12069,1.1207,1.39,1.00
2017.11.30 01:20:09.816,1.12067,1.1207,2.44,1.50
2017.11.30 01:20:10.350,1.12067,1.12069,2.44,1.00
2017.11.30 01:20:15.578,1.12067,1.12069,1.69,1.87
2017.11.30 01:20:19.037,1.12066,1.12068,2.44,1.00
2017.11.30 01:20:19.092,1.12065,1.12066,1.69,17.62
2017.11.30 01:20:19.248,1.12062,1.12064,1.69,1.00
2017.11.30 01:20:21.447,1.12061,1.12063,2.81,1.00
2017.11.30 01:20:21.974,1.12062,1.12064,1.31,1.50
2017.11.30 01:20:22.180,1.12061,1.12063,1.50,1.50
2017.11.30 01:20:22.325,1.12055,1.12058,4.69,1.88
2017.11.30 01:20:22.800,1.12058,1.12059,1.31,1.00
2017.11.30 01:20:23.325,1.12058,1.1206,1.25,1.12
2017.11.30 01:20:23.840,1.12057,1.12058,1.25,1.00
2017.11.30 01:20:23.892,1.12056,1.12058,2.44,1.00
2017.11.30 01:20:24.720,1.12055,1.12057,2.81,1.12
2017.11.30 01:20:29.249,1.12055,1.12056,2.44,1.00
2017.11.30 01:20:31.883,1.12055,1.12057,2.44,1.87
2017.11.30 01:20:32.038,1.12056,1.12059,3.64,1.00
2017.11.30 01:20:32.090,1.12058,1.1206,1.25,1.00
2017.11.30 01:20:32.441,1.12059,1.12062,2.90,1.00
2017.11.30 01:20:33.936,1.12061,1.12063,1.25,1.50
2017.11.30 01:20:34.142,1.12062,1.12065,1.31,1.50
2017.11.30 01:20:34.655,1.12062,1.12064,1.69,1.00
2017.11.30 01:20:36.136,1.12062,1.12063,1.69,1.00
2017.11.30 01:20:36.908,1.12062,1.12064,2.14,1.00
2017.11.30 01:20:37.011,1.12063,1.12066,1.17,2.44
2017.11.30 01:20:37.656,1.12064,1.12067,2.44,1.00
2017.11.30 01:20:38.170,1.12064,1.12066,2.44,1.00
2017.11.30 01:20:39.168,1.12064,1.12067,3.56,1.00
2017.11.30 01:20:39.680,1.12065,1.12067,1.00,1.00
2017.11.30 01:20:40.197,1.12065,1.12066,1.00,1.12
2017.11.30 01:20:43.450,1.12065,1.12067,1.69,1.87
2017.11.30 01:20:44.146,1.12065,1.12067,1.69,1.12
2017.11.30 01:20:44.664,1.12065,1.12067,1.69,1.87
2017.11.30 01:20:45.564,1.12065,1.12066,1.69,1.12
2017.11.30 01:20:46.945,1.12064,1.12066,1.69,2.62
2017.11.30 01:20:47.469,1.12064,1.12065,1.69,1.12
2017.11.30 01:20:48.164,1.12064,1.12066,1.69,1.12
2017.11.30 01:20:48.624,1.12063,1.12065,1.25,2.62
2017.11.30 01:20:48.985,1.12062,1.12064,1.69,2.25
2017.11.30 01:20:49.501,1.12061,1.12063,1.69,1.12
2017.11.30 01:20:52.695,1.1206,1.12062,3.56,1.12
2017.11.30 01:20:53.896,1.1206,1.12063,2.44,3.00
2017.11.30 01:20:54.255,1.12059,1.12062,3.19,3.37
2017.11.30 01:20:55.096,1.12059,1.12061,2.44,1.12
2017.11.30 01:20:56.487,1.12058,1.1206,2.44,1.12
2017.11.30 01:20:56.696,1.12056,1.12058,3.26,2.12
2017.11.30 01:20:56.801,1.12056,1.12059,2.44,3.00
2017.11.30 01:20:57.318,1.12057,1.1206,1.69,3.00
2017.11.30 01:20:57.938,1.12057,1.12059,1.69,1.50
2017.11.30 01:20:58.094,1.12056,1.12057,1.00,1.12
2017.11.30 01:20:58.613,1.12057,1.12058,1.25,1.12
2017.11.30 01:20:59.212,1.12056,1.12057,1.25,3.37
2017.11.30 01:20:59.519,1.12054,1.12055,1.69,1.12
2017.11.30 01:21:00.158,1.12054,1.12055,1.00,1.12
2017.11.30 01:21:02.422,1.12053,1.12055,2.06,1.12
2017.11.30 01:21:03.312,1.12052,1.12055,2.06,3.00
2017.11.30 01:21:03.753,1.12052,1.12054,1.31,1.12
2017.11.30 01:21:04.266,1.12052,1.12054,3.19,1.12
2017.11.30 01:21:04.779,1.12053,1.12055,1.25,1.50
2017.11.30 01:21:06.466,1.12054,1.12057,1.25,3.45
2017.11.30 01:21:06.984,1.12053,1.12056,2.44,1.37
2017.11.30 01:21:08.767,1.12053,1.12056,1.25,2.69
2017.11.30 01:21:09.882,1.1205,1.12055,3.19,4.69
2017.11.30 01:21:10.397,1.12051,1.12055,1.25,7.38
2017.11.30 01:21:11.203,1.12051,1.12054,1.25,3.75
2017.11.30 01:21:11.357,1.12049,1.12052,1.01,3.45
2017.11.30 01:21:11.513,1.12048,1.12052,1.00,8.88
2017.11.30 01:21:12.057,1.12047,1.12051,1.69,1.31
2017.11.30 01:21:12.888,1.12047,1.12051,1.69,11.43
2017.11.30 01:21:13.400,1.12047,1.1205,1.69,2.62
2017.11.30 01:21:14.994,1.12048,1.1205,1.00,3.75
2017.11.30 01:21:16.195,1.12048,1.1205,1.69,1.00
2017.11.30 01:21:16.746,1.12048,1.1205,1.25,1.50
2017.11.30 01:21:17.312,1.12047,1.1205,1.25,1.87
2017.11.30 01:21:17.842,1.12048,1.1205,1.31,1.50
2017.11.30 01:21:18.575,1.12047,1.1205,1.25,2.25
2017.11.30 01:21:19.546,1.12046,1.12049,1.69,1.87
2017.11.30 01:21:20.332,1.12046,1.12049,1.31,1.50
2017.11.30 01:21:20.926,1.12046,1.12049,1.39,2.62
2017.11.30 01:21:21.559,1.12046,1.12049,1.01,1.87
2017.11.30 01:21:24.663,1.12046,1.12049,1.39,1.50
2017.11.30 01:21:25.215,1.12047,1.12049,1.25,1.00
2017.11.30 01:21:27.542,1.12047,1.1205,1.69,2.25
2017.11.30 01:21:27.646,1.12049,1.12051,1.19,1.50
2017.11.30 01:21:27.830,1.12051,1.12054,1.69,3.75
2017.11.30 01:21:28.145,1.12051,1.12054,1.69,6.00
2017.11.30 01:21:28.749,1.1205,1.12052,1.25,1.12
2017.11.30 01:21:28.955,1.12048,1.12051,1.25,3.07
2017.11.30 01:21:30.037,1.12047,1.1205,2.44,1.00
2017.11.30 01:21:31.344,1.12046,1.12049,1.19,3.00
2017.11.30 01:21:31.872,1.12045,1.12049,5.06,1.92
2017.11.30 01:21:32.385,1.12047,1.1205,1.25,1.92
2017.11.30 01:21:32.656,1.12049,1.12051,1.69,1.00
2017.11.30 01:21:33.197,1.12049,1.12052,1.19,2.63
2017.11.30 01:21:33.506,1.12047,1.1205,1.69,1.12
2017.11.30 01:21:35.215,1.12047,1.12049,1.69,1.12
2017.11.30 01:21:35.421,1.12045,1.12048,3.19,4.50
2017.11.30 01:21:35.628,1.12043,1.12045,1.25,1.87
2017.11.30 01:21:37.391,1.12044,1.12045,1.00,1.00
2017.11.30 01:21:37.539,1.12045,1.12049,2.14,4.50
2017.11.30 01:21:38.054,1.12046,1.12049,1.76,1.50
2017.11.30 01:21:38.567,1.12047,1.1205,2.89,1.12
2017.11.30 01:21:40.762,1.12047,1.1205,2.81,1.12
2017.11.30 01:21:43.821,1.12049,1.12051,2.44,1.57
2017.11.30 01:21:43.876,1.12049,1.12052,4.31,2.63
2017.11.30 01:21:44.392,1.12048,1.12051,2.81,2.32
2017.11.30 01:21:46.543,1.12047,1.12051,2.81,4.76
2017.11.30 01:21:47.159,1.12047,1.1205,2.51,1.12
2017.11.30 01:21:48.879,1.12047,1.1205,2.51,1.12
2017.11.30 01:21:50.470,1.12048,1.12051,1.62,2.70
2017.11.30 01:21:51.070,1.12048,1.12051,2.44,1.00
2017.11.30 01:21:51.400,1.12051,1.12054,1.69,2.32
2017.11.30 01:21:51.503,1.12053,1.12056,1.25,2.07
2017.11.30 01:21:52.009,1.12053,1.12057,3.19,4.01
2017.11.30 01:21:52.515,1.12054,1.12058,2.44,3.45
2017.11.30 01:21:54.120,1.12054,1.12057,2.06,1.87
2017.11.30 01:21:57.777,1.12054,1.12057,2.06,1.12
2017.11.30 01:22:05.017,1.12053,1.12056,2.14,1.00
2017.11.30 01:22:05.120,1.12052,1.12055,2.14,2.25
2017.11.30 01:22:05.328,1.12053,1.12057,2.51,3.75
2017.11.30 01:22:05.722,1.12054,1.12057,1.76,1.12
2017.11.30 01:22:07.219,1.12056,1.12058,1.00,1.31
2017.11.30 01:22:07.475,1.12057,1.1206,1.00,2.44
2017.11.30 01:22:08.010,1.12056,1.1206,2.51,2.81
2017.11.30 01:22:08.661,1.12056,1.1206,2.44,3.19
2017.11.30 01:22:09.189,1.12056,1.1206,2.44,2.81
2017.11.30 01:22:09.911,1.12056,1.12057,1.31,1.50
2017.11.30 01:22:09.965,1.12053,1.12056,2.89,1.12
2017.11.30 01:22:15.726,1.12053,1.12057,4.01,3.19
2017.11.30 01:22:16.238,1.12053,1.12057,3.64,3.94
2017.11.30 01:22:17.312,1.12052,1.12055,2.14,1.50
2017.11.30 01:22:17.856,1.12052,1.12055,3.26,1.00
2017.11.30 01:22:17.907,1.12052,1.12056,5.51,2.06
2017.11.30 01:22:18.449,1.12053,1.12056,2.14,1.87
2017.11.30 01:22:20.882,1.12054,1.12057,1.62,1.87
2017.11.30 01:22:21.437,1.12053,1.12057,3.64,2.06
2017.11.30 01:22:23.460,1.12054,1.12057,1.62,1.87
2017.11.30 01:22:26.190,1.12054,1.12057,1.39,1.87
2017.11.30 01:22:26.396,1.12057,1.12059,1.25,4.12
2017.11.30 01:22:26.603,1.12058,1.12061,3.26,1.00
2017.11.30 01:22:26.655,1.12059,1.12061,1.50,1.00
2017.11.30 01:22:26.959,1.12061,1.12064,1.76,1.00
2017.11.30 01:22:27.370,1.12063,1.12066,1.25,1.12
2017.11.30 01:22:27.475,1.12064,1.12068,2.44,6.56
2017.11.30 01:22:27.784,1.12064,1.12066,1.62,2.62
2017.11.30 01:22:28.096,1.12061,1.12064,1.66,3.75
2017.11.30 01:22:28.655,1.1206,1.12063,1.62,1.50
2017.11.30 01:22:29.999,1.1206,1.12063,1.62,2.25
2017.11.30 01:22:30.329,1.12061,1.12065,2.14,2.62
2017.11.30 01:22:30.842,1.1206,1.12064,2.51,1.50
2017.11.30 01:22:30.894,1.1206,1.12064,2.51,2.25
2017.11.30 01:22:31.406,1.1206,1.12063,1.66,1.00
2017.11.30 01:22:31.917,1.1206,1.12063,1.66,1.00
2017.11.30 01:22:33.293,1.12059,1.12062,1.62,2.62
2017.11.30 01:22:33.912,1.12059,1.12062,1.25,2.62
2017.11.30 01:22:35.520,1.12059,1.12061,1.31,1.00
2017.11.30 01:22:41.502,1.12059,1.1206,1.25,1.00
2017.11.30 01:22:42.032,1.12058,1.12059,1.25,1.00
2017.11.30 01:22:43.403,1.12058,1.1206,1.69,1.12
2017.11.30 01:22:43.947,1.12059,1.12061,1.31,1.12
2017.11.30 01:22:46.557,1.1206,1.12061,1.25,1.00
2017.11.30 01:22:48.525,1.1206,1.12062,1.25,1.12
2017.11.30 01:22:52.461,1.1206,1.12061,1.25,1.00
2017.11.30 01:22:58.951,1.12059,1.12061,1.69,1.00
2017.11.30 01:22:59.759,1.12059,1.1206,1.25,1.12
2017.11.30 01:22:59.811,1.12057,1.12058,1.31,1.50
2017.11.30 01:23:00.052,1.12056,1.12058,1.69,1.87
2017.11.30 01:23:00.105,1.12055,1.12056,1.25,1.00
2017.11.30 01:23:01.097,1.12054,1.12056,1.25,1.12
2017.11.30 01:23:03.351,1.12053,1.12056,2.44,2.62
2017.11.30 01:23:08.367,1.12055,1.12056,1.12,1.87
2017.11.30 01:23:14.174,1.12056,1.12057,1.00,4.12
2017.11.30 01:23:14.240,1.12057,1.12059,3.94,1.00
2017.11.30 01:23:14.293,1.12059,1.1206,1.25,1.00
2017.11.30 01:23:14.398,1.1206,1.12062,1.31,2.70
2017.11.30 01:23:15.083,1.12062,1.12064,6.07,1.00
2017.11.30 01:23:15.135,1.12063,1.12066,8.06,2.25
2017.11.30 01:23:15.187,1.12064,1.12066,3.26,1.50
2017.11.30 01:23:15.599,1.12063,1.12064,1.31,1.00
2017.11.30 01:23:15.939,1.12061,1.12063,1.76,1.00
2017.11.30 01:23:16.452,1.12062,1.12063,1.12,1.00
2017.11.30 01:23:17.015,1.12061,1.12063,2.89,1.00
2017.11.30 01:23:17.677,1.12062,1.12065,1.25,1.50
2017.11.30 01:23:17.729,1.12064,1.12067,1.25,3.53
2017.11.30 01:23:18.090,1.12065,1.12067,1.19,1.00
2017.11.30 01:23:18.631,1.12065,1.12068,1.31,3.37
2017.11.30 01:23:19.597,1.12065,1.12068,2.81,1.87
2017.11.30 01:23:20.194,1.12064,1.12068,4.01,3.37
2017.11.30 01:23:20.920,1.12066,1.12068,1.25,1.00
2017.11.30 01:23:23.522,1.12065,1.12067,1.12,1.20
2017.11.30 01:23:23.832,1.12063,1.12065,1.25,4.20
2017.11.30 01:23:26.345,1.12063,1.12066,3.94,1.00
2017.11.30 01:23:26.653,1.12065,1.12067,1.12,1.00
2017.11.30 01:23:27.064,1.12066,1.12069,1.87,3.19
2017.11.30 01:23:27.118,1.12067,1.12069,1.69,2.25
2017.11.30 01:23:27.222,1.12069,1.12073,3.94,1.12
2017.11.30 01:23:27.403,1.1207,1.12071,1.69,1.00
2017.11.30 01:23:27.456,1.12069,1.12071,1.12,1.87
2017.11.30 01:23:28.492,1.12069,1.12072,1.12,3.56
2017.11.30 01:23:29.302,1.12068,1.12072,5.06,3.56
2017.11.30 01:23:29.841,1.12068,1.12072,5.06,3.94
2017.11.30 01:23:30.504,1.12069,1.12071,1.12,1.12
2017.11.30 01:23:31.175,1.12068,1.12071,3.94,1.12
2017.11.30 01:23:31.547,1.12069,1.12071,2.81,1.12
2017.11.30 01:23:32.053,1.1207,1.12072,1.25,2.25
2017.11.30 01:23:32.571,1.12069,1.12071,2.06,1.12
2017.11.30 01:23:33.364,1.12069,1.1207,1.31,1.00
2017.11.30 01:23:33.911,1.12068,1.1207,1.69,1.00
2017.11.30 01:23:34.434,1.12068,1.12071,5.44,1.50
2017.11.30 01:23:34.641,1.12071,1.12075,4.31,2.25
2017.11.30 01:23:34.745,1.12072,1.12073,1.31,1.00
2017.11.30 01:23:35.002,1.12072,1.12075,2.06,1.50
2017.11.30 01:23:36.928,1.12073,1.12075,1.12,1.50
2017.11.30 01:23:38.484,1.12073,1.12074,1.31,1.00
2017.11.30 01:23:38.640,1.1207,1.12072,2.44,1.00
2017.11.30 01:23:38.745,1.12069,1.12071,1.31,1.00
2017.11.30 01:23:39.330,1.1207,1.12073,1.62,1.00
2017.11.30 01:23:39.846,1.1207,1.12073,1.62,1.00
2017.11.30 01:23:40.350,1.12071,1.12073,1.31,1.00
2017.11.30 01:23:41.052,1.12071,1.12073,1.62,1.00
2017.11.30 01:23:41.720,1.12071,1.12073,1.31,1.00
2017.11.30 01:23:44.053,1.1207,1.12072,1.62,1.00
2017.11.30 01:23:44.641,1.12069,1.12071,2.81,1.00
2017.11.30 01:23:45.205,1.12069,1.1207,1.25,1.00
2017.11.30 01:23:45.410,1.12069,1.12073,2.06,2.06
2017.11.30 01:23:45.669,1.1207,1.12072,1.62,1.87
2017.11.30 01:23:46.250,1.12071,1.12073,1.69,1.12
2017.11.30 01:23:46.792,1.12071,1.12073,2.06,1.00
2017.11.30 01:23:47.307,1.12071,1.12074,1.87,1.69
2017.11.30 01:23:49.698,1.12071,1.12074,2.25,1.69
2017.11.30 01:23:50.233,1.12072,1.12074,1.00,1.69
2017.11.30 01:23:53.752,1.12071,1.12074,1.00,1.69
2017.11.30 01:23:55.980,1.12071,1.12074,1.50,1.69
2017.11.30 01:23:56.511,1.12072,1.12074,1.50,1.12
2017.11.30 01:23:56.717,1.12072,1.12075,5.51,1.87
2017.11.30 01:23:59.542,1.12073,1.12076,2.14,1.50
2017.11.30 01:24:00.140,1.12073,1.12075,1.76,1.12
2017.11.30 01:24:02.252,1.12073,1.12076,2.51,1.12
2017.11.30 01:24:05.530,1.12076,1.12077,1.00,1.25
2017.11.30 01:24:08.303,1.12077,1.12079,1.00,18.56
2017.11.30 01:24:08.614,1.12076,1.12077,1.00,4.12
2017.11.30 01:24:09.128,1.12074,1.12077,2.89,2.62
2017.11.30 01:24:14.195,1.12074,1.12076,1.50,2.81
2017.11.30 01:24:14.721,1.12073,1.12075,1.57,1.62
2017.11.30 01:24:15.862,1.12073,1.12076,1.00,5.81
2017.11.30 01:24:16.632,1.12072,1.12076,2.70,5.81
2017.11.30 01:24:20.077,1.12073,1.12075,1.00,1.31
2017.11.30 01:24:20.673,1.12072,1.12075,2.32,3.94
2017.11.30 01:24:20.982,1.12068,1.12071,2.06,1.87
2017.11.30 01:24:21.036,1.12068,1.1207,1.95,1.00
2017.11.30 01:24:21.813,1.12069,1.12073,3.26,1.31
2017.11.30 01:24:22.359,1.12069,1.12072,1.95,1.31
2017.11.30 01:24:23.004,1.12068,1.12071,4.76,2.25
2017.11.30 01:24:23.556,1.12068,1.12071,3.26,5.25
2017.11.30 01:24:24.092,1.12066,1.1207,4.69,3.19
2017.11.30 01:24:24.300,1.12065,1.12068,2.32,1.19
2017.11.30 01:24:24.456,1.12067,1.12069,1.00,2.06
2017.11.30 01:24:27.060,1.12067,1.12069,1.39,1.12
2017.11.30 01:24:28.071,1.12068,1.12071,1.39,2.25
2017.11.30 01:24:28.586,1.12067,1.1207,1.64,1.12
2017.11.30 01:24:29.878,1.12067,1.12069,1.39,1.00
2017.11.30 01:24:31.141,1.12067,1.1207,3.26,1.50
2017.11.30 01:24:31.653,1.12068,1.12071,3.64,1.00
2017.11.30 01:24:32.394,1.12068,1.12071,1.76,2.62
2017.11.30 01:24:35.715,1.12067,1.1207,3.49,1.00
2017.11.30 01:24:36.258,1.12067,1.1207,2.74,1.00
2017.11.30 01:24:37.212,1.12067,1.12069,2.74,1.00
2017.11.30 01:24:37.728,1.12067,1.1207,3.26,1.00
2017.11.30 01:24:38.244,1.12066,1.12069,2.51,1.00
2017.11.30 01:24:38.794,1.12066,1.12069,2.51,1.00
2017.11.30 01:24:39.394,1.12066,1.12068,1.39,1.00
2017.11.30 01:24:40.674,1.12064,1.12067,5.89,1.00
2017.11.30 01:24:40.778,1.12063,1.12067,5.59,2.06
2017.11.30 01:24:41.330,1.12063,1.12067,1.95,3.56
2017.11.30 01:24:41.841,1.12062,1.12065,1.76,1.50
2017.11.30 01:24:42.398,1.12062,1.12065,4.09,1.00
2017.11.30 01:24:42.915,1.12062,1.12066,4.84,2.44
2017.11.30 01:24:43.595,1.12062,1.12066,2.14,2.06
2017.11.30 01:24:44.109,1.12062,1.12065,1.39,1.50
2017.11.30 01:24:44.622,1.12062,1.12066,1.76,3.56
2017.11.30 01:24:45.171,1.12062,1.12065,1.57,1.31
2017.11.30 01:24:45.431,1.12061,1.12064,1.39,1.50
2017.11.30 01:24:45.535,1.12059,1.12063,1.20,3.19
2017.11.30 01:24:46.063,1.12058,1.12062,1.12,3.19
2017.11.30 01:24:47.336,1.12058,1.12062,1.25,2.81
2017.11.30 01:24:47.493,1.12058,1.12061,1.25,6.37
2017.11.30 01:24:48.108,1.12056,1.12059,5.14,2.25
2017.11.30 01:24:48.264,1.12055,1.12058,2.44,3.37
2017.11.30 01:24:48.507,1.12056,1.12058,1.69,1.12
2017.11.30 01:24:48.768,1.12057,1.1206,1.69,1.10
2017.11.30 01:24:48.873,1.12058,1.12062,2.81,1.20
2017.11.30 01:24:49.386,1.12059,1.12063,1.39,2.81
2017.11.30 01:24:49.686,1.1206,1.12064,1.29,3.00
2017.11.30 01:24:49.996,1.12061,1.12065,1.76,2.81
2017.11.30 01:24:50.406,1.12062,1.12066,1.39,3.19
2017.11.30 01:24:50.954,1.12062,1.12066,1.39,3.19
2017.11.30 01:24:52.378,1.12062,1.12066,2.14,3.19
2017.11.30 01:24:54.354,1.12062,1.12066,2.14,3.19
2017.11.30 01:24:54.864,1.12062,1.12066,1.39,6.19
2017.11.30 01:24:55.368,1.12062,1.12066,2.14,5.81
2017.11.30 01:24:56.004,1.12062,1.12066,3.64,3.19
2017.11.30 01:24:56.162,1.12065,1.12069,4.01,1.25
2017.11.30 01:24:56.266,1.12067,1.12071,1.12,2.81
2017.11.30 01:24:56.816,1.12068,1.12071,1.01,1.50
2017.11.30 01:24:57.584,1.12068,1.12071,2.14,1.37
2017.11.30 01:25:00.794,1.12067,1.1207,5.51,1.12
2017.11.30 01:25:01.924,1.12069,1.1207,1.39,1.12
2017.11.30 01:25:02.277,1.1207,1.12073,2.18,3.75
2017.11.30 01:25:02.781,1.12069,1.12072,3.68,1.50
2017.11.30 01:25:03.259,1.12068,1.1207,4.39,1.12
2017.11.30 01:25:05.114,1.12067,1.1207,4.01,1.50
2017.11.30 01:25:07.948,1.12067,1.1207,2.32,3.19
2017.11.30 01:25:08.257,1.12065,1.12069,1.76,3.56
2017.11.30 01:25:08.845,1.12065,1.12067,1.76,1.12
2017.11.30 01:25:09.510,1.12066,1.12069,1.20,2.06
2017.11.30 01:25:11.309,1.12067,1.1207,2.70,1.31
2017.11.30 01:25:12.212,1.12068,1.12072,3.07,2.81
2017.11.30 01:25:12.266,1.1207,1.12073,1.00,2.06
2017.11.30 01:25:12.805,1.1207,1.12073,2.32,2.06
2017.11.30 01:25:13.323,1.12071,1.12075,1.76,2.81
2017.11.30 01:25:13.376,1.12072,1.12075,1.00,1.25
2017.11.30 01:25:13.891,1.12073,1.12076,1.39,1.37
2017.11.30 01:25:15.646,1.12072,1.12076,5.51,1.50
2017.11.30 01:25:18.132,1.12072,1.12074,1.57,1.00
2017.11.30 01:25:18.340,1.1207,1.12072,1.39,1.12
2017.11.30 01:25:18.443,1.12069,1.12071,2.14,1.12
2017.11.30 01:25:19.535,1.12068,1.12071,1.45,1.12
2017.11.30 01:25:20.048,1.12067,1.1207,6.64,1.12
2017.11.30 01:25:28.601,1.12067,1.1207,3.26,1.50
2017.11.30 01:25:29.626,1.12067,1.12069,1.00,1.12
2017.11.30 01:25:30.191,1.12067,1.12069,1.50,1.12
2017.11.30 01:25:30.758,1.12067,1.12069,1.00,1.12
2017.11.30 01:25:31.779,1.12066,1.12069,4.01,1.12
2017.11.30 01:25:32.324,1.12065,1.12068,5.14,1.12
2017.11.30 01:25:34.337,1.12065,1.12067,3.64,1.12
2017.11.30 01:25:35.008,1.12065,1.12068,2.89,1.50
2017.11.30 01:25:35.306,1.12067,1.1207,1.12,1.69
2017.11.30 01:25:35.514,1.12066,1.1207,6.64,3.19
2017.11.30 01:25:36.028,1.12066,1.12068,1.50,1.12
2017.11.30 01:25:36.688,1.12065,1.12068,2.89,1.12
2017.11.30 01:25:37.063,1.12065,1.12066,1.00,1.00
2017.11.30 01:25:37.576,1.12064,1.12067,1.00,2.06
2017.11.30 01:25:38.763,1.12065,1.12068,1.87,1.69
2017.11.30 01:25:39.183,1.12066,1.1207,2.32,2.44
2017.11.30 01:25:39.391,1.12068,1.12072,2.81,3.56
2017.11.30 01:25:39.927,1.12069,1.12073,1.50,3.56
2017.11.30 01:25:41.468,1.12069,1.12071,1.00,1.00
2017.11.30 01:25:42.441,1.1207,1.12073,1.12,1.62
2017.11.30 01:25:42.735,1.12071,1.12075,1.87,3.19
2017.11.30 01:25:43.247,1.12071,1.12075,3.45,2.06
2017.11.30 01:25:43.793,1.12072,1.12075,1.00,1.62
2017.11.30 01:25:44.776,1.12075,1.12078,1.12,6.26
2017.11.30 01:25:44.830,1.12075,1.12079,3.45,1.19
2017.11.30 01:25:44.883,1.12077,1.12078,1.00,1.25
2017.11.30 01:25:45.041,1.12075,1.12077,1.12,1.00
2017.11.30 01:25:45.145,1.12076,1.1208,1.20,2.81
2017.11.30 01:25:45.978,1.12077,1.1208,1.00,2.06
2017.11.30 01:25:47.114,1.12077,1.1208,2.02,1.25
2017.11.30 01:25:47.635,1.12078,1.12081,1.00,3.94
2017.11.30 01:25:48.169,1.12077,1.12081,1.95,4.31
2017.11.30 01:25:48.724,1.12076,1.1208,5.89,1.31
2017.11.30 01:25:50.299,1.12075,1.12079,6.68,1.25
2017.11.30 01:25:52.059,1.12077,1.1208,1.00,2.06
2017.11.30 01:25:52.846,1.12077,1.1208,2.25,1.25
2017.11.30 01:25:53.259,1.12081,1.12082,9.00,1.50
2017.11.30 01:25:53.365,1.12082,1.12085,1.57,3.19
2017.11.30 01:25:53.530,1.12083,1.12087,3.37,1.69
2017.11.30 01:25:53.582,1.12086,1.12088,8.51,1.00
2017.11.30 01:25:53.687,1.12084,1.12087,5.21,1.50
2017.11.30 01:25:54.351,1.12082,1.12085,3.64,1.00
2017.11.30 01:25:55.247,1.12083,1.12085,1.00,1.00
2017.11.30 01:25:57.026,1.12082,1.12086,3.64,2.06
2017.11.30 01:25:57.627,1.12082,1.12086,1.76,2.81
2017.11.30 01:25:58.161,1.12083,1.12086,1.10,1.25
2017.11.30 01:25:59.736,1.12083,1.12087,2.51,1.31
2017.11.30 01:26:00.045,1.12085,1.12088,1.50,1.25
2017.11.30 01:26:01.389,1.12084,1.12088,3.26,1.69
2017.11.30 01:26:01.755,1.12087,1.1209,1.65,1.69
2017.11.30 01:26:01.965,1.12086,1.1209,1.76,3.56
2017.11.30 01:26:02.323,1.12085,1.12089,1.25,3.19
2017.11.30 01:26:02.839,1.12084,1.12087,1.39,1.00
2017.11.30 01:26:03.403,1.12084,1.12088,1.76,2.06
2017.11.30 01:26:07.910,1.12086,1.12089,1.00,2.06
2017.11.30 01:26:08.240,1.12088,1.12091,1.20,1.31
2017.11.30 01:26:09.924,1.12089,1.12092,3.37,1.19
2017.11.30 01:26:10.134,1.1209,1.12094,1.00,3.19
2017.11.30 01:26:13.501,1.12091,1.12094,3.00,1.19
2017.11.30 01:26:14.015,1.12092,1.12095,1.00,3.94
2017.11.30 01:26:14.427,1.1209,1.12093,1.57,1.69
2017.11.30 01:26:14.818,1.12087,1.12091,3.07,1.56
2017.11.30 01:26:15.332,1.12086,1.1209,5.14,1.37
2017.11.30 01:26:15.573,1.12085,1.12089,2.44,1.37
2017.11.30 01:26:15.677,1.12084,1.12088,3.26,1.69
2017.11.30 01:26:18.870,1.12084,1.12088,2.44,1.69
2017.11.30 01:26:19.343,1.12087,1.12091,2.70,2.44
2017.11.30 01:26:19.860,1.12086,1.12089,5.14,1.37
2017.11.30 01:26:19.964,1.12088,1.12091,4.95,1.25
2017.11.30 01:26:21.059,1.12088,1.12091,2.89,1.50
2017.11.30 01:26:21.567,1.12088,1.12091,6.64,1.12
2017.11.30 01:26:22.162,1.12088,1.1209,1.39,2.12
2017.11.30 01:26:22.458,1.12089,1.12092,1.31,1.50
2017.11.30 01:26:22.972,1.12089,1.12092,1.31,1.50
2017.11.30 01:26:23.492,1.12088,1.12092,6.34,1.50
2017.11.30 01:26:24.363,1.12088,1.12089,1.39,1.00
2017.11.30 01:26:24.883,1.12088,1.12091,4.46,1.87
2017.11.30 01:26:25.502,1.12089,1.12092,2.14,1.54
2017.11.30 01:26:26.054,1.12089,1.12091,1.39,1.12
2017.11.30 01:26:26.833,1.12088,1.1209,4.01,1.00
2017.11.30 01:26:27.349,1.12088,1.12091,3.19,4.12
2017.11.30 01:26:28.789,1.12089,1.12092,1.39,1.12
2017.11.30 01:26:28.840,1.12089,1.12092,2.14,1.12
2017.11.30 01:26:29.311,1.12089,1.12091,1.25,1.12
2017.11.30 01:26:29.873,1.12089,1.12091,1.19,2.25
2017.11.30 01:26:30.888,1.12088,1.12091,4.39,2.25
2017.11.30 01:26:31.564,1.12088,1.12091,3.56,2.62
2017.11.30 01:26:31.991,1.12087,1.12089,6.26,1.00
2017.11.30 01:26:32.043,1.12088,1.12092,1.31,2.06
2017.11.30 01:26:32.096,1.12088,1.12092,2.14,3.19
2017.11.30 01:26:32.559,1.1209,1.12092,1.00,1.62
2017.11.30 01:26:33.132,1.12089,1.12092,1.00,1.69
2017.11.30 01:26:33.677,1.12089,1.12092,1.19,1.50
2017.11.30 01:26:34.218,1.1209,1.12093,1.31,1.37
2017.11.30 01:26:36.264,1.1209,1.12092,1.31,1.00
2017.11.30 01:26:37.231,1.1209,1.12092,2.06,1.00
2017.11.30 01:26:39.805,1.12091,1.12092,1.00,1.00
2017.11.30 01:26:44.462,1.12089,1.12091,1.57,2.25
2017.11.30 01:26:44.978,1.12088,1.1209,2.44,1.00
2017.11.30 01:26:45.487,1.12088,1.12091,4.31,1.50
2017.11.30 01:26:47.586,1.12088,1.1209,2.44,1.00
2017.11.30 01:26:48.672,1.12088,1.12091,3.56,1.00
2017.11.30 01:26:51.887,1.12089,1.12091,1.87,1.50
2017.11.30 01:26:53.075,1.12089,1.12091,1.25,1.50
2017.11.30 01:26:54.084,1.12089,1.12091,4.76,1.50
2017.11.30 01:26:54.597,1.1209,1.12092,2.81,1.00
2017.11.30 01:26:56.343,1.1209,1.12092,1.69,1.00
2017.11.30 01:26:58.949,1.1209,1.12093,2.06,1.00
2017.11.30 01:26:59.267,1.12089,1.12091,1.10,1.00
2017.11.30 01:26:59.370,1.12088,1.1209,1.25,2.25
2017.11.30 01:27:01.227,1.12088,1.1209,3.94,1.00
2017.11.30 01:27:01.704,1.12089,1.12092,3.19,1.00
2017.11.30 01:27:02.633,1.1209,1.12093,2.14,1.50
2017.11.30 01:27:07.077,1.1209,1.12093,6.35,1.00
2017.11.30 01:27:10.715,1.1209,1.12092,1.20,1.50
2017.11.30 01:27:10.870,1.12088,1.12091,3.15,2.81
2017.11.30 01:27:11.804,1.12088,1.12091,5.32,1.50
2017.11.30 01:27:13.058,1.12089,1.12092,1.12,1.95
2017.11.30 01:27:15.293,1.12089,1.12093,5.06,1.87
2017.11.30 01:27:15.474,1.12093,1.12095,1.95,1.39
2017.11.30 01:27:15.526,1.12091,1.12094,2.06,1.00
2017.11.30 01:27:16.041,1.12091,1.12095,3.64,1.69
2017.11.30 01:27:16.563,1.12092,1.12095,1.00,1.25
2017.11.30 01:27:22.401,1.12091,1.12094,3.19,1.12
2017.11.30 01:27:26.451,1.12093,1.12094,6.75,1.69
2017.11.30 01:27:26.959,1.12092,1.12094,2.70,1.00
2017.11.30 01:27:27.680,1.12091,1.12094,1.00,2.44
2017.11.30 01:27:28.258,1.1209,1.12093,4.01,1.00
2017.11.30 01:27:30.794,1.12091,1.12094,2.51,1.00
2017.11.30 01:27:31.810,1.1209,1.12093,4.39,1.00
2017.11.30 01:27:32.323,1.1209,1.12093,3.64,1.00
2017.11.30 01:27:34.017,1.12089,1.12091,1.20,1.00
2017.11.30 01:27:34.529,1.12087,1.12091,6.64,1.25
2017.11.30 01:27:35.224,1.12087,1.12091,6.34,1.25
2017.11.30 01:27:35.792,1.12087,1.12089,2.85,1.00
2017.11.30 01:27:36.334,1.12088,1.12089,1.12,1.12
2017.11.30 01:27:36.540,1.12088,1.1209,1.87,1.31
2017.11.30 01:27:37.065,1.12089,1.12091,1.12,1.00
2017.11.30 01:27:38.350,1.1209,1.12091,1.12,1.50
2017.11.30 01:27:38.869,1.12091,1.12092,1.12,1.50
2017.11.30 01:27:39.408,1.12092,1.12093,1.12,1.50
2017.11.30 01:27:39.917,1.12092,1.12093,1.12,1.00
2017.11.30 01:27:45.183,1.12091,1.12093,1.12,1.00
2017.11.30 01:27:45.697,1.1209,1.12092,1.50,1.00
2017.11.30 01:27:46.970,1.12091,1.12092,1.12,1.00
2017.11.30 01:27:50.218,1.1209,1.12092,1.12,1.50
2017.11.30 01:27:52.677,1.1209,1.12093,3.19,1.57
2017.11.30 01:27:52.883,1.12091,1.12094,3.56,1.10
2017.11.30 01:27:53.605,1.12093,1.12094,1.12,1.00
2017.11.30 01:27:54.931,1.12092,1.12093,1.12,1.12
2017.11.30 01:27:55.034,1.1209,1.12092,1.31,1.00
2017.11.30 01:27:55.680,1.12089,1.1209,1.31,1.00
2017.11.30 01:27:55.784,1.12086,1.12088,1.19,1.20
2017.11.30 01:27:55.940,1.12085,1.12087,1.31,1.20
2017.11.30 01:27:56.492,1.12083,1.12084,1.25,1.00
2017.11.30 01:27:56.650,1.12082,1.12083,1.00,1.20
2017.11.30 01:27:57.245,1.1208,1.12083,2.51,1.20
2017.11.30 01:27:58.964,1.12081,1.12085,1.25,5.89
2017.11.30 01:27:59.467,1.1208,1.12083,1.31,1.12
2017.11.30 01:27:59.996,1.1208,1.12083,2.06,1.20
2017.11.30 01:28:01.921,1.1208,1.12083,1.87,1.39
2017.11.30 01:28:02.470,1.12079,1.12082,2.44,1.00
2017.11.30 01:28:02.997,1.12079,1.12082,2.06,1.00
2017.11.30 01:28:04.277,1.12078,1.12082,5.81,1.87
2017.11.30 01:28:07.184,1.12078,1.12082,5.44,2.44
2017.11.30 01:28:07.722,1.12078,1.12081,3.94,1.00
2017.11.30 01:28:09.341,1.12078,1.12079,1.50,1.00
2017.11.30 01:28:09.393,1.12075,1.12079,1.39,1.12
2017.11.30 01:28:09.446,1.12074,1.12077,1.50,1.69
2017.11.30 01:28:09.755,1.12071,1.12075,4.69,1.76
2017.11.30 01:28:10.025,1.12071,1.12075,2.44,4.76
2017.11.30 01:28:10.563,1.12071,1.12075,2.44,2.51
2017.11.30 01:28:12.099,1.12071,1.12073,1.00,1.31
2017.11.30 01:28:12.253,1.12069,1.12073,6.56,3.26
2017.11.30 01:28:12.862,1.1207,1.12073,2.25,2.51
2017.11.30 01:28:15.210,1.12069,1.12073,4.12,2.14
2017.11.30 01:28:16.972,1.12069,1.12073,6.37,1.57
2017.11.30 01:28:18.872,1.12071,1.12074,1.20,1.32
2017.11.30 01:28:19.386,1.12071,1.12075,1.46,2.70
2017.11.30 01:28:20.135,1.12071,1.12075,1.27,2.89
2017.11.30 01:28:23.062,1.12071,1.12075,1.46,3.07
2017.11.30 01:28:23.643,1.12072,1.12075,1.69,1.10
2017.11.30 01:28:29.480,1.12074,1.12075,1.25,1.10
2017.11.30 01:28:29.533,1.12074,1.12078,2.06,2.89
2017.11.30 01:28:30.098,1.12074,1.12077,1.69,1.10
2017.11.30 01:28:30.614,1.12073,1.12077,2.89,3.82
2017.11.30 01:28:31.079,1.1207,1.12072,1.19,2.62
2017.11.30 01:28:31.235,1.1207,1.12073,2.06,1.10
2017.11.30 01:28:31.751,1.1207,1.12074,1.69,1.57
2017.11.30 01:28:32.287,1.1207,1.12074,1.69,1.57
2017.11.30 01:28:32.845,1.12069,1.12073,2.44,4.61
2017.11.30 01:28:33.099,1.12068,1.12072,3.94,1.76
2017.11.30 01:28:33.408,1.12069,1.12073,1.69,3.82
2017.11.30 01:28:34.374,1.12068,1.12071,1.69,1.10
2017.11.30 01:28:34.692,1.1207,1.12073,1.19,1.20
2017.11.30 01:28:35.160,1.12072,1.12075,1.25,2.32
2017.11.30 01:28:35.720,1.12072,1.12075,1.25,2.32
2017.11.30 01:28:36.298,1.12072,1.12075,1.25,2.32
2017.11.30 01:28:36.660,1.1207,1.12073,2.81,1.00
2017.11.30 01:28:37.375,1.12071,1.12073,1.62,1.00
2017.11.30 01:28:38.061,1.12071,1.12075,1.62,4.39
2017.11.30 01:28:38.605,1.12072,1.12075,1.31,1.10
2017.11.30 01:28:38.917,1.12073,1.12076,2.81,1.00
2017.11.30 01:28:39.606,1.12074,1.12077,1.62,2.32
2017.11.30 01:28:41.067,1.12075,1.12078,1.56,4.20
2017.11.30 01:28:42.977,1.12075,1.12078,2.06,1.20
2017.11.30 01:28:43.492,1.12074,1.12077,1.62,3.07
2017.11.30 01:28:44.006,1.12073,1.12076,2.06,1.20
2017.11.30 01:28:54.141,1.12073,1.12076,2.81,1.20
2017.11.30 01:28:54.653,1.12074,1.12076,1.12,1.20
2017.11.30 01:28:55.641,1.12073,1.12076,1.12,2.51
2017.11.30 01:28:56.155,1.12072,1.12076,3.19,2.32
2017.11.30 01:28:58.176,1.12073,1.12076,1.37,1.25
2017.11.30 01:29:00.286,1.12074,1.12077,1.87,1.76
2017.11.30 01:29:00.808,1.12075,1.12078,1.12,5.14
2017.11.30 01:29:01.321,1.12076,1.12078,1.12,1.00
2017.11.30 01:29:01.629,1.12078,1.1208,1.12,2.81
2017.11.30 01:29:01.980,1.12076,1.12078,1.50,2.44
2017.11.30 01:29:02.456,1.12074,1.12076,1.12,1.00
2017.11.30 01:29:03.018,1.12073,1.12076,2.62,1.69
2017.11.30 01:29:03.552,1.12072,1.12075,3.00,1.25
2017.11.30 01:29:05.110,1.12071,1.12072,1.12,1.00
2017.11.30 01:29:05.316,1.12068,1.12072,1.87,3.94
2017.11.30 01:29:06.622,1.12069,1.12072,2.06,1.00
2017.11.30 01:29:07.146,1.12069,1.12073,2.81,2.44
2017.11.30 01:29:08.014,1.12069,1.12073,3.56,1.69
2017.11.30 01:29:08.524,1.12069,1.12073,3.56,1.50
2017.11.30 01:29:11.206,1.12069,1.12073,2.81,2.81
2017.11.30 01:29:11.713,1.1207,1.12074,4.69,2.44
2017.11.30 01:29:12.236,1.1207,1.12074,4.69,2.44
2017.11.30 01:29:12.288,1.12069,1.12072,1.20,1.25
2017.11.30 01:29:12.340,1.12068,1.12071,1.69,1.12
2017.11.30 01:29:12.392,1.12068,1.12071,1.00,1.69
2017.11.30 01:29:12.444,1.12067,1.12071,2.62,3.19
2017.11.30 01:29:12.548,1.12067,1.1207,2.25,1.25
2017.11.30 01:29:12.908,1.12068,1.12071,1.37,1.25
2017.11.30 01:29:14.031,1.12068,1.12071,1.37,1.25
2017.11.30 01:29:14.543,1.12068,1.12071,1.69,1.00
2017.11.30 01:29:15.091,1.12067,1.12071,3.56,5.06
2017.11.30 01:29:15.451,1.12066,1.1207,4.69,3.75
2017.11.30 01:29:16.059,1.12066,1.12069,1.56,3.00
2017.11.30 01:29:16.111,1.12064,1.12067,1.05,11.25
2017.11.30 01:29:16.163,1.12065,1.12067,1.25,1.50
2017.11.30 01:29:17.478,1.1206,1.12063,1.25,1.50
2017.11.30 01:29:17.531,1.1206,1.12063,1.62,1.50
2017.11.30 01:29:18.049,1.1206,1.12064,3.56,1.12
2017.11.30 01:29:18.732,1.12062,1.12065,3.56,1.20
2017.11.30 01:29:18.836,1.12063,1.12067,2.62,4.01
2017.11.30 01:29:19.160,1.12065,1.12068,4.31,1.10
2017.11.30 01:29:19.676,1.12065,1.12069,1.69,1.12
2017.11.30 01:29:20.286,1.12064,1.12068,4.01,1.00
2017.11.30 01:29:20.598,1.12062,1.12066,2.44,4.87
2017.11.30 01:29:20.911,1.12062,1.12064,1.12,1.87
2017.11.30 01:29:21.162,1.12062,1.12065,2.06,1.95
2017.11.30 01:29:21.214,1.12065,1.12067,2.25,1.12
2017.11.30 01:29:21.730,1.12065,1.12068,1.31,1.50
2017.11.30 01:29:22.246,1.12065,1.12069,2.81,1.12
2017.11.30 01:29:22.827,1.12065,1.12068,1.50,1.31
2017.11.30 01:29:23.512,1.12064,1.12066,1.00,1.12
2017.11.30 01:29:23.823,1.12062,1.12066,2.89,1.00
2017.11.30 01:29:24.336,1.12061,1.12065,5.51,1.00
2017.11.30 01:29:24.848,1.1206,1.12064,4.31,1.31
2017.11.30 01:29:25.206,1.12063,1.12065,1.00,1.95
2017.11.30 01:29:25.716,1.12062,1.12066,1.31,2.44
2017.11.30 01:29:26.235,1.12062,1.12066,2.81,1.00
2017.11.30 01:29:26.780,1.12063,1.12067,1.25,2.81
2017.11.30 01:29:27.324,1.12062,1.12064,2.44,1.00
2017.11.30 01:29:27.685,1.12063,1.12065,2.62,1.25
2017.11.30 01:29:27.737,1.12066,1.12068,1.00,3.45
2017.11.30 01:29:27.893,1.12063,1.12067,1.31,1.31
2017.11.30 01:29:27.997,1.12061,1.12062,2.89,1.00
2017.11.30 01:29:28.100,1.1206,1.12062,1.31,1.87
2017.11.30 01:29:28.650,1.1206,1.12063,2.06,1.12
2017.11.30 01:29:29.921,1.12061,1.12063,1.00,1.10
2017.11.30 01:29:30.126,1.12063,1.12064,1.00,6.56
2017.11.30 01:29:30.177,1.12061,1.12063,3.00,4.50
2017.11.30 01:29:30.698,1.12062,1.12063,1.00,4.60
2017.11.30 01:29:31.326,1.12061,1.12063,3.00,4.60
2017.11.30 01:29:31.925,1.12062,1.12063,1.00,5.35
2017.11.30 01:29:32.549,1.12061,1.12062,2.25,1.12
2017.11.30 01:29:33.234,1.12059,1.12063,1.00,5.92
2017.11.30 01:29:33.921,1.1206,1.12063,1.00,5.17
2017.11.30 01:29:34.545,1.12061,1.12063,1.00,5.17
2017.11.30 01:29:35.067,1.12061,1.12062,4.50,1.12
2017.11.30 01:29:35.731,1.12061,1.12062,3.37,1.12
2017.11.30 01:29:44.698,1.12062,1.12063,1.00,1.87
2017.11.30 01:29:46.800,1.12063,1.12064,1.00,1.12
2017.11.30 01:29:46.986,1.12064,1.12066,1.00,4.69
2017.11.30 01:29:47.040,1.12063,1.12066,1.87,1.69
2017.11.30 01:29:47.249,1.12061,1.12065,3.64,2.62
2017.11.30 01:29:48.094,1.12063,1.12064,1.00,1.12
2017.11.30 01:29:48.867,1.12063,1.12065,1.50,3.22
2017.11.30 01:29:49.384,1.12063,1.12065,1.00,3.00
2017.11.30 01:29:49.905,1.12063,1.12064,1.12,1.12
2017.11.30 01:29:50.438,1.12064,1.12065,1.00,1.12
2017.11.30 01:29:51.548,1.12064,1.12066,2.06,1.12
2017.11.30 01:29:51.906,1.12063,1.12066,3.56,2.62
2017.11.30 01:29:52.585,1.12063,1.12065,3.19,1.35
2017.11.30 01:29:53.231,1.12063,1.12065,1.31,2.85
2017.11.30 01:29:54.004,1.12062,1.12065,1.31,1.00
2017.11.30 01:29:55.109,1.12061,1.12065,3.26,1.50
2017.11.30 01:29:56.441,1.12063,1.12065,1.25,1.50
2017.11.30 01:29:57.260,1.12061,1.12065,3.19,2.70
2017.11.30 01:29:57.313,1.12061,1.12064,1.25,1.12
2017.11.30 01:29:57.365,1.12063,1.12065,1.00,3.64
2017.11.30 01:29:57.469,1.12061,1.12065,1.69,5.14
2017.11.30 01:29:58.077,1.12061,1.12064,1.25,3.82
2017.11.30 01:29:58.387,1.12063,1.12064,1.87,1.57
2017.11.30 01:30:00.444,1.12062,1.12066,3.94,3.45
2017.11.30 01:30:01.683,1.12063,1.12067,3.94,2.81
2017.11.30 01:30:01.987,1.12065,1.12066,1.00,1.12
2017.11.30 01:30:03.105,1.12064,1.12066,1.31,1.12
2017.11.30 01:30:03.208,1.12063,1.12065,1.31,1.12
2017.11.30 01:30:03.722,1.12061,1.12064,6.94,1.12
2017.11.30 01:30:04.223,1.12061,1.12065,4.69,6.24
2017.11.30 01:30:05.914,1.12061,1.12063,1.25,1.12
2017.11.30 01:30:06.335,1.1206,1.12061,1.00,1.12
2017.11.30 01:30:08.245,1.12059,1.12062,2.81,1.12
2017.11.30 01:30:10.123,1.12059,1.12061,1.25,1.12
2017.11.30 01:30:10.723,1.1206,1.12063,2.81,2.70
2017.11.30 01:30:11.128,1.1206,1.12063,3.19,1.50
2017.11.30 01:30:11.652,1.12059,1.12062,2.14,2.62
2017.11.30 01:30:11.754,1.12058,1.12061,4.31,1.12
2017.11.30 01:30:13.363,1.12059,1.12061,6.94,1.00
2017.11.30 01:30:13.888,1.1206,1.12062,2.44,1.87
2017.11.30 01:30:14.906,1.12061,1.12063,1.00,1.87
2017.11.30 01:30:15.060,1.12061,1.12063,3.75,1.50
2017.11.30 01:30:15.750,1.12061,1.12063,4.69,1.87
2017.11.30 01:30:16.264,1.12059,1.12063,6.64,1.12
2017.11.30 01:30:16.801,1.12058,1.12061,2.06,1.50
2017.11.30 01:30:17.362,1.12058,1.1206,2.06,1.00
2017.11.30 01:30:18.011,1.12059,1.12061,1.25,1.50
2017.11.30 01:30:18.524,1.1206,1.12061,2.44,1.00
2017.11.30 01:30:18.845,1.12062,1.12064,1.12,1.69
2017.11.30 01:30:19.362,1.12062,1.12064,1.00,2.32
2017.11.30 01:30:19.887,1.12062,1.12064,2.81,1.00
2017.11.30 01:30:20.754,1.12062,1.12063,3.94,1.12
2017.11.30 01:30:22.308,1.12061,1.12064,5.81,1.87
2017.11.30 01:30:23.810,1.12061,1.12063,1.62,1.12
2017.11.30 01:30:24.342,1.12062,1.12064,3.56,1.00
2017.11.30 01:30:24.549,1.12063,1.12066,1.69,1.87
2017.11.30 01:30:25.102,1.12063,1.12066,4.69,1.12
2017.11.30 01:30:25.607,1.12067,1.12068,2.25,1.50
2017.11.30 01:30:25.660,1.12067,1.12069,2.25,1.31
2017.11.30 01:30:25.712,1.12066,1.12067,1.12,1.00
2017.11.30 01:30:26.173,1.12066,1.12069,1.25,2.32
2017.11.30 01:30:27.239,1.12066,1.12068,3.19,1.00
2017.11.30 01:30:27.292,1.12067,1.1207,2.44,1.12
2017.11.30 01:30:27.601,1.12066,1.12068,3.75,1.00
2017.11.30 01:30:28.216,1.12065,1.12068,5.06,1.00
2017.11.30 01:30:30.512,1.12065,1.12067,4.69,1.00
2017.11.30 01:30:32.656,1.12065,1.12066,3.94,1.00
2017.11.30 01:30:33.169,1.12064,1.12066,3.56,1.00
2017.11.30 01:30:34.738,1.12064,1.12067,5.44,1.11
2017.11.30 01:30:35.065,1.12067,1.12069,2.81,1.00
2017.11.30 01:30:35.378,1.12064,1.12067,1.76,1.00
2017.11.30 01:30:35.430,1.12063,1.12066,2.89,1.12
2017.11.30 01:30:35.636,1.12061,1.12065,7.01,1.87
2017.11.30 01:30:37.287,1.12063,1.12066,3.56,1.95
2017.11.30 01:30:37.799,1.12063,1.12066,3.56,1.87
2017.11.30 01:30:40.300,1.12061,1.12063,3.56,9.07
2017.11.30 01:30:40.405,1.12056,1.12058,1.87,1.12
2017.11.30 01:30:40.459,1.12054,1.12058,2.06,3.37
2017.11.30 01:30:41.810,1.12057,1.12059,1.00,1.10
2017.11.30 01:30:42.344,1.12057,1.1206,2.81,1.10
2017.11.30 01:30:43.845,1.12058,1.12059,2.44,1.00
2017.11.30 01:30:44.364,1.12057,1.1206,2.44,1.20
2017.11.30 01:30:44.876,1.12058,1.12061,1.31,1.10
2017.11.30 01:30:45.426,1.12059,1.12061,2.25,1.20
2017.11.30 01:30:45.961,1.12058,1.12061,1.31,2.70
2017.11.30 01:30:48.928,1.12058,1.12061,1.25,1.95
2017.11.30 01:30:49.535,1.12058,1.1206,1.25,1.10
2017.11.30 01:30:57.326,1.12057,1.12058,4.69,1.00
2017.11.30 01:30:57.636,1.12054,1.12056,3.19,1.00
2017.11.30 01:30:59.099,1.12053,1.12055,5.06,1.00
2017.11.30 01:30:59.795,1.12053,1.12055,4.31,1.00
2017.11.30 01:31:01.861,1.12053,1.12055,3.56,1.00
2017.11.30 01:31:02.376,1.12055,1.12056,1.00,1.00
2017.11.30 01:31:03.888,1.12054,1.12056,1.31,1.00
2017.11.30 01:31:04.441,1.12053,1.12056,3.56,1.00
2017.11.30 01:31:04.974,1.12053,1.12055,2.06,1.00
2017.11.30 01:31:07.352,1.12053,1.12055,1.31,1.00
2017.11.30 01:31:08.567,1.12052,1.12054,1.69,1.00
2017.11.30 01:31:10.881,1.12051,1.12054,6.19,1.00
2017.11.30 01:31:12.688,1.12054,1.12055,1.00,1.12
2017.11.30 01:31:12.823,1.12053,1.12055,1.25,1.95
2017.11.30 01:31:13.032,1.12052,1.12054,1.50,1.00
2017.11.30 01:31:13.612,1.12052,1.12053,1.50,1.00
2017.11.30 01:31:16.055,1.12051,1.12053,2.06,1.00
2017.11.30 01:31:19.380,1.12051,1.12052,1.25,1.00
2017.11.30 01:31:19.891,1.1205,1.12051,1.25,1.00
2017.11.30 01:31:21.874,1.1205,1.12052,3.19,1.87
2017.11.30 01:31:23.397,1.1205,1.12052,5.25,1.00
2017.11.30 01:31:24.953,1.1205,1.12052,3.37,1.00
2017.11.30 01:31:26.667,1.1205,1.12051,4.50,1.00
2017.11.30 01:31:27.187,1.12049,1.1205,1.25,1.00
2017.11.30 01:31:28.841,1.1205,1.12051,1.00,1.00
2017.11.30 01:31:29.355,1.12049,1.12051,1.50,1.00
2017.11.30 01:31:29.882,1.12048,1.1205,3.19,1.00
2017.11.30 01:31:30.429,1.12047,1.12049,3.00,1.00
2017.11.30 01:31:31.000,1.12046,1.12048,2.62,1.00
2017.11.30 01:31:31.871,1.12046,1.12048,3.75,1.00
2017.11.30 01:31:31.923,1.12047,1.12049,1.00,1.01
2017.11.30 01:31:31.975,1.12045,1.12047,6.19,1.00
2017.11.30 01:31:32.259,1.12043,1.12044,1.50,1.00
2017.11.30 01:31:32.803,1.12042,1.12045,6.00,1.25
2017.11.30 01:31:33.335,1.12043,1.12045,1.57,2.31
2017.11.30 01:31:33.972,1.12044,1.12045,1.31,1.00
