2016.07.28 13:00:00.058,1.04854,1.04857,2.92,1.00
2016.07.28 13:00:00.109,1.04855,1.04857,1.00,1.00
2016.07.28 13:00:00.161,1.04855,1.04859,1.35,1.29
2016.07.28 13:00:00.250,1.04856,1.0486,1.10,2.81
2016.07.28 13:00:00.301,1.04856,1.0486,1.10,1.69
2016.07.28 13:00:00.352,1.04856,1.04859,1.05,1.19
2016.07.28 13:00:00.557,1.04857,1.04859,1.10,1.19
2016.07.28 13:00:00.608,1.04856,1.04859,3.75,1.19
2016.07.28 13:00:01.047,1.04856,1.04858,3.75,1.25
2016.07.28 13:00:01.151,1.04856,1.04859,3.75,1.19
2016.07.28 13:00:01.202,1.04856,1.04859,3.73,1.19
2016.07.28 13:00:01.558,1.04856,1.0486,3.73,1.25
2016.07.28 13:00:01.663,1.04856,1.0486,4.48,1.25
2016.07.28 13:00:01.714,1.04856,1.0486,2.98,1.25
2016.07.28 13:00:01.765,1.04856,1.04859,3.73,1.00
2016.07.28 13:00:02.050,1.04856,1.04859,2.23,1.00
2016.07.28 13:00:02.356,1.04856,1.04858,2.23,1.00
2016.07.28 13:00:02.460,1.04856,1.04858,1.10,1.50
2016.07.28 13:00:03.529,1.04855,1.04858,1.87,1.50
2016.07.28 13:00:03.580,1.04855,1.04858,1.87,2.25
2016.07.28 13:00:03.631,1.04855,1.04857,1.87,1.00
2016.07.28 13:00:03.683,1.04855,1.04857,1.50,1.50
2016.07.28 13:00:03.785,1.04855,1.04856,1.00,1.50
2016.07.28 13:00:03.836,1.04853,1.04855,1.57,1.50
2016.07.28 13:00:03.887,1.04853,1.04855,1.00,1.50
2016.07.28 13:00:03.938,1.04852,1.04855,2.32,2.25
2016.07.28 13:00:03.989,1.04852,1.04855,1.50,2.32
2016.07.28 13:00:04.040,1.04851,1.04855,1.00,2.32
2016.07.28 13:00:04.091,1.04851,1.04855,1.00,2.62
2016.07.28 13:00:04.142,1.04851,1.04854,1.00,1.10
2016.07.28 13:00:04.548,1.04851,1.04854,1.00,1.57
2016.07.28 13:00:04.599,1.04851,1.04852,1.00,1.00
2016.07.28 13:00:04.650,1.0485,1.04851,1.87,1.00
2016.07.28 13:00:04.701,1.04849,1.0485,3.82,1.00
2016.07.28 13:00:04.752,1.04849,1.0485,1.00,1.00
2016.07.28 13:00:04.854,1.04847,1.04849,1.00,2.25
2016.07.28 13:00:04.905,1.04847,1.04849,1.00,2.32
2016.07.28 13:00:04.956,1.04845,1.04848,1.50,1.00
2016.07.28 13:00:05.076,1.04845,1.04848,1.00,4.79
2016.07.28 13:00:05.128,1.04845,1.04846,1.00,1.00
2016.07.28 13:00:05.181,1.04843,1.04845,2.62,1.00
2016.07.28 13:00:05.233,1.04843,1.04844,2.25,1.00
2016.07.28 13:00:05.284,1.04842,1.04844,1.50,1.00
2016.07.28 13:00:05.336,1.04841,1.04844,1.87,1.00
2016.07.28 13:00:05.388,1.04841,1.04844,1.50,1.00
2016.07.28 13:00:05.440,1.04843,1.04845,1.00,2.32
2016.07.28 13:00:05.716,1.04843,1.04844,1.50,1.00
2016.07.28 13:00:05.767,1.04843,1.04845,1.00,1.50
2016.07.28 13:00:05.869,1.04843,1.04845,1.50,1.50
2016.07.28 13:00:05.971,1.04844,1.04845,1.00,1.50
2016.07.28 13:00:06.072,1.04841,1.04842,2.32,2.85
2016.07.28 13:00:06.123,1.04841,1.04842,1.95,2.10
2016.07.28 13:00:06.174,1.0484,1.04841,1.05,2.54
2016.07.28 13:00:06.225,1.0484,1.04842,1.00,4.04
2016.07.28 13:00:06.276,1.04836,1.04841,4.57,1.64
2016.07.28 13:00:06.327,1.04836,1.0484,4.50,1.01
2016.07.28 13:00:06.442,1.04838,1.0484,1.00,1.12
2016.07.28 13:00:06.493,1.04838,1.0484,1.00,2.25
2016.07.28 13:00:06.547,1.04838,1.04839,1.00,1.10
2016.07.28 13:00:06.650,1.04838,1.0484,1.00,3.11
2016.07.28 13:00:06.701,1.04838,1.0484,1.50,1.39
2016.07.28 13:00:06.752,1.04838,1.04841,1.00,3.75
2016.07.28 13:00:06.803,1.04838,1.0484,1.00,1.12
2016.07.28 13:00:06.854,1.04838,1.0484,1.00,1.50
2016.07.28 13:00:06.905,1.04838,1.0484,2.50,1.12
2016.07.28 13:00:06.957,1.04841,1.04843,1.00,1.57
2016.07.28 13:00:07.083,1.04839,1.04844,1.00,3.00
2016.07.28 13:00:07.411,1.04838,1.04844,3.07,3.00
2016.07.28 13:00:07.462,1.04839,1.04844,1.00,3.00
2016.07.28 13:00:07.564,1.04839,1.04844,1.50,2.25
2016.07.28 13:00:07.615,1.04839,1.04842,1.50,1.00
2016.07.28 13:00:07.666,1.04839,1.04842,1.00,2.85
2016.07.28 13:00:07.716,1.04839,1.04842,1.00,2.92
2016.07.28 13:00:07.767,1.04836,1.04842,3.37,6.67
2016.07.28 13:00:07.818,1.04836,1.04841,2.62,1.00
2016.07.28 13:00:07.869,1.04836,1.0484,1.20,3.60
2016.07.28 13:00:07.963,1.04836,1.0484,1.00,3.86
2016.07.28 13:00:08.015,1.04836,1.04839,1.00,1.12
2016.07.28 13:00:08.066,1.04833,1.04839,1.57,2.44
2016.07.28 13:00:08.170,1.04835,1.04838,1.00,1.20
2016.07.28 13:00:08.222,1.04836,1.04838,1.00,1.10
2016.07.28 13:00:08.274,1.04836,1.04841,1.50,3.19
2016.07.28 13:00:08.325,1.04837,1.0484,1.00,1.10
2016.07.28 13:00:08.376,1.04837,1.04842,1.50,3.75
2016.07.28 13:00:08.427,1.04837,1.04842,1.00,3.37
2016.07.28 13:00:08.478,1.04837,1.04842,2.25,1.50
2016.07.28 13:00:08.530,1.04837,1.04842,2.32,1.10
2016.07.28 13:00:08.580,1.04838,1.04841,1.00,1.00
2016.07.28 13:00:08.632,1.04838,1.04841,1.10,1.00
2016.07.28 13:00:08.683,1.04837,1.04842,2.25,2.85
2016.07.28 13:00:08.734,1.04837,1.04842,1.87,3.41
2016.07.28 13:00:08.784,1.04836,1.04841,5.25,1.00
2016.07.28 13:00:08.836,1.04836,1.04841,4.87,1.00
2016.07.28 13:00:08.886,1.04836,1.04842,3.37,5.74
2016.07.28 13:00:09.175,1.04837,1.04842,1.10,5.74
2016.07.28 13:00:09.226,1.04837,1.04842,1.10,4.24
2016.07.28 13:00:09.278,1.04837,1.04842,1.10,4.99
2016.07.28 13:00:09.388,1.04836,1.04841,2.62,1.00
2016.07.28 13:00:09.490,1.04836,1.04841,1.87,1.00
2016.07.28 13:00:09.592,1.04836,1.04842,1.87,6.49
2016.07.28 13:00:09.694,1.04837,1.04842,1.57,6.49
2016.07.28 13:00:09.796,1.04836,1.04842,1.87,6.49
2016.07.28 13:00:09.847,1.04836,1.0484,1.12,1.00
2016.07.28 13:00:09.921,1.04837,1.0484,1.10,1.19
2016.07.28 13:00:09.973,1.04834,1.04839,13.87,1.54
2016.07.28 13:00:10.024,1.04834,1.04839,12.00,1.54
2016.07.28 13:00:10.076,1.04835,1.04838,1.00,1.00
2016.07.28 13:00:10.279,1.04833,1.04837,3.82,1.00
2016.07.28 13:00:10.381,1.04833,1.04837,1.10,1.00
2016.07.28 13:00:10.483,1.04833,1.04837,2.32,1.50
2016.07.28 13:00:10.865,1.04833,1.04837,1.57,1.50
2016.07.28 13:00:10.967,1.04833,1.04837,1.57,2.50
2016.07.28 13:00:11.018,1.04833,1.04837,1.57,3.10
2016.07.28 13:00:11.069,1.04833,1.04836,1.10,1.00
2016.07.28 13:00:11.594,1.04832,1.04836,1.10,1.00
2016.07.28 13:00:11.977,1.04832,1.04836,1.10,1.50
2016.07.28 13:00:12.245,1.04832,1.04836,1.10,1.00
2016.07.28 13:00:12.499,1.04832,1.04836,1.57,1.00
2016.07.28 13:00:13.198,1.04833,1.04836,1.00,1.00
2016.07.28 13:00:14.302,1.04832,1.04836,1.72,1.00
2016.07.28 13:00:14.690,1.04832,1.04836,2.47,1.00
2016.07.28 13:00:15.382,1.04832,1.04836,1.72,1.00
2016.07.28 13:00:15.899,1.04832,1.04836,1.30,1.00
2016.07.28 13:00:16.001,1.04832,1.04836,1.50,1.00
2016.07.28 13:00:16.103,1.04831,1.04836,4.12,1.00
2016.07.28 13:00:16.176,1.04831,1.04836,3.37,1.00
2016.07.28 13:00:16.278,1.04832,1.04836,1.50,1.33
2016.07.28 13:00:16.380,1.04831,1.04836,4.12,1.00
2016.07.28 13:00:16.431,1.04832,1.04836,1.50,1.00
2016.07.28 13:00:16.482,1.04832,1.04836,2.25,1.00
2016.07.28 13:00:16.584,1.04832,1.04837,2.25,1.50
2016.07.28 13:00:16.685,1.04833,1.04837,1.12,1.00
2016.07.28 13:00:16.960,1.04833,1.04838,1.12,1.87
2016.07.28 13:00:17.011,1.04833,1.04838,3.41,1.87
2016.07.28 13:00:17.113,1.04834,1.04838,7.42,1.50
2016.07.28 13:00:17.164,1.04834,1.04838,7.42,1.00
2016.07.28 13:00:17.215,1.04835,1.0484,1.12,5.06
2016.07.28 13:00:17.266,1.04835,1.0484,1.12,4.69
2016.07.28 13:00:17.318,1.04835,1.0484,1.50,3.19
2016.07.28 13:00:18.223,1.04835,1.0484,1.50,5.29
2016.07.28 13:00:18.274,1.04835,1.04838,1.50,1.54
2016.07.28 13:00:18.325,1.04835,1.04838,1.12,3.04
2016.07.28 13:00:18.377,1.04834,1.04836,2.25,1.00
2016.07.28 13:00:18.428,1.04833,1.04836,1.57,1.50
2016.07.28 13:00:18.479,1.04831,1.04834,2.25,1.00
2016.07.28 13:00:18.530,1.04831,1.04834,1.12,1.00
2016.07.28 13:00:18.582,1.04828,1.04833,6.37,1.50
2016.07.28 13:00:18.633,1.04828,1.04833,5.25,1.50
2016.07.28 13:00:18.684,1.04828,1.04833,3.75,1.50
2016.07.28 13:00:18.786,1.04828,1.04833,3.75,1.00
2016.07.28 13:00:18.906,1.04829,1.04833,1.12,1.00
2016.07.28 13:00:19.008,1.04828,1.04833,3.75,1.00
2016.07.28 13:00:19.170,1.04828,1.04833,3.75,1.50
2016.07.28 13:00:19.222,1.04828,1.04833,2.25,2.25
2016.07.28 13:00:19.323,1.04828,1.04833,1.50,2.25
2016.07.28 13:00:19.374,1.04829,1.04833,1.12,1.00
2016.07.28 13:00:19.425,1.04829,1.04833,2.25,1.00
2016.07.28 13:00:19.476,1.04829,1.04833,3.60,1.00
2016.07.28 13:00:19.527,1.04829,1.04834,3.60,1.31
2016.07.28 13:00:19.578,1.0483,1.04834,1.10,1.31
2016.07.28 13:00:19.629,1.0483,1.04834,1.57,1.31
2016.07.28 13:00:19.743,1.0483,1.04834,1.87,1.31
2016.07.28 13:00:19.794,1.0483,1.04834,1.12,1.31
2016.07.28 13:00:20.000,1.0483,1.04834,1.87,1.31
2016.07.28 13:00:20.051,1.0483,1.04834,1.87,1.25
2016.07.28 13:00:20.698,1.0483,1.04834,1.87,1.00
2016.07.28 13:00:20.932,1.0483,1.04834,2.25,1.00
2016.07.28 13:00:21.287,1.0483,1.04834,1.87,1.00
2016.07.28 13:00:21.728,1.04831,1.04834,1.10,1.00
2016.07.28 13:00:21.779,1.04831,1.04834,3.67,1.00
2016.07.28 13:00:21.830,1.04832,1.04836,1.00,1.10
2016.07.28 13:00:21.881,1.04832,1.04836,1.50,1.10
2016.07.28 13:00:21.932,1.04832,1.04837,1.95,2.51
2016.07.28 13:00:21.983,1.04832,1.04837,1.95,1.76
2016.07.28 13:00:22.034,1.04832,1.04837,2.25,1.69
2016.07.28 13:00:22.136,1.04832,1.04837,2.25,1.31
2016.07.28 13:00:22.412,1.04833,1.04838,1.10,4.39
2016.07.28 13:00:22.616,1.04833,1.04838,1.10,3.64
2016.07.28 13:00:23.402,1.04833,1.04838,1.10,2.89
2016.07.28 13:00:23.792,1.04833,1.04838,1.10,3.64
2016.07.28 13:00:23.894,1.04833,1.04838,1.10,2.89
2016.07.28 13:00:24.339,1.04833,1.04838,1.10,4.39
2016.07.28 13:00:25.664,1.04833,1.04838,1.10,3.64
2016.07.28 13:00:25.715,1.04833,1.04838,1.57,2.89
2016.07.28 13:00:25.766,1.04833,1.04838,1.57,1.39
2016.07.28 13:00:25.817,1.04833,1.04838,1.57,1.01
2016.07.28 13:00:26.071,1.04834,1.04838,1.00,1.01
2016.07.28 13:00:26.122,1.04834,1.04838,2.62,1.01
2016.07.28 13:00:26.224,1.04835,1.04838,1.00,1.25
2016.07.28 13:00:26.283,1.04834,1.04838,1.95,1.25
2016.07.28 13:00:26.436,1.04834,1.04839,1.95,1.76
2016.07.28 13:00:26.663,1.04834,1.04839,1.20,2.51
2016.07.28 13:00:26.867,1.04834,1.04839,1.20,3.26
2016.07.28 13:00:27.022,1.04834,1.04839,1.20,3.64
2016.07.28 13:00:27.135,1.04834,1.04838,1.20,1.31
2016.07.28 13:00:27.237,1.04833,1.04838,2.25,1.31
2016.07.28 13:00:27.288,1.04834,1.04839,1.20,2.89
2016.07.28 13:00:27.339,1.04834,1.04839,1.20,1.76
2016.07.28 13:00:27.390,1.04834,1.0484,2.20,6.56
2016.07.28 13:00:27.441,1.04835,1.0484,1.00,5.06
2016.07.28 13:00:27.521,1.04835,1.0484,1.50,3.94
2016.07.28 13:00:27.572,1.04835,1.04841,2.50,6.64
2016.07.28 13:00:27.623,1.04836,1.04841,1.20,5.14
2016.07.28 13:00:27.958,1.04836,1.04841,1.20,6.64
2016.07.28 13:00:28.009,1.04836,1.04841,1.20,6.64
2016.07.28 13:00:28.060,1.04837,1.04841,1.00,4.39
2016.07.28 13:00:28.111,1.04837,1.04841,1.50,2.51
2016.07.28 13:00:28.162,1.04838,1.04841,1.00,1.39
2016.07.28 13:00:28.213,1.04838,1.04842,1.75,2.51
2016.07.28 13:00:28.264,1.04838,1.04842,1.75,1.39
2016.07.28 13:00:28.316,1.04838,1.04843,2.62,1.62
2016.07.28 13:00:28.429,1.04838,1.04843,2.62,1.31
2016.07.28 13:00:28.480,1.04838,1.04844,2.62,4.76
2016.07.28 13:00:28.683,1.04838,1.04844,2.87,4.01
2016.07.28 13:00:28.734,1.04838,1.04844,2.87,4.76
2016.07.28 13:00:28.785,1.04838,1.04844,2.87,3.26
2016.07.28 13:00:28.836,1.04839,1.04844,1.07,2.51
2016.07.28 13:00:28.938,1.04839,1.04844,1.07,3.26
2016.07.28 13:00:29.041,1.0484,1.04844,1.00,2.14
2016.07.28 13:00:29.122,1.0484,1.04844,2.85,2.14
2016.07.28 13:00:29.173,1.04841,1.04845,1.67,2.62
2016.07.28 13:00:29.225,1.04843,1.04846,1.00,3.82
2016.07.28 13:00:29.276,1.04842,1.04847,1.82,6.45
2016.07.28 13:00:29.327,1.04843,1.04847,1.00,2.32
2016.07.28 13:00:29.378,1.04844,1.04848,1.00,4.69
2016.07.28 13:00:29.428,1.04844,1.04849,1.00,8.06
2016.07.28 13:00:29.480,1.04844,1.04849,1.00,4.97
2016.07.28 13:00:29.531,1.04844,1.04849,1.57,3.26
2016.07.28 13:00:29.582,1.04844,1.04849,1.57,2.89
2016.07.28 13:00:29.633,1.04844,1.04849,2.32,1.76
2016.07.28 13:00:29.684,1.04844,1.0485,2.32,6.41
2016.07.28 13:00:29.734,1.04844,1.0485,2.32,7.16
2016.07.28 13:00:29.785,1.04844,1.0485,2.32,6.56
2016.07.28 13:00:29.836,1.04844,1.0485,2.32,5.81
2016.07.28 13:00:29.920,1.04844,1.0485,2.32,6.56
2016.07.28 13:00:30.022,1.04844,1.04849,2.32,1.12
2016.07.28 13:00:30.073,1.04844,1.04849,2.32,2.81
2016.07.28 13:00:30.276,1.04844,1.04849,2.32,3.56
2016.07.28 13:00:30.327,1.04844,1.04849,2.32,5.06
2016.07.28 13:00:30.428,1.04844,1.04849,2.32,3.86
2016.07.28 13:00:30.479,1.04844,1.04849,2.32,3.26
2016.07.28 13:00:30.530,1.04844,1.04849,1.57,3.26
2016.07.28 13:00:30.734,1.04844,1.04849,1.57,4.01
2016.07.28 13:00:30.864,1.04844,1.04849,1.95,4.01
2016.07.28 13:00:30.967,1.04844,1.04849,1.95,3.26
2016.07.28 13:00:31.324,1.04844,1.04849,2.32,3.26
2016.07.28 13:00:31.375,1.04844,1.04849,2.32,4.01
2016.07.28 13:00:31.554,1.04844,1.04849,2.32,3.26
2016.07.28 13:00:31.662,1.04844,1.04848,2.32,1.69
2016.07.28 13:00:31.865,1.04844,1.04848,2.32,2.44
2016.07.28 13:00:31.967,1.04844,1.04848,2.70,2.44
2016.07.28 13:00:32.069,1.04844,1.04848,2.70,1.69
2016.07.28 13:00:32.464,1.04844,1.04848,2.70,2.44
2016.07.28 13:00:32.617,1.04844,1.04848,1.95,2.44
2016.07.28 13:00:32.668,1.04844,1.04848,1.95,1.25
2016.07.28 13:00:33.028,1.04844,1.04848,1.57,1.25
2016.07.28 13:00:33.312,1.04846,1.04848,1.50,1.25
2016.07.28 13:00:33.364,1.04846,1.0485,1.57,1.25
2016.07.28 13:00:33.415,1.04846,1.04851,2.32,5.89
2016.07.28 13:00:33.466,1.04846,1.04851,2.32,6.64
2016.07.28 13:00:33.517,1.04846,1.0485,2.32,1.25
2016.07.28 13:00:33.568,1.04846,1.0485,2.32,1.69
2016.07.28 13:00:33.619,1.04845,1.0485,4.12,1.69
2016.07.28 13:00:33.671,1.04845,1.0485,2.62,1.69
2016.07.28 13:00:33.721,1.04845,1.0485,1.87,2.06
2016.07.28 13:00:34.311,1.04845,1.0485,3.00,1.31
2016.07.28 13:00:34.362,1.04845,1.0485,5.62,1.31
2016.07.28 13:00:34.413,1.04845,1.0485,4.50,1.31
2016.07.28 13:00:34.465,1.04845,1.04851,1.87,7.39
2016.07.28 13:00:34.517,1.04845,1.0485,1.87,1.31
2016.07.28 13:00:34.672,1.04845,1.0485,1.87,2.06
2016.07.28 13:00:34.724,1.04845,1.0485,2.62,2.06
2016.07.28 13:00:34.775,1.04845,1.0485,2.62,1.31
2016.07.28 13:00:34.878,1.04845,1.0485,3.00,1.31
2016.07.28 13:00:34.930,1.04845,1.0485,2.25,2.06
2016.07.28 13:00:35.059,1.04845,1.0485,2.25,2.81
2016.07.28 13:00:35.162,1.04845,1.0485,1.12,2.81
2016.07.28 13:00:35.213,1.04844,1.0485,4.12,2.81
2016.07.28 13:00:35.416,1.04848,1.0485,3.75,2.06
2016.07.28 13:00:35.467,1.04849,1.0485,1.12,1.12
2016.07.28 13:00:35.518,1.0485,1.04851,1.69,3.45
2016.07.28 13:00:35.575,1.0485,1.04851,1.25,1.87
2016.07.28 13:00:35.671,1.04851,1.04852,2.32,2.25
2016.07.28 13:00:35.723,1.0485,1.04854,1.50,4.87
2016.07.28 13:00:35.774,1.04852,1.04854,1.00,4.37
2016.07.28 13:00:35.827,1.04852,1.04855,2.25,3.75
2016.07.28 13:00:35.879,1.04848,1.04857,1.62,3.75
2016.07.28 13:00:35.933,1.04856,1.04859,1.87,5.06
2016.07.28 13:00:35.984,1.04856,1.04859,3.75,4.12
2016.07.28 13:00:36.035,1.04856,1.0486,1.00,3.75
2016.07.28 13:00:36.086,1.04859,1.04862,1.00,1.75
2016.07.28 13:00:36.137,1.04859,1.04863,1.50,4.12
2016.07.28 13:00:36.319,1.04862,1.04865,1.10,3.75
2016.07.28 13:00:36.371,1.04862,1.04865,1.10,3.75
2016.07.28 13:00:36.422,1.04865,1.04868,1.00,1.87
2016.07.28 13:00:36.473,1.04865,1.04868,1.20,1.00
2016.07.28 13:00:36.577,1.04865,1.04869,1.10,2.44
2016.07.28 13:00:36.630,1.04865,1.04869,1.57,1.69
2016.07.28 13:00:36.681,1.04865,1.04869,1.57,1.25
2016.07.28 13:00:36.733,1.04865,1.04869,1.10,1.25
2016.07.28 13:00:36.784,1.04865,1.0487,1.57,1.76
2016.07.28 13:00:36.887,1.04865,1.0487,1.10,1.76
2016.07.28 13:00:37.024,1.04866,1.0487,2.25,3.26
2016.07.28 13:00:37.075,1.04866,1.04869,2.25,1.25
2016.07.28 13:00:37.126,1.04866,1.04869,1.00,3.79
2016.07.28 13:00:37.177,1.04864,1.04867,3.25,1.00
2016.07.28 13:00:37.228,1.04864,1.04867,2.25,1.00
2016.07.28 13:00:37.280,1.04864,1.04867,1.87,1.00
2016.07.28 13:00:37.331,1.04864,1.04867,1.50,1.69
2016.07.28 13:00:37.382,1.04862,1.04867,7.75,1.69
2016.07.28 13:00:37.484,1.04863,1.04867,1.45,1.25
2016.07.28 13:00:37.717,1.04864,1.04867,1.33,1.25
2016.07.28 13:00:37.769,1.04864,1.04868,1.33,2.32
2016.07.28 13:00:37.820,1.04864,1.04868,1.37,1.57
2016.07.28 13:00:37.872,1.04864,1.04868,2.20,1.50
2016.07.28 13:00:37.924,1.04864,1.04868,6.70,1.50
2016.07.28 13:00:37.975,1.04864,1.04868,6.70,1.00
2016.07.28 13:00:38.027,1.04864,1.04868,6.32,1.00
2016.07.28 13:00:38.078,1.04864,1.0487,6.25,1.76
2016.07.28 13:00:38.231,1.04865,1.0487,1.45,1.29
2016.07.28 13:00:38.283,1.04867,1.0487,1.00,1.29
2016.07.28 13:00:38.334,1.04868,1.04871,1.33,3.94
2016.07.28 13:00:38.386,1.04868,1.04871,1.33,3.19
2016.07.28 13:00:38.437,1.04868,1.04871,1.82,1.00
2016.07.28 13:00:38.556,1.04868,1.04872,2.20,1.00
2016.07.28 13:00:38.607,1.04867,1.04873,3.25,4.39
2016.07.28 13:00:38.658,1.04867,1.04872,4.00,1.54
2016.07.28 13:00:38.760,1.04867,1.04872,3.62,3.04
2016.07.28 13:00:38.811,1.04867,1.04872,2.87,5.29
2016.07.28 13:00:38.862,1.04867,1.04872,1.75,4.16
2016.07.28 13:00:38.913,1.04867,1.04872,1.37,4.16
2016.07.28 13:00:38.964,1.04867,1.04872,1.25,4.16
2016.07.28 13:00:39.015,1.04867,1.04872,1.25,2.66
2016.07.28 13:00:39.167,1.04867,1.04872,1.25,2.06
2016.07.28 13:00:39.395,1.04867,1.04872,1.25,1.31
2016.07.28 13:00:39.446,1.04867,1.04872,1.33,1.31
2016.07.28 13:00:39.751,1.04867,1.04872,1.37,1.54
2016.07.28 13:00:39.853,1.04866,1.04872,2.50,4.54
2016.07.28 13:00:39.904,1.04866,1.04871,2.50,3.56
2016.07.28 13:00:39.955,1.04866,1.0487,1.62,3.00
2016.07.28 13:00:40.005,1.04865,1.0487,4.37,7.91
2016.07.28 13:00:40.056,1.04864,1.0487,2.87,8.74
2016.07.28 13:00:40.158,1.04864,1.0487,2.87,6.70
2016.07.28 13:00:40.209,1.04864,1.0487,3.32,6.37
2016.07.28 13:00:40.340,1.04865,1.0487,1.33,1.12
2016.07.28 13:00:40.391,1.04865,1.0487,2.20,1.10
2016.07.28 13:00:40.442,1.04865,1.04871,1.95,4.69
2016.07.28 13:00:40.493,1.04865,1.04871,2.32,4.31
2016.07.28 13:00:40.544,1.04867,1.04871,1.00,2.06
2016.07.28 13:00:40.595,1.04867,1.04871,1.00,1.12
2016.07.28 13:00:40.646,1.04867,1.04872,1.50,2.25
2016.07.28 13:00:40.697,1.04867,1.04872,3.37,1.87
2016.07.28 13:00:40.748,1.04867,1.04872,2.62,1.12
2016.07.28 13:00:40.799,1.04869,1.04872,1.00,1.12
2016.07.28 13:00:40.851,1.04869,1.04872,1.00,2.36
2016.07.28 13:00:40.902,1.04867,1.04872,3.07,2.51
2016.07.28 13:00:40.953,1.04867,1.04872,1.10,2.14
2016.07.28 13:00:41.004,1.04867,1.04872,1.10,2.74
2016.07.28 13:00:41.055,1.04867,1.04872,1.10,2.99
2016.07.28 13:00:41.156,1.04866,1.04872,1.87,3.74
2016.07.28 13:00:41.258,1.04866,1.04872,2.12,3.74
2016.07.28 13:00:41.473,1.04866,1.04872,2.12,2.99
2016.07.28 13:00:41.576,1.04866,1.04872,2.12,2.39
2016.07.28 13:00:41.678,1.04866,1.04872,1.75,2.39
2016.07.28 13:00:41.729,1.04866,1.04872,2.50,2.14
2016.07.28 13:00:41.883,1.04866,1.04871,2.87,1.00
2016.07.28 13:00:42.036,1.04866,1.04871,2.12,1.00
2016.07.28 13:00:42.232,1.04866,1.04872,1.75,2.89
2016.07.28 13:00:42.335,1.04866,1.0487,1.75,1.00
2016.07.28 13:00:42.488,1.04866,1.0487,2.50,1.00
2016.07.28 13:00:42.744,1.04868,1.0487,1.00,1.00
2016.07.28 13:00:42.796,1.04868,1.0487,1.87,1.00
2016.07.28 13:00:42.847,1.04868,1.04872,1.87,1.10
2016.07.28 13:00:42.949,1.04868,1.04872,3.44,1.00
2016.07.28 13:00:43.127,1.04869,1.04871,1.10,1.00
2016.07.28 13:00:43.279,1.04867,1.04871,1.82,1.00
2016.07.28 13:00:43.381,1.04866,1.04871,2.50,1.00
2016.07.28 13:00:43.901,1.04866,1.0487,2.50,1.00
2016.07.28 13:00:44.048,1.04866,1.0487,2.12,1.00
2016.07.28 13:00:44.558,1.04866,1.04872,2.12,3.49
2016.07.28 13:00:44.660,1.04866,1.04872,2.12,2.74
2016.07.28 13:00:44.763,1.04866,1.04871,2.12,1.00
2016.07.28 13:00:44.935,1.04866,1.04871,1.87,1.33
2016.07.28 13:00:45.241,1.04866,1.04869,1.87,1.00
2016.07.28 13:00:45.742,1.04866,1.0487,1.87,1.00
2016.07.28 13:00:46.407,1.04866,1.0487,1.12,1.00
2016.07.28 13:00:46.509,1.04865,1.04869,1.87,2.25
2016.07.28 13:00:46.561,1.04865,1.04868,1.87,4.25
2016.07.28 13:00:46.612,1.04863,1.04868,3.75,6.50
2016.07.28 13:00:46.698,1.04863,1.04867,1.87,1.00
2016.07.28 13:00:46.749,1.04863,1.04867,1.12,1.50
2016.07.28 13:00:46.800,1.04864,1.04867,1.00,1.50
2016.07.28 13:00:46.851,1.04864,1.04867,1.00,1.00
2016.07.28 13:00:46.903,1.04865,1.04869,1.00,3.00
2016.07.28 13:00:46.964,1.04865,1.0487,3.00,1.87
2016.07.28 13:00:47.017,1.04867,1.0487,1.00,1.12
2016.07.28 13:00:47.069,1.04867,1.0487,1.00,1.87
2016.07.28 13:00:47.121,1.04865,1.04868,1.12,1.50
2016.07.28 13:00:47.173,1.04865,1.04868,1.12,2.25
2016.07.28 13:00:47.224,1.04863,1.04868,2.25,2.25
2016.07.28 13:00:47.275,1.04863,1.04868,1.12,2.25
2016.07.28 13:00:47.377,1.04863,1.04868,1.12,2.62
2016.07.28 13:00:47.478,1.04863,1.04868,1.12,2.25
2016.07.28 13:00:47.964,1.04863,1.04868,1.87,1.50
2016.07.28 13:00:48.015,1.04864,1.04868,1.10,1.50
2016.07.28 13:00:48.066,1.04864,1.04868,1.10,1.00
2016.07.28 13:00:48.118,1.04864,1.04868,1.95,1.00
2016.07.28 13:00:48.169,1.04864,1.04869,2.89,1.01
2016.07.28 13:00:48.220,1.04864,1.04869,3.94,1.25
2016.07.28 13:00:48.322,1.04864,1.04869,3.19,1.25
2016.07.28 13:00:48.475,1.04864,1.04869,1.12,1.25
2016.07.28 13:00:48.646,1.04864,1.04869,1.87,1.25
2016.07.28 13:00:48.698,1.04864,1.04869,2.62,1.25
2016.07.28 13:00:49.219,1.04864,1.04869,2.62,1.25
2016.07.28 13:00:49.271,1.04864,1.0487,3.41,2.14
2016.07.28 13:00:49.323,1.04865,1.0487,1.20,1.39
2016.07.28 13:00:49.374,1.04865,1.04871,1.20,6.19
2016.07.28 13:00:49.426,1.04865,1.04871,2.70,5.44
2016.07.28 13:00:49.612,1.04865,1.04871,1.95,5.44
2016.07.28 13:00:49.663,1.04865,1.04871,1.95,6.19
2016.07.28 13:00:49.817,1.04865,1.04871,1.20,6.19
2016.07.28 13:00:49.868,1.04864,1.0487,3.19,1.39
2016.07.28 13:00:49.919,1.04864,1.04869,3.19,1.25
2016.07.28 13:00:50.246,1.04864,1.04869,2.81,1.25
2016.07.28 13:00:50.298,1.04864,1.04869,2.44,1.25
2016.07.28 13:00:50.349,1.04865,1.04869,1.20,1.25
2016.07.28 13:00:50.450,1.04864,1.04869,3.19,1.25
2016.07.28 13:00:50.552,1.04864,1.04869,3.18,1.25
2016.07.28 13:00:50.859,1.04864,1.04869,3.00,1.25
2016.07.28 13:00:50.911,1.04864,1.04869,2.25,1.69
2016.07.28 13:00:51.003,1.04864,1.04866,1.12,1.00
2016.07.28 13:00:51.054,1.04864,1.04866,1.12,1.69
2016.07.28 13:00:51.106,1.04863,1.04866,1.10,1.69
2016.07.28 13:00:51.157,1.04863,1.04866,1.20,1.19
2016.07.28 13:00:51.209,1.04863,1.04865,1.20,4.54
2016.07.28 13:00:51.261,1.04863,1.04864,1.10,4.10
2016.07.28 13:00:51.312,1.0486,1.04864,2.25,7.29
2016.07.28 13:00:51.363,1.04859,1.04863,1.87,3.04
2016.07.28 13:00:51.416,1.04857,1.04863,7.12,6.04
2016.07.28 13:00:51.468,1.04857,1.04861,5.25,1.00
2016.07.28 13:00:51.519,1.04857,1.04861,3.00,1.00
2016.07.28 13:00:51.793,1.04857,1.04861,2.25,1.00
2016.07.28 13:00:51.844,1.04857,1.0486,1.50,1.00
2016.07.28 13:00:51.895,1.04856,1.0486,5.25,1.00
2016.07.28 13:00:51.946,1.04856,1.0486,3.75,1.54
2016.07.28 13:00:51.997,1.04856,1.0486,3.37,1.54
2016.07.28 13:00:52.048,1.04856,1.0486,2.70,1.54
2016.07.28 13:00:52.100,1.04856,1.0486,2.70,1.19
2016.07.28 13:00:52.714,1.04856,1.04859,2.70,1.25
2016.07.28 13:00:52.816,1.04856,1.04858,2.70,1.19
2016.07.28 13:00:52.867,1.04856,1.04857,2.70,3.04
2016.07.28 13:00:52.919,1.04854,1.04857,3.37,3.04
2016.07.28 13:00:52.970,1.04853,1.04857,1.87,7.29
2016.07.28 13:00:53.022,1.04852,1.04856,1.75,3.97
2016.07.28 13:00:53.073,1.0485,1.04855,3.75,1.19
2016.07.28 13:00:53.124,1.0485,1.04855,2.62,1.69
2016.07.28 13:00:53.176,1.0485,1.04855,1.87,2.44
2016.07.28 13:00:53.227,1.0485,1.04855,1.87,4.54
2016.07.28 13:00:53.278,1.0485,1.04855,1.57,4.61
2016.07.28 13:00:53.481,1.0485,1.04853,1.10,1.00
2016.07.28 13:00:53.604,1.04848,1.04852,2.62,2.44
2016.07.28 13:00:53.655,1.04847,1.04851,2.25,4.81
2016.07.28 13:00:53.706,1.04847,1.0485,1.37,1.50
2016.07.28 13:00:53.757,1.04846,1.0485,1.12,3.00
2016.07.28 13:00:53.809,1.04845,1.0485,1.50,1.50
2016.07.28 13:00:53.860,1.04845,1.0485,3.00,1.00
2016.07.28 13:00:53.911,1.04846,1.04851,1.20,4.01
2016.07.28 13:00:53.962,1.04846,1.04851,1.95,2.51
2016.07.28 13:00:54.013,1.04846,1.04851,1.95,2.51
2016.07.28 13:00:54.064,1.04845,1.04851,3.37,5.56
2016.07.28 13:00:54.115,1.04845,1.04851,3.37,7.06
2016.07.28 13:00:54.771,1.04845,1.04851,3.37,6.56
2016.07.28 13:00:54.873,1.04845,1.04851,3.37,5.44
2016.07.28 13:00:54.924,1.04845,1.04851,3.37,4.69
2016.07.28 13:00:55.044,1.04846,1.04851,1.50,3.94
2016.07.28 13:00:55.940,1.04846,1.04851,2.25,1.69
2016.07.28 13:00:55.991,1.04847,1.04851,1.10,1.69
2016.07.28 13:00:56.042,1.04847,1.04851,1.57,1.69
2016.07.28 13:00:56.830,1.04847,1.04851,1.57,1.19
2016.07.28 13:00:56.881,1.04847,1.04852,2.32,7.01
2016.07.28 13:00:56.932,1.04847,1.04852,2.32,4.39
2016.07.28 13:00:57.238,1.04847,1.04852,2.32,2.89
2016.07.28 13:00:57.289,1.04847,1.04852,1.57,1.99
2016.07.28 13:00:57.340,1.04847,1.04851,1.10,1.54
2016.07.28 13:00:57.428,1.04846,1.04851,1.26,1.54
2016.07.28 13:00:57.481,1.04845,1.04851,3.13,2.36
2016.07.28 13:00:57.532,1.04845,1.04851,3.13,1.76
2016.07.28 13:00:57.584,1.04847,1.04851,1.00,1.10
2016.07.28 13:00:57.687,1.04846,1.04851,1.28,1.10
2016.07.28 13:00:57.739,1.04846,1.04851,1.33,1.10
2016.07.28 13:00:57.791,1.04846,1.04851,1.33,1.29
2016.07.28 13:00:57.945,1.04846,1.04851,1.33,3.64
2016.07.28 13:00:58.364,1.04848,1.04852,1.00,3.56
2016.07.28 13:00:58.415,1.04849,1.04852,1.00,2.06
2016.07.28 13:00:58.466,1.04849,1.04854,1.50,6.19
2016.07.28 13:00:58.517,1.04849,1.04854,1.50,5.44
2016.07.28 13:00:58.568,1.04849,1.04854,1.87,2.81
2016.07.28 13:00:58.669,1.04849,1.04854,1.95,2.51
2016.07.28 13:00:59.353,1.04849,1.04854,2.32,2.51
2016.07.28 13:00:59.455,1.0485,1.04854,1.00,1.29
2016.07.28 13:01:00.563,1.0485,1.04855,1.00,4.69
2016.07.28 13:01:00.614,1.0485,1.04855,1.87,3.94
2016.07.28 13:01:00.665,1.04851,1.04855,1.31,1.69
2016.07.28 13:01:00.716,1.04851,1.04855,4.91,1.69
2016.07.28 13:01:00.767,1.04853,1.04857,1.00,1.94
2016.07.28 13:01:00.818,1.04854,1.04857,1.35,1.94
2016.07.28 13:01:00.869,1.04854,1.04859,1.50,1.31
2016.07.28 13:01:00.920,1.04854,1.0486,2.25,6.56
2016.07.28 13:01:00.971,1.04855,1.0486,1.00,6.19
2016.07.28 13:01:01.072,1.04855,1.0486,1.00,5.44
2016.07.28 13:01:01.267,1.04855,1.04859,1.00,1.39
2016.07.28 13:01:01.530,1.04855,1.04859,1.00,3.26
2016.07.28 13:01:01.581,1.04854,1.04859,1.10,4.01
2016.07.28 13:01:01.632,1.04853,1.04858,5.06,1.69
2016.07.28 13:01:01.683,1.04853,1.04858,3.75,1.69
2016.07.28 13:01:01.734,1.04853,1.04859,1.87,4.39
2016.07.28 13:01:01.785,1.04853,1.04858,1.12,1.25
2016.07.28 13:01:02.057,1.04853,1.04858,1.12,1.69
2016.07.28 13:01:02.260,1.04853,1.04859,1.87,3.64
2016.07.28 13:01:02.310,1.04854,1.04859,1.10,2.89
2016.07.28 13:01:02.362,1.04856,1.0486,1.00,8.06
2016.07.28 13:01:02.414,1.04856,1.0486,1.00,7.31
2016.07.28 13:01:02.465,1.04857,1.0486,1.00,3.19
2016.07.28 13:01:02.517,1.04857,1.0486,1.00,1.50
2016.07.28 13:01:02.568,1.04857,1.04862,1.50,4.31
2016.07.28 13:01:02.619,1.04857,1.04862,2.25,3.56
2016.07.28 13:01:02.742,1.04858,1.04862,1.00,2.81
2016.07.28 13:01:03.148,1.04857,1.04862,2.25,2.81
2016.07.28 13:01:03.300,1.04857,1.04862,2.62,2.25
2016.07.28 13:01:03.452,1.04857,1.04862,2.81,2.25
2016.07.28 13:01:03.695,1.04857,1.04862,2.06,2.25
2016.07.28 13:01:03.746,1.0486,1.04863,1.00,2.06
2016.07.28 13:01:03.848,1.04861,1.04865,2.32,2.25
2016.07.28 13:01:03.900,1.04861,1.04865,2.32,1.50
2016.07.28 13:01:03.951,1.04862,1.04867,1.00,5.25
2016.07.28 13:01:04.053,1.04862,1.04867,1.57,2.14
2016.07.28 13:01:04.154,1.04862,1.04867,2.32,1.39
2016.07.28 13:01:04.261,1.04862,1.04865,1.57,1.69
2016.07.28 13:01:04.952,1.04862,1.04867,2.32,6.11
2016.07.28 13:01:05.054,1.04862,1.04867,2.32,4.24
2016.07.28 13:01:05.105,1.04862,1.04867,2.32,3.64
2016.07.28 13:01:07.055,1.04862,1.04865,1.57,1.69
2016.07.28 13:01:07.158,1.04862,1.04864,1.57,1.00
2016.07.28 13:01:07.260,1.04862,1.04864,1.95,1.00
2016.07.28 13:01:07.362,1.04862,1.04864,1.57,1.00
2016.07.28 13:01:07.566,1.0486,1.04861,1.12,1.25
2016.07.28 13:01:07.617,1.04859,1.0486,2.25,2.10
2016.07.28 13:01:07.668,1.04858,1.0486,1.12,2.17
2016.07.28 13:01:07.719,1.04859,1.04861,1.00,6.41
2016.07.28 13:01:07.769,1.04856,1.04859,1.12,1.50
2016.07.28 13:01:07.862,1.04856,1.04859,1.12,1.00
2016.07.28 13:01:07.913,1.04856,1.04859,1.00,1.00
2016.07.28 13:01:07.964,1.04855,1.04858,2.32,1.00
2016.07.28 13:01:08.422,1.04855,1.04858,1.57,1.00
2016.07.28 13:01:08.473,1.04855,1.04858,1.10,2.25
2016.07.28 13:01:08.575,1.04854,1.04858,3.45,1.69
2016.07.28 13:01:08.756,1.04856,1.04859,1.00,3.45
2016.07.28 13:01:08.807,1.04856,1.04859,1.00,3.07
2016.07.28 13:01:08.858,1.04856,1.0486,1.00,1.31
2016.07.28 13:01:08.910,1.04856,1.0486,1.00,1.29
2016.07.28 13:01:08.961,1.04856,1.0486,1.50,1.29
2016.07.28 13:01:09.064,1.04856,1.0486,1.50,1.76
2016.07.28 13:01:09.420,1.04856,1.0486,1.50,1.01
2016.07.28 13:01:09.471,1.04857,1.0486,1.00,1.01
2016.07.28 13:01:09.604,1.04856,1.0486,1.50,1.01
2016.07.28 13:01:09.865,1.04857,1.0486,1.00,1.01
2016.07.28 13:01:11.114,1.04859,1.0486,1.00,1.01
2016.07.28 13:01:11.166,1.04859,1.04861,1.50,1.87
2016.07.28 13:01:11.217,1.04859,1.04861,1.57,1.31
2016.07.28 13:01:11.268,1.0486,1.04862,1.00,1.25
2016.07.28 13:01:11.371,1.04862,1.04864,1.00,1.29
2016.07.28 13:01:11.422,1.04863,1.04866,1.00,2.44
2016.07.28 13:01:11.473,1.04861,1.04867,1.37,2.25
2016.07.28 13:01:11.525,1.04863,1.04868,1.00,5.25
2016.07.28 13:01:11.595,1.04863,1.04868,1.00,4.87
2016.07.28 13:01:11.648,1.04864,1.04868,1.00,4.69
2016.07.28 13:01:11.751,1.04864,1.04868,1.00,4.31
2016.07.28 13:01:11.853,1.04864,1.04868,1.00,5.06
2016.07.28 13:01:11.904,1.04863,1.04866,2.25,1.00
2016.07.28 13:01:11.955,1.04863,1.04866,1.50,3.19
2016.07.28 13:01:12.014,1.04863,1.04864,1.50,1.25
2016.07.28 13:01:12.066,1.04862,1.04864,1.00,1.25
2016.07.28 13:01:12.168,1.04861,1.04864,1.57,1.25
2016.07.28 13:01:12.909,1.04861,1.04865,1.57,1.19
2016.07.28 13:01:13.073,1.04861,1.04865,1.10,1.19
2016.07.28 13:01:13.406,1.04861,1.04864,1.10,1.25
2016.07.28 13:01:14.191,1.0486,1.04864,2.62,1.25
2016.07.28 13:01:14.598,1.04861,1.04863,1.10,1.00
2016.07.28 13:01:14.751,1.04861,1.04863,1.57,1.00
2016.07.28 13:01:14.802,1.04862,1.04865,1.00,1.69
2016.07.28 13:01:14.876,1.04863,1.04865,1.00,1.25
2016.07.28 13:01:14.927,1.04863,1.04867,1.50,4.39
2016.07.28 13:01:14.979,1.04863,1.04867,2.25,2.51
2016.07.28 13:01:15.081,1.04863,1.04867,2.25,1.76
2016.07.28 13:01:15.385,1.04863,1.04867,1.00,1.76
2016.07.28 13:01:15.487,1.04862,1.04868,2.70,6.60
2016.07.28 13:01:15.599,1.04862,1.04867,2.70,1.29
2016.07.28 13:01:15.904,1.04862,1.04866,2.70,1.19
2016.07.28 13:01:16.313,1.04862,1.04867,2.70,1.29
2016.07.28 13:01:17.539,1.04862,1.04867,2.70,1.61
2016.07.28 13:01:17.590,1.04862,1.04866,1.57,2.44
2016.07.28 13:01:17.895,1.04862,1.04866,2.32,2.25
2016.07.28 13:01:18.528,1.04863,1.04866,1.00,2.25
2016.07.28 13:01:18.579,1.04864,1.04866,1.25,1.00
2016.07.28 13:01:18.682,1.04864,1.04866,1.25,1.00
2016.07.28 13:01:18.734,1.04864,1.04866,1.69,1.00
2016.07.28 13:01:18.785,1.04865,1.04868,1.00,2.89
2016.07.28 13:01:18.837,1.04865,1.04868,1.00,2.51
2016.07.28 13:01:18.889,1.04865,1.04868,1.00,2.32
2016.07.28 13:01:19.094,1.04865,1.04868,1.00,1.10
2016.07.28 13:01:19.146,1.04865,1.04868,1.10,1.00
2016.07.28 13:01:19.197,1.04866,1.04868,1.00,1.00
2016.07.28 13:01:19.400,1.04867,1.04869,1.00,1.00
2016.07.28 13:01:19.451,1.04867,1.04869,1.20,1.00
2016.07.28 13:01:19.502,1.04869,1.04871,1.50,1.54
2016.07.28 13:01:19.553,1.04871,1.04873,2.25,1.50
2016.07.28 13:01:19.605,1.04872,1.04876,1.10,5.44
2016.07.28 13:01:19.656,1.04872,1.04875,1.12,1.00
2016.07.28 13:01:19.708,1.04871,1.04875,1.50,1.50
2016.07.28 13:01:19.829,1.04869,1.04872,2.81,2.85
2016.07.28 13:01:19.881,1.04868,1.04871,1.57,1.00
2016.07.28 13:01:19.932,1.04868,1.04871,1.10,1.00
2016.07.28 13:01:19.983,1.04867,1.04871,1.12,1.00
2016.07.28 13:01:20.034,1.04867,1.04871,1.50,1.00
2016.07.28 13:01:20.085,1.04867,1.04871,1.87,1.00
2016.07.28 13:01:20.136,1.04867,1.04871,2.25,1.00
2016.07.28 13:01:20.390,1.04868,1.04873,1.57,1.57
2016.07.28 13:01:20.612,1.04868,1.04873,2.70,1.57
2016.07.28 13:01:20.714,1.04868,1.04873,1.57,1.57
2016.07.28 13:01:20.867,1.04868,1.04873,1.87,1.50
2016.07.28 13:01:20.917,1.04868,1.04874,1.87,3.45
2016.07.28 13:01:21.019,1.04868,1.04874,2.62,3.45
2016.07.28 13:01:21.071,1.04868,1.04874,2.62,4.05
2016.07.28 13:01:21.122,1.04868,1.04872,2.62,1.00
2016.07.28 13:01:21.250,1.04868,1.04872,1.87,1.00
2016.07.28 13:01:21.506,1.04869,1.04872,1.10,1.00
2016.07.28 13:01:21.557,1.04869,1.04872,1.29,1.00
2016.07.28 13:01:21.608,1.04869,1.04872,1.76,1.00
2016.07.28 13:01:22.014,1.04869,1.04872,2.51,1.00
2016.07.28 13:01:22.065,1.04871,1.04872,1.00,1.00
2016.07.28 13:01:22.197,1.04871,1.04876,1.50,3.00
2016.07.28 13:01:22.249,1.04871,1.04876,2.25,2.25
2016.07.28 13:01:22.300,1.04871,1.04876,2.06,4.16
2016.07.28 13:01:22.351,1.04871,1.04876,1.12,5.66
2016.07.28 13:01:22.402,1.04871,1.04875,1.87,1.00
2016.07.28 13:01:22.859,1.04871,1.04875,1.87,1.19
2016.07.28 13:01:22.910,1.04871,1.04875,1.87,2.44
2016.07.28 13:01:23.112,1.04871,1.04875,1.12,2.44
2016.07.28 13:01:23.214,1.04871,1.04876,1.12,3.79
2016.07.28 13:01:23.837,1.04871,1.04876,1.12,5.29
2016.07.28 13:01:24.333,1.04871,1.04875,1.12,1.54
2016.07.28 13:01:24.536,1.04871,1.04875,1.12,1.19
2016.07.28 13:01:25.195,1.04871,1.04875,1.12,3.04
2016.07.28 13:01:25.420,1.04871,1.04875,1.12,2.44
2016.07.28 13:01:25.929,1.0487,1.04874,3.00,1.05
2016.07.28 13:01:25.981,1.0487,1.04873,2.25,2.85
2016.07.28 13:01:26.032,1.0487,1.04871,1.50,1.25
2016.07.28 13:01:26.084,1.0487,1.04871,1.00,1.25
2016.07.28 13:01:26.167,1.0487,1.04872,1.00,1.19
2016.07.28 13:01:26.219,1.04869,1.04872,1.00,1.19
2016.07.28 13:01:26.322,1.04868,1.04872,2.10,1.19
2016.07.28 13:01:26.373,1.04868,1.04872,2.10,1.00
2016.07.28 13:01:26.424,1.04869,1.04872,1.00,1.00
2016.07.28 13:01:26.476,1.04869,1.04872,1.00,1.00
2016.07.28 13:01:26.578,1.04869,1.04872,1.50,1.00
2016.07.28 13:01:26.629,1.04869,1.04873,1.50,1.57
2016.07.28 13:01:26.833,1.0487,1.04873,1.00,1.57
2016.07.28 13:01:26.936,1.0487,1.04873,1.00,1.57
2016.07.28 13:01:26.988,1.0487,1.04873,1.50,1.57
2016.07.28 13:01:27.042,1.04871,1.04874,1.50,1.25
2016.07.28 13:01:27.157,1.04871,1.04876,3.45,2.32
2016.07.28 13:01:27.208,1.04873,1.04877,1.00,3.00
2016.07.28 13:01:27.259,1.04873,1.04877,1.00,2.32
2016.07.28 13:01:27.310,1.04873,1.04877,1.00,1.57
2016.07.28 13:01:27.918,1.04873,1.04878,1.00,4.16
2016.07.28 13:01:28.071,1.04873,1.04878,1.00,3.41
2016.07.28 13:01:29.155,1.04873,1.04878,1.00,4.16
2016.07.28 13:01:29.216,1.04873,1.04878,1.00,3.41
2016.07.28 13:01:29.318,1.04872,1.04878,1.95,4.54
2016.07.28 13:01:29.369,1.04876,1.04878,1.19,3.00
2016.07.28 13:01:29.467,1.04877,1.04878,1.76,2.62
2016.07.28 13:01:29.518,1.04879,1.0488,1.50,1.12
2016.07.28 13:01:29.569,1.04881,1.04882,1.00,1.00
2016.07.28 13:01:29.620,1.04882,1.04884,1.00,1.10
2016.07.28 13:01:29.671,1.04882,1.04886,1.12,1.50
2016.07.28 13:01:29.723,1.04882,1.04886,1.87,1.12
2016.07.28 13:01:29.774,1.04882,1.04886,2.62,1.00
2016.07.28 13:01:29.825,1.04882,1.04886,3.75,1.00
2016.07.28 13:01:29.876,1.04882,1.04885,3.00,1.69
2016.07.28 13:01:29.927,1.04881,1.04883,4.20,1.00
2016.07.28 13:01:29.979,1.04881,1.04882,1.57,1.00
2016.07.28 13:01:30.031,1.04879,1.0488,2.17,1.00
2016.07.28 13:01:30.133,1.04878,1.04879,2.10,1.12
2016.07.28 13:01:30.184,1.04877,1.04879,3.60,1.12
2016.07.28 13:01:30.340,1.04878,1.0488,2.10,1.95
2016.07.28 13:01:30.391,1.04877,1.0488,1.00,1.20
2016.07.28 13:01:30.442,1.04877,1.04881,2.25,1.50
2016.07.28 13:01:30.493,1.04878,1.04881,1.12,1.50
2016.07.28 13:01:30.544,1.04878,1.04881,1.12,1.00
2016.07.28 13:01:30.697,1.04878,1.04881,1.87,1.00
2016.07.28 13:01:30.799,1.04877,1.04882,2.25,1.00
2016.07.28 13:01:31.002,1.04877,1.04881,1.57,1.00
2016.07.28 13:01:31.053,1.04878,1.04881,1.00,1.12
2016.07.28 13:01:31.222,1.04878,1.04881,1.00,1.00
2016.07.28 13:01:31.426,1.04878,1.04881,1.00,1.50
2016.07.28 13:01:31.477,1.04878,1.0488,1.00,2.10
2016.07.28 13:01:31.528,1.04876,1.04879,1.12,1.00
2016.07.28 13:01:31.579,1.04876,1.04879,1.00,1.00
2016.07.28 13:01:31.630,1.04875,1.04879,2.32,1.00
2016.07.28 13:01:31.732,1.04875,1.04878,3.07,1.00
2016.07.28 13:01:31.783,1.04875,1.04878,2.32,1.00
2016.07.28 13:01:31.835,1.04875,1.04878,1.57,1.00
2016.07.28 13:01:31.886,1.04875,1.04878,1.50,1.00
2016.07.28 13:01:31.937,1.04875,1.04879,1.00,1.95
2016.07.28 13:01:32.105,1.04875,1.04879,1.00,2.32
2016.07.28 13:01:32.308,1.04875,1.04879,1.00,3.26
2016.07.28 13:01:32.410,1.04874,1.04876,2.32,1.50
2016.07.28 13:01:32.461,1.04874,1.04875,1.57,1.00
2016.07.28 13:01:32.512,1.04874,1.04875,1.10,1.00
2016.07.28 13:01:32.562,1.04873,1.04875,1.00,1.12
2016.07.28 13:01:32.613,1.04873,1.04875,1.00,2.62
2016.07.28 13:01:32.664,1.04871,1.04874,1.75,1.00
2016.07.28 13:01:32.824,1.04872,1.04876,1.33,2.81
2016.07.28 13:01:32.875,1.04872,1.04874,1.82,1.00
2016.07.28 13:01:32.926,1.04872,1.04874,2.57,1.00
2016.07.28 13:01:33.435,1.04872,1.04875,2.57,1.00
2016.07.28 13:01:34.068,1.04872,1.04876,2.57,1.25
2016.07.28 13:01:34.119,1.04872,1.04875,1.07,1.50
2016.07.28 13:01:34.170,1.04872,1.04874,1.07,3.04
2016.07.28 13:01:34.221,1.04872,1.04874,1.00,3.04
2016.07.28 13:01:34.272,1.04871,1.04873,1.00,1.00
2016.07.28 13:01:34.323,1.04871,1.04873,1.00,2.25
2016.07.28 13:01:34.374,1.04867,1.04868,5.31,1.00
2016.07.28 13:01:34.445,1.04866,1.04867,13.56,1.00
2016.07.28 13:01:34.498,1.04866,1.04868,3.37,1.37
2016.07.28 13:01:34.549,1.04864,1.04865,1.25,1.00
2016.07.28 13:01:34.651,1.04863,1.04867,1.50,2.17
2016.07.28 13:01:34.702,1.04863,1.04867,1.00,2.42
2016.07.28 13:01:34.753,1.04863,1.04866,1.00,2.10
2016.07.28 13:01:34.804,1.04863,1.04867,1.00,2.42
2016.07.28 13:01:34.855,1.04862,1.04867,2.32,2.42
2016.07.28 13:01:34.906,1.04863,1.04868,1.50,2.31
2016.07.28 13:01:34.957,1.04865,1.04868,1.00,1.75
2016.07.28 13:01:35.008,1.04865,1.04868,1.50,1.50
2016.07.28 13:01:35.059,1.04866,1.04869,1.00,3.22
2016.07.28 13:01:35.110,1.04866,1.04869,1.00,1.12
2016.07.28 13:01:35.199,1.04866,1.04869,1.00,1.00
2016.07.28 13:01:35.251,1.04865,1.04869,2.32,1.00
2016.07.28 13:01:35.459,1.04865,1.0487,2.32,7.30
2016.07.28 13:01:35.763,1.04865,1.0487,2.32,8.05
2016.07.28 13:01:36.292,1.04865,1.04869,1.57,3.10
2016.07.28 13:01:36.343,1.04864,1.04868,1.12,3.22
2016.07.28 13:01:36.394,1.04864,1.04868,1.10,4.72
2016.07.28 13:01:36.546,1.04864,1.04868,1.10,2.62
2016.07.28 13:01:37.167,1.04864,1.04867,1.10,1.00
2016.07.28 13:01:37.269,1.04865,1.04867,1.00,1.00
2016.07.28 13:01:37.423,1.04866,1.04868,2.25,1.50
2016.07.28 13:01:37.475,1.04867,1.0487,1.00,2.85
2016.07.28 13:01:37.527,1.04867,1.0487,1.00,3.97
2016.07.28 13:01:37.578,1.04866,1.0487,1.00,5.47
2016.07.28 13:01:37.629,1.04866,1.0487,2.25,1.87
2016.07.28 13:01:37.680,1.04868,1.04872,1.00,9.81
2016.07.28 13:01:37.731,1.04867,1.04872,2.25,6.06
2016.07.28 13:01:37.782,1.04868,1.04872,1.00,3.81
2016.07.28 13:01:37.833,1.04868,1.04872,1.00,4.39
2016.07.28 13:01:37.884,1.04868,1.04872,1.00,3.64
2016.07.28 13:01:37.935,1.04868,1.04872,1.50,3.94
2016.07.28 13:01:37.986,1.04868,1.04872,1.50,5.29
2016.07.28 13:01:38.037,1.04868,1.04872,1.00,5.29
2016.07.28 13:01:38.088,1.04868,1.04872,1.00,4.54
2016.07.28 13:01:38.216,1.04868,1.04872,1.00,3.79
2016.07.28 13:01:38.268,1.04867,1.04872,2.25,1.69
2016.07.28 13:01:38.625,1.04867,1.04872,2.25,2.44
2016.07.28 13:01:38.676,1.04867,1.04872,1.50,2.44
2016.07.28 13:01:38.880,1.04867,1.04872,1.50,2.81
2016.07.28 13:01:39.032,1.04867,1.04872,1.50,2.06
2016.07.28 13:01:39.637,1.04868,1.04872,1.00,2.06
2016.07.28 13:01:39.688,1.04869,1.04872,1.00,2.25
2016.07.28 13:01:39.739,1.04869,1.04872,1.50,1.50
2016.07.28 13:01:39.790,1.0487,1.04872,1.00,1.10
2016.07.28 13:01:39.840,1.0487,1.04872,1.50,1.10
2016.07.28 13:01:39.892,1.0487,1.04874,2.25,2.81
2016.07.28 13:01:39.942,1.04871,1.04874,1.00,1.69
2016.07.28 13:01:40.044,1.04871,1.04874,1.00,3.79
2016.07.28 13:01:40.095,1.04871,1.04874,1.00,4.16
2016.07.28 13:01:40.146,1.0487,1.04873,1.50,2.51
2016.07.28 13:01:40.197,1.0487,1.04871,1.00,1.00
2016.07.28 13:01:40.249,1.04869,1.04871,1.50,1.00
2016.07.28 13:01:40.300,1.04868,1.04871,2.62,1.00
2016.07.28 13:01:40.351,1.04868,1.04871,1.00,1.00
2016.07.28 13:01:40.402,1.04867,1.04871,3.32,1.00
2016.07.28 13:01:40.502,1.04867,1.04871,2.57,1.00
2016.07.28 13:01:40.655,1.04868,1.04872,1.00,1.42
2016.07.28 13:01:40.707,1.04868,1.04872,1.00,1.10
2016.07.28 13:01:40.860,1.04867,1.04872,3.32,1.10
2016.07.28 13:01:40.961,1.04867,1.04872,3.70,1.10
2016.07.28 13:01:41.063,1.04867,1.04872,2.95,1.10
2016.07.28 13:01:41.114,1.04868,1.04872,1.00,1.10
2016.07.28 13:01:41.166,1.04868,1.04873,1.00,3.22
2016.07.28 13:01:41.269,1.04868,1.04873,1.00,4.35
2016.07.28 13:01:41.320,1.04867,1.04873,3.51,4.35
2016.07.28 13:01:41.446,1.04867,1.04872,3.51,1.57
2016.07.28 13:01:41.548,1.04867,1.04871,2.57,1.00
2016.07.28 13:01:41.651,1.04867,1.04872,2.76,2.17
2016.07.28 13:01:41.702,1.04867,1.04872,2.76,1.57
2016.07.28 13:01:41.753,1.04868,1.04872,1.00,1.57
2016.07.28 13:01:41.855,1.04867,1.04871,2.57,1.00
2016.07.28 13:01:42.160,1.04868,1.04872,1.00,1.57
2016.07.28 13:01:42.641,1.04867,1.04869,1.07,1.50
2016.07.28 13:01:42.693,1.04867,1.04869,1.10,4.35
2016.07.28 13:01:42.744,1.04865,1.04868,4.00,1.00
2016.07.28 13:01:42.795,1.04865,1.04868,1.87,1.00
2016.07.28 13:01:42.846,1.04864,1.04868,1.95,1.00
2016.07.28 13:01:42.949,1.04864,1.04868,1.95,2.25
2016.07.28 13:01:44.987,1.04864,1.04868,1.10,2.25
2016.07.28 13:01:45.039,1.04863,1.04868,7.42,2.25
2016.07.28 13:01:45.089,1.04864,1.04867,1.00,2.25
2016.07.28 13:01:45.191,1.04863,1.04867,1.10,1.31
2016.07.28 13:01:45.243,1.04862,1.04867,5.06,1.31
2016.07.28 13:01:45.295,1.04862,1.04867,2.44,1.69
2016.07.28 13:01:45.348,1.04862,1.04867,2.06,1.69
2016.07.28 13:01:45.552,1.04862,1.04867,2.06,1.25
2016.07.28 13:01:45.654,1.04862,1.04867,3.19,1.25
2016.07.28 13:01:45.757,1.04862,1.04867,1.87,1.25
2016.07.28 13:01:45.808,1.04862,1.04866,1.12,1.00
2016.07.28 13:01:45.860,1.04861,1.04865,4.15,1.50
2016.07.28 13:01:45.911,1.04861,1.04865,2.50,1.95
2016.07.28 13:01:45.962,1.04861,1.04865,1.45,1.95
2016.07.28 13:01:46.013,1.0486,1.04864,5.27,1.00
2016.07.28 13:01:46.064,1.0486,1.04862,1.52,1.50
2016.07.28 13:01:46.115,1.0486,1.04862,1.00,1.50
2016.07.28 13:01:46.166,1.0486,1.04863,1.57,1.00
2016.07.28 13:01:46.218,1.0486,1.04864,1.10,3.37
2016.07.28 13:01:46.308,1.04859,1.04864,1.87,2.69
2016.07.28 13:01:46.359,1.0486,1.04865,1.10,2.20
2016.07.28 13:01:46.411,1.0486,1.04865,2.25,2.01
2016.07.28 13:01:46.462,1.04862,1.04866,1.50,1.56
2016.07.28 13:01:46.513,1.04862,1.04867,1.95,1.47
2016.07.28 13:01:46.564,1.04863,1.04867,1.00,1.10
2016.07.28 13:01:46.666,1.04863,1.04868,1.00,4.12
2016.07.28 13:01:46.717,1.04863,1.04868,1.00,2.25
2016.07.28 13:01:46.769,1.04863,1.04868,1.00,3.75
2016.07.28 13:01:46.972,1.04863,1.04868,1.00,4.12
2016.07.28 13:01:47.024,1.04862,1.04868,3.07,4.50
2016.07.28 13:01:47.081,1.04862,1.04867,1.57,2.70
2016.07.28 13:01:47.205,1.04862,1.04867,1.10,3.45
2016.07.28 13:01:47.357,1.04862,1.04867,1.10,1.20
2016.07.28 13:01:47.408,1.04862,1.04867,1.20,1.20
2016.07.28 13:01:47.611,1.04862,1.04867,1.10,1.20
2016.07.28 13:01:48.708,1.04862,1.04868,1.57,4.50
2016.07.28 13:01:48.759,1.04863,1.04868,1.25,4.50
2016.07.28 13:01:48.810,1.04864,1.04868,1.00,3.00
2016.07.28 13:01:48.861,1.04865,1.04869,1.00,4.31
2016.07.28 13:01:48.912,1.04865,1.04868,1.00,1.12
2016.07.28 13:01:48.963,1.04866,1.04868,1.00,1.00
2016.07.28 13:01:49.014,1.04866,1.0487,1.00,2.32
2016.07.28 13:01:49.748,1.04865,1.0487,1.57,2.32
2016.07.28 13:01:49.951,1.04866,1.0487,1.50,2.32
2016.07.28 13:01:50.002,1.04866,1.04871,1.87,3.00
2016.07.28 13:01:50.053,1.04865,1.0487,1.76,1.15
2016.07.28 13:01:50.104,1.04865,1.0487,2.14,2.36
2016.07.28 13:01:50.155,1.04866,1.0487,1.12,2.36
2016.07.28 13:01:50.279,1.04866,1.0487,1.00,2.51
2016.07.28 13:01:50.534,1.04866,1.0487,1.00,2.14
2016.07.28 13:01:50.687,1.04866,1.0487,1.10,2.06
2016.07.28 13:01:50.840,1.04866,1.0487,1.10,2.44
2016.07.28 13:01:51.306,1.04866,1.0487,1.10,2.06
2016.07.28 13:01:52.030,1.04866,1.0487,1.10,2.25
2016.07.28 13:01:52.082,1.04865,1.0487,1.87,2.25
2016.07.28 13:01:52.134,1.04864,1.04866,3.37,1.00
2016.07.28 13:01:52.185,1.04864,1.04865,1.87,1.50
2016.07.28 13:01:52.237,1.04863,1.04865,1.10,2.14
2016.07.28 13:01:52.288,1.04861,1.04865,2.62,2.89
2016.07.28 13:01:52.339,1.0486,1.04863,1.31,1.00
2016.07.28 13:01:52.390,1.0486,1.04863,1.12,2.25
2016.07.28 13:01:52.740,1.0486,1.04863,1.00,2.25
2016.07.28 13:01:53.408,1.04859,1.04862,1.57,1.00
2016.07.28 13:01:53.956,1.04859,1.04862,3.64,1.00
2016.07.28 13:01:54.007,1.04861,1.04864,1.00,1.57
2016.07.28 13:01:54.058,1.04862,1.04864,1.00,1.10
2016.07.28 13:01:54.109,1.04863,1.04865,1.00,1.87
2016.07.28 13:01:54.160,1.04863,1.04865,1.00,1.00
2016.07.28 13:01:54.216,1.04863,1.04865,1.10,1.00
2016.07.28 13:01:54.267,1.04864,1.04867,1.00,1.31
2016.07.28 13:01:54.318,1.04864,1.04867,1.00,1.12
2016.07.28 13:01:54.370,1.04863,1.04868,1.20,4.80
2016.07.28 13:01:54.420,1.04863,1.04868,1.57,4.80
2016.07.28 13:01:54.674,1.04863,1.04868,1.57,4.20
2016.07.28 13:01:54.833,1.04863,1.04868,1.20,4.20
2016.07.28 13:01:54.884,1.04863,1.04864,1.10,1.00
2016.07.28 13:01:54.935,1.04862,1.04863,2.62,1.00
2016.07.28 13:01:54.986,1.0486,1.04863,2.70,1.19
2016.07.28 13:01:55.038,1.0486,1.04863,1.10,1.19
2016.07.28 13:01:55.089,1.04861,1.04864,1.00,1.12
2016.07.28 13:01:55.140,1.04862,1.04866,1.00,5.66
2016.07.28 13:01:55.191,1.04862,1.04866,1.10,5.25
2016.07.28 13:01:55.242,1.04861,1.04866,1.87,1.50
2016.07.28 13:01:55.293,1.04861,1.04867,1.87,5.17
2016.07.28 13:01:55.344,1.04862,1.04867,1.10,5.17
2016.07.28 13:01:55.705,1.04862,1.04867,1.10,2.17
2016.07.28 13:01:55.756,1.04862,1.04867,1.10,2.36
2016.07.28 13:01:55.858,1.04861,1.04867,1.87,3.67
2016.07.28 13:01:55.909,1.04861,1.04865,1.12,1.35
2016.07.28 13:01:55.960,1.04859,1.04865,4.87,5.47
2016.07.28 13:01:56.011,1.04859,1.04865,1.87,5.47
2016.07.28 13:01:56.063,1.04859,1.04864,1.37,1.69
2016.07.28 13:01:56.114,1.04858,1.04863,1.50,2.25
2016.07.28 13:01:56.165,1.04858,1.04861,1.12,2.10
2016.07.28 13:01:56.216,1.04858,1.04861,1.10,4.16
2016.07.28 13:01:56.267,1.04856,1.04861,6.52,4.16
2016.07.28 13:01:56.318,1.04856,1.04861,2.25,4.91
2016.07.28 13:01:56.369,1.04856,1.0486,1.12,2.29
2016.07.28 13:01:56.498,1.04856,1.0486,1.12,3.29
2016.07.28 13:01:56.600,1.04856,1.0486,1.12,1.00
2016.07.28 13:01:56.701,1.04856,1.0486,1.12,3.29
2016.07.28 13:01:56.905,1.04856,1.0486,1.12,1.00
2016.07.28 13:01:57.007,1.04856,1.0486,1.12,1.25
2016.07.28 13:01:57.058,1.04855,1.0486,2.81,1.25
2016.07.28 13:01:57.211,1.04855,1.0486,4.31,1.25
2016.07.28 13:01:57.748,1.04855,1.0486,2.81,3.79
2016.07.28 13:01:57.799,1.04855,1.0486,1.62,6.03
2016.07.28 13:01:57.851,1.04854,1.0486,3.00,7.61
2016.07.28 13:01:57.901,1.04854,1.04859,3.00,2.85
2016.07.28 13:01:57.952,1.04855,1.04859,1.10,5.29
2016.07.28 13:01:58.003,1.04855,1.04859,1.10,1.25
2016.07.28 13:01:58.156,1.04855,1.04859,1.57,1.25
2016.07.28 13:01:58.943,1.04855,1.04858,1.57,1.25
2016.07.28 13:01:59.046,1.04855,1.04858,2.32,1.25
2016.07.28 13:01:59.097,1.04855,1.0486,2.32,3.71
2016.07.28 13:01:59.148,1.04855,1.0486,2.32,3.52
2016.07.28 13:01:59.200,1.04856,1.0486,2.25,1.27
2016.07.28 13:01:59.251,1.04857,1.0486,1.00,1.27
2016.07.28 13:01:59.302,1.04857,1.04861,1.00,2.59
2016.07.28 13:01:59.353,1.04857,1.04861,1.00,2.14
2016.07.28 13:01:59.404,1.04857,1.04862,2.25,6.94
2016.07.28 13:01:59.455,1.04858,1.04862,1.00,5.06
2016.07.28 13:01:59.506,1.04858,1.04861,1.00,2.06
2016.07.28 13:01:59.609,1.04858,1.04861,1.00,2.06
2016.07.28 13:01:59.989,1.04858,1.0486,1.00,1.00
2016.07.28 13:02:00.345,1.04858,1.0486,1.00,1.00
2016.07.28 13:02:00.396,1.04859,1.04861,1.00,1.12
2016.07.28 13:02:00.448,1.04859,1.04861,1.00,1.12
2016.07.28 13:02:00.550,1.04859,1.04861,1.00,1.00
2016.07.28 13:02:00.651,1.04857,1.04861,4.72,1.00
2016.07.28 13:02:00.702,1.04857,1.04861,3.22,1.00
2016.07.28 13:02:00.845,1.04857,1.04861,2.85,1.00
2016.07.28 13:02:00.997,1.04858,1.04861,1.00,1.00
2016.07.28 13:02:01.410,1.04858,1.04862,1.00,2.32
2016.07.28 13:02:01.765,1.04858,1.04862,1.00,2.92
2016.07.28 13:02:01.961,1.04857,1.04862,2.85,2.92
2016.07.28 13:02:02.063,1.04857,1.04862,3.22,2.92
2016.07.28 13:02:02.217,1.04857,1.04861,3.22,1.00
2016.07.28 13:02:02.472,1.04858,1.04861,1.00,1.00
2016.07.28 13:02:03.083,1.04858,1.04862,1.00,1.57
2016.07.28 13:02:03.185,1.04859,1.04862,1.00,1.57
2016.07.28 13:02:03.236,1.04859,1.04863,1.45,2.44
2016.07.28 13:02:03.338,1.04859,1.04863,1.45,3.19
2016.07.28 13:02:03.492,1.04858,1.04863,2.69,3.19
2016.07.28 13:02:03.545,1.04858,1.04862,2.31,1.50
2016.07.28 13:02:03.597,1.04859,1.04862,1.07,1.50
2016.07.28 13:02:04.188,1.0486,1.04862,1.50,1.50
2016.07.28 13:02:04.239,1.04861,1.04863,1.00,1.00
2016.07.28 13:02:04.290,1.04861,1.04863,1.50,1.00
2016.07.28 13:02:04.341,1.04861,1.04866,1.57,3.07
2016.07.28 13:02:04.392,1.04862,1.04866,1.00,1.95
2016.07.28 13:02:04.443,1.04862,1.04866,1.00,1.10
2016.07.28 13:02:04.545,1.04862,1.04865,1.00,1.50
2016.07.28 13:02:04.596,1.04861,1.04865,1.95,1.50
2016.07.28 13:02:06.585,1.04861,1.04865,1.20,1.50
2016.07.28 13:02:06.687,1.04861,1.04865,1.95,1.50
2016.07.28 13:02:07.696,1.04861,1.04865,1.20,1.50
2016.07.28 13:02:07.747,1.04861,1.04865,1.10,2.25
2016.07.28 13:02:07.848,1.0486,1.04865,3.37,2.50
2016.07.28 13:02:07.927,1.0486,1.04866,1.87,4.76
2016.07.28 13:02:07.978,1.04861,1.04866,1.10,4.76
2016.07.28 13:02:08.029,1.04861,1.04865,1.10,1.50
2016.07.28 13:02:08.080,1.0486,1.04865,3.56,1.50
2016.07.28 13:02:08.436,1.0486,1.04866,3.56,2.14
2016.07.28 13:02:08.487,1.04861,1.04866,1.10,2.14
2016.07.28 13:02:08.538,1.04861,1.04865,1.10,1.50
2016.07.28 13:02:09.229,1.04861,1.04865,1.10,1.50
2016.07.28 13:02:09.281,1.0486,1.04865,1.87,1.50
2016.07.28 13:02:09.333,1.0486,1.04865,1.87,1.50
2016.07.28 13:02:09.384,1.04859,1.04865,5.50,3.67
2016.07.28 13:02:09.435,1.04859,1.04863,3.00,1.50
2016.07.28 13:02:09.486,1.04859,1.04863,1.10,3.37
2016.07.28 13:02:09.537,1.04858,1.04863,1.87,3.37
2016.07.28 13:02:09.588,1.04858,1.04863,2.25,3.37
2016.07.28 13:02:09.638,1.04858,1.04863,1.87,3.37
2016.07.28 13:02:09.689,1.04858,1.04863,1.87,3.00
2016.07.28 13:02:09.842,1.04858,1.04863,1.87,3.75
2016.07.28 13:02:10.049,1.04858,1.04863,1.87,4.12
2016.07.28 13:02:10.103,1.04859,1.04863,1.10,4.12
2016.07.28 13:02:10.155,1.04859,1.04862,1.10,1.50
2016.07.28 13:02:10.308,1.04858,1.04862,1.87,1.50
2016.07.28 13:02:10.409,1.04859,1.04862,1.10,1.50
2016.07.28 13:02:10.613,1.04858,1.04862,2.25,1.50
2016.07.28 13:02:10.664,1.04859,1.04862,1.10,1.50
2016.07.28 13:02:10.767,1.04859,1.04863,1.10,3.19
2016.07.28 13:02:10.819,1.04859,1.04863,1.57,3.19
2016.07.28 13:02:10.871,1.0486,1.04864,1.33,2.14
2016.07.28 13:02:10.976,1.04861,1.04864,1.00,2.89
2016.07.28 13:02:11.027,1.04861,1.04864,1.00,1.31
2016.07.28 13:02:11.078,1.0486,1.04864,1.10,1.31
2016.07.28 13:02:11.535,1.0486,1.04863,1.10,1.25
2016.07.28 13:02:11.586,1.0486,1.04863,1.10,1.69
2016.07.28 13:02:11.738,1.0486,1.04863,1.10,1.25
2016.07.28 13:02:11.892,1.04861,1.04863,1.00,1.25
2016.07.28 13:02:12.045,1.04861,1.04863,1.00,2.44
2016.07.28 13:02:12.096,1.04861,1.04863,1.00,3.19
2016.07.28 13:02:12.147,1.04861,1.04863,1.00,1.69
2016.07.28 13:02:12.300,1.0486,1.04863,1.50,1.69
2016.07.28 13:02:12.351,1.0486,1.04863,1.57,1.69
2016.07.28 13:02:12.402,1.04861,1.04864,1.00,1.31
2016.07.28 13:02:12.453,1.04861,1.04864,1.00,2.81
2016.07.28 13:02:12.505,1.04861,1.04863,1.50,1.25
2016.07.28 13:02:13.082,1.04862,1.04863,1.00,1.25
2016.07.28 13:02:13.234,1.04862,1.04863,3.00,1.25
2016.07.28 13:02:13.285,1.04862,1.04866,3.75,2.44
2016.07.28 13:02:13.336,1.04864,1.04866,1.50,1.37
2016.07.28 13:02:13.387,1.04865,1.04868,1.00,5.89
2016.07.28 13:02:13.437,1.04865,1.04868,2.85,5.51
2016.07.28 13:02:13.488,1.04868,1.0487,1.00,2.06
2016.07.28 13:02:13.539,1.04868,1.04871,1.50,4.31
2016.07.28 13:02:13.591,1.04868,1.04872,2.81,3.75
2016.07.28 13:02:13.641,1.04869,1.04874,1.76,5.89
2016.07.28 13:02:13.693,1.0487,1.04872,1.00,1.00
2016.07.28 13:02:13.743,1.0487,1.04872,1.00,2.25
2016.07.28 13:02:13.794,1.04871,1.04872,1.00,1.69
2016.07.28 13:02:13.845,1.0487,1.04871,1.10,1.00
2016.07.28 13:02:13.896,1.04869,1.0487,1.00,1.87
2016.07.28 13:02:13.968,1.04868,1.0487,1.87,2.62
2016.07.28 13:02:14.019,1.04867,1.04869,1.00,1.19
2016.07.28 13:02:14.070,1.04867,1.04868,1.00,1.25
2016.07.28 13:02:14.121,1.04866,1.04868,1.00,1.00
2016.07.28 13:02:14.172,1.04865,1.04868,1.87,1.00
2016.07.28 13:02:14.325,1.04865,1.04868,2.70,1.00
2016.07.28 13:02:14.376,1.04866,1.04871,1.00,5.25
2016.07.28 13:02:14.427,1.04866,1.04871,1.00,3.75
2016.07.28 13:02:14.478,1.04867,1.04871,1.50,1.95
2016.07.28 13:02:14.580,1.04868,1.04871,1.00,1.95
2016.07.28 13:02:14.631,1.04868,1.04871,1.00,1.57
2016.07.28 13:02:14.921,1.04868,1.04871,1.00,1.29
2016.07.28 13:02:14.972,1.04868,1.04871,1.00,1.29
2016.07.28 13:02:15.277,1.04868,1.04871,1.00,1.29
2016.07.28 13:02:15.379,1.04868,1.04871,1.00,1.29
2016.07.28 13:02:15.573,1.04867,1.04871,1.00,1.10
2016.07.28 13:02:15.624,1.04867,1.0487,1.00,1.50
2016.07.28 13:02:15.675,1.04866,1.0487,1.07,1.50
2016.07.28 13:02:16.134,1.04866,1.0487,2.32,1.50
2016.07.28 13:02:16.236,1.0487,1.04871,1.35,1.57
2016.07.28 13:02:16.287,1.0487,1.04872,2.10,1.31
2016.07.28 13:02:16.339,1.04872,1.04875,1.10,4.31
2016.07.28 13:02:16.390,1.04871,1.04874,8.47,4.31
2016.07.28 13:02:16.499,1.04874,1.04875,2.32,1.25
2016.07.28 13:02:16.554,1.04874,1.04878,1.57,3.75
2016.07.28 13:02:16.605,1.04874,1.04879,1.57,2.17
2016.07.28 13:02:16.657,1.04874,1.04879,1.10,3.45
2016.07.28 13:02:16.758,1.04874,1.04879,1.10,4.05
2016.07.28 13:02:17.164,1.04874,1.04879,1.10,3.45
2016.07.28 13:02:17.215,1.04874,1.04879,1.10,5.92
2016.07.28 13:02:17.317,1.04874,1.04879,1.10,4.42
2016.07.28 13:02:17.682,1.04873,1.04878,1.12,1.12
2016.07.28 13:02:17.784,1.04874,1.04876,1.10,1.00
2016.07.28 13:02:17.886,1.04874,1.04879,1.10,4.80
2016.07.28 13:02:17.938,1.04874,1.04878,1.10,1.12
2016.07.28 13:02:17.989,1.04874,1.04876,1.10,1.00
2016.07.28 13:02:18.092,1.04873,1.04878,1.12,2.62
2016.07.28 13:02:18.246,1.04873,1.04878,1.12,1.12
2016.07.28 13:02:18.406,1.04874,1.04876,1.57,1.00
2016.07.28 13:02:18.508,1.04874,1.04876,1.10,1.00
2016.07.28 13:02:18.815,1.04874,1.04879,2.32,2.32
2016.07.28 13:02:18.916,1.04875,1.04879,1.00,2.32
2016.07.28 13:02:19.069,1.04875,1.04878,1.00,1.12
2016.07.28 13:02:19.120,1.04875,1.04876,1.00,1.00
2016.07.28 13:02:20.290,1.04875,1.04876,1.00,1.00
2016.07.28 13:02:20.392,1.04875,1.04876,1.50,1.00
2016.07.28 13:02:20.495,1.04875,1.04877,2.25,1.00
2016.07.28 13:02:21.002,1.04875,1.04878,2.25,1.00
2016.07.28 13:02:21.407,1.04876,1.04878,1.00,1.00
2016.07.28 13:02:21.610,1.04876,1.04878,1.50,1.00
2016.07.28 13:02:21.662,1.04876,1.04878,3.00,1.00
2016.07.28 13:02:21.713,1.04877,1.04881,1.50,4.95
2016.07.28 13:02:21.764,1.04877,1.04881,3.00,3.07
2016.07.28 13:02:21.815,1.04879,1.04881,1.00,1.00
2016.07.28 13:02:21.866,1.04879,1.04882,1.00,1.65
2016.07.28 13:02:21.916,1.0488,1.04883,1.00,1.10
2016.07.28 13:02:21.967,1.0488,1.04884,1.00,4.50
2016.07.28 13:02:22.018,1.0488,1.04882,1.00,1.00
2016.07.28 13:02:22.306,1.0488,1.04881,1.50,1.00
2016.07.28 13:02:22.515,1.0488,1.04882,2.25,1.00
2016.07.28 13:02:22.618,1.04881,1.04882,1.50,1.00
2016.07.28 13:02:22.720,1.04881,1.04884,1.00,1.50
2016.07.28 13:02:22.924,1.0488,1.04884,1.57,1.50
2016.07.28 13:02:23.191,1.0488,1.04883,1.10,1.50
2016.07.28 13:02:23.395,1.0488,1.04884,1.57,1.50
2016.07.28 13:02:23.446,1.0488,1.04884,1.57,2.25
2016.07.28 13:02:23.497,1.0488,1.04883,1.10,1.50
2016.07.28 13:02:23.702,1.0488,1.04883,1.57,1.50
2016.07.28 13:02:24.267,1.0488,1.04885,1.57,2.89
2016.07.28 13:02:24.318,1.04881,1.04885,1.00,2.89
2016.07.28 13:02:24.369,1.04881,1.04885,1.00,2.51
2016.07.28 13:02:24.726,1.04881,1.04885,1.50,2.51
2016.07.28 13:02:25.158,1.04883,1.04886,1.00,1.31
2016.07.28 13:02:25.209,1.04883,1.04886,1.00,1.69
2016.07.28 13:02:25.260,1.04883,1.04886,1.57,1.00
2016.07.28 13:02:25.311,1.04884,1.04887,1.00,1.50
2016.07.28 13:02:25.464,1.04884,1.04888,1.10,2.25
2016.07.28 13:02:25.515,1.04884,1.04887,1.57,1.00
2016.07.28 13:02:25.821,1.04883,1.04887,3.37,1.00
2016.07.28 13:02:26.430,1.04883,1.04886,3.37,1.00
2016.07.28 13:02:26.937,1.04883,1.04887,3.37,1.00
2016.07.28 13:02:27.089,1.04883,1.04887,4.87,1.00
2016.07.28 13:02:27.140,1.04885,1.04887,1.00,1.00
2016.07.28 13:02:27.242,1.04886,1.04889,2.25,1.87
2016.07.28 13:02:27.293,1.04886,1.0489,3.00,1.39
2016.07.28 13:02:27.366,1.04886,1.0489,3.75,2.14
2016.07.28 13:02:27.418,1.04886,1.04891,2.32,1.10
2016.07.28 13:02:27.470,1.04886,1.04887,1.57,2.85
2016.07.28 13:02:27.522,1.04884,1.04888,2.25,3.75
2016.07.28 13:02:27.573,1.04883,1.04888,6.00,2.29
2016.07.28 13:02:27.624,1.04884,1.04888,1.57,1.49
2016.07.28 13:02:27.726,1.04884,1.04886,2.32,1.00
2016.07.28 13:02:27.827,1.04885,1.04886,1.00,1.00
2016.07.28 13:02:27.929,1.04885,1.04887,1.50,1.00
2016.07.28 13:02:28.031,1.04885,1.04887,3.75,1.00
2016.07.28 13:02:28.082,1.04885,1.04887,5.32,1.00
2016.07.28 13:02:28.133,1.04887,1.04888,1.00,1.00
2016.07.28 13:02:28.234,1.04887,1.04891,1.00,3.75
2016.07.28 13:02:28.362,1.04886,1.04888,1.00,1.00
2016.07.28 13:02:28.413,1.04886,1.04891,1.50,6.04
2016.07.28 13:02:28.464,1.04886,1.04891,1.50,5.85
2016.07.28 13:02:28.515,1.04886,1.04891,1.00,5.85
2016.07.28 13:02:28.617,1.04886,1.04891,1.50,4.12
2016.07.28 13:02:28.720,1.04886,1.04891,3.00,3.37
2016.07.28 13:02:28.822,1.04888,1.04891,1.00,3.37
2016.07.28 13:02:28.924,1.04889,1.04892,1.00,2.44
2016.07.28 13:02:28.975,1.0489,1.04892,1.00,1.76
2016.07.28 13:02:29.026,1.0489,1.04893,1.00,5.81
2016.07.28 13:02:29.077,1.04891,1.04893,1.00,2.06
2016.07.28 13:02:29.128,1.04893,1.04894,1.00,1.01
2016.07.28 13:02:29.179,1.04893,1.04894,1.57,1.25
2016.07.28 13:02:29.298,1.04893,1.04896,1.00,1.69
2016.07.28 13:02:29.349,1.04895,1.04897,1.00,1.12
2016.07.28 13:02:29.400,1.04895,1.04897,1.50,1.12
2016.07.28 13:02:29.451,1.04895,1.04897,2.25,1.12
2016.07.28 13:02:29.553,1.04894,1.04898,1.95,1.69
2016.07.28 13:02:29.604,1.04895,1.04899,1.10,1.49
2016.07.28 13:02:29.655,1.04896,1.04899,1.00,1.16
2016.07.28 13:02:29.707,1.04895,1.04899,1.10,1.16
2016.07.28 13:02:29.808,1.04895,1.04899,1.10,2.66
2016.07.28 13:02:29.859,1.04895,1.04899,1.10,2.06
2016.07.28 13:02:29.910,1.04894,1.04897,1.12,1.50
2016.07.28 13:02:29.961,1.04895,1.04897,1.00,1.50
2016.07.28 13:02:30.012,1.04896,1.049,1.00,3.19
2016.07.28 13:02:30.097,1.04895,1.049,1.00,2.81
2016.07.28 13:02:30.149,1.04896,1.049,1.00,1.20
2016.07.28 13:02:30.200,1.04897,1.049,1.00,1.20
2016.07.28 13:02:30.251,1.04897,1.049,1.00,1.01
2016.07.28 13:02:30.302,1.04897,1.04902,1.12,5.66
2016.07.28 13:02:30.353,1.04896,1.04901,3.37,1.31
2016.07.28 13:02:30.404,1.04897,1.04902,1.12,2.66
2016.07.28 13:02:30.455,1.04897,1.04901,1.12,1.49
2016.07.28 13:02:30.506,1.04896,1.04901,1.87,1.16
2016.07.28 13:02:30.660,1.04896,1.04901,1.50,1.49
2016.07.28 13:02:30.863,1.04896,1.04901,1.50,1.49
2016.07.28 13:02:30.914,1.04896,1.04901,1.50,2.66
2016.07.28 13:02:30.965,1.04896,1.04901,1.50,1.49
2016.07.28 13:02:31.136,1.04896,1.04899,1.50,1.25
2016.07.28 13:02:31.288,1.04895,1.04899,4.87,1.25
2016.07.28 13:02:31.849,1.04895,1.049,5.62,1.19
2016.07.28 13:02:31.900,1.04895,1.049,7.12,1.19
2016.07.28 13:02:31.951,1.04896,1.04899,1.50,1.25
2016.07.28 13:02:32.052,1.04895,1.049,7.12,1.19
2016.07.28 13:02:32.540,1.04895,1.049,7.87,1.19
2016.07.28 13:02:32.692,1.04895,1.049,7.12,1.19
2016.07.28 13:02:32.743,1.04895,1.049,6.37,1.19
2016.07.28 13:02:33.284,1.04895,1.049,6.00,1.19
2016.07.28 13:02:33.335,1.04895,1.049,5.62,1.19
2016.07.28 13:02:33.386,1.04895,1.04901,5.62,1.99
2016.07.28 13:02:34.241,1.04895,1.04901,5.62,1.39
2016.07.28 13:02:34.494,1.04896,1.04901,1.10,1.39
2016.07.28 13:02:34.545,1.04896,1.04899,1.57,1.25
2016.07.28 13:02:34.647,1.04896,1.04899,1.20,1.25
2016.07.28 13:02:34.698,1.04895,1.04899,6.00,1.25
2016.07.28 13:02:34.749,1.04895,1.04899,5.25,1.25
2016.07.28 13:02:34.800,1.04895,1.04899,4.50,1.00
2016.07.28 13:02:34.851,1.04895,1.049,5.85,4.94
2016.07.28 13:02:34.925,1.04895,1.049,5.10,5.31
2016.07.28 13:02:34.976,1.04895,1.049,1.80,5.39
2016.07.28 13:02:35.027,1.04895,1.049,1.57,5.01
2016.07.28 13:02:35.078,1.04895,1.049,3.07,2.51
2016.07.28 13:02:35.129,1.04895,1.049,3.82,2.51
2016.07.28 13:02:35.231,1.04895,1.049,3.82,1.76
2016.07.28 13:02:35.282,1.04895,1.049,2.32,1.76
2016.07.28 13:02:35.333,1.04895,1.049,2.32,2.51
2016.07.28 13:02:35.384,1.04895,1.049,2.32,1.76
2016.07.28 13:02:35.485,1.04895,1.049,3.07,1.57
2016.07.28 13:02:35.992,1.04895,1.049,3.07,1.10
2016.07.28 13:02:36.403,1.04895,1.049,4.57,1.10
2016.07.28 13:02:36.708,1.04895,1.049,3.07,1.10
2016.07.28 13:02:36.810,1.04895,1.049,3.82,1.10
2016.07.28 13:02:37.267,1.04895,1.04901,3.82,6.37
2016.07.28 13:02:37.657,1.04895,1.04901,4.57,5.62
2016.07.28 13:02:37.708,1.04895,1.049,3.82,1.57
2016.07.28 13:02:37.911,1.04895,1.049,3.07,1.57
2016.07.28 13:02:38.168,1.04895,1.049,3.07,2.32
2016.07.28 13:02:38.422,1.04895,1.049,3.82,2.32
2016.07.28 13:02:38.832,1.04895,1.049,3.82,1.57
2016.07.28 13:02:38.882,1.04896,1.04901,1.50,5.62
2016.07.28 13:02:39.035,1.04896,1.04901,1.50,4.50
2016.07.28 13:02:39.156,1.04896,1.04901,1.50,5.25
2016.07.28 13:02:39.716,1.04896,1.04901,1.50,5.25
2016.07.28 13:02:40.214,1.04895,1.049,4.03,1.57
2016.07.28 13:02:40.826,1.04896,1.04901,1.50,4.50
2016.07.28 13:02:41.079,1.04896,1.04901,1.50,4.50
2016.07.28 13:02:44.160,1.04896,1.04901,2.25,4.50
2016.07.28 13:02:45.253,1.04896,1.04901,3.19,4.50
2016.07.28 13:02:45.304,1.04896,1.04901,3.19,3.00
2016.07.28 13:02:45.355,1.04897,1.04901,1.00,2.25
2016.07.28 13:02:45.406,1.04897,1.04901,1.50,3.75
2016.07.28 13:02:45.456,1.04897,1.04901,1.10,4.12
2016.07.28 13:02:45.675,1.04896,1.04901,5.25,4.12
2016.07.28 13:02:45.776,1.04896,1.04901,5.25,3.37
2016.07.28 13:02:46.030,1.04896,1.04901,4.95,3.45
2016.07.28 13:02:46.132,1.04897,1.04901,1.00,3.45
2016.07.28 13:02:46.822,1.04897,1.04901,1.50,3.45
2016.07.28 13:02:46.873,1.04897,1.04901,1.50,4.20
2016.07.28 13:02:47.334,1.04896,1.04901,4.95,4.20
2016.07.28 13:02:47.908,1.04897,1.04901,1.50,2.70
2016.07.28 13:02:47.960,1.04897,1.04901,1.50,1.95
2016.07.28 13:02:48.062,1.04897,1.04901,2.25,1.95
2016.07.28 13:02:48.320,1.04897,1.04901,1.50,1.95
2016.07.28 13:02:48.806,1.04896,1.04901,5.32,1.95
2016.07.28 13:02:49.571,1.04896,1.04901,6.07,1.20
2016.07.28 13:02:49.673,1.04897,1.04901,1.00,1.95
2016.07.28 13:02:50.014,1.04897,1.04901,1.00,1.20
2016.07.28 13:02:50.066,1.04897,1.04902,1.50,6.19
2016.07.28 13:02:50.119,1.04897,1.04902,2.25,6.19
2016.07.28 13:02:50.170,1.04897,1.04902,2.25,4.31
2016.07.28 13:02:50.272,1.04897,1.04902,2.25,5.81
2016.07.28 13:02:50.735,1.04897,1.04902,1.00,5.81
2016.07.28 13:02:50.786,1.04897,1.04901,1.00,1.10
2016.07.28 13:02:51.250,1.04897,1.04901,1.50,1.10
2016.07.28 13:02:51.301,1.04897,1.04901,1.57,1.00
2016.07.28 13:02:51.352,1.04897,1.04901,2.32,1.00
2016.07.28 13:02:51.577,1.04897,1.04901,1.57,1.00
2016.07.28 13:02:51.680,1.04897,1.04901,1.10,1.00
2016.07.28 13:02:51.731,1.04896,1.04901,6.37,1.50
2016.07.28 13:02:51.783,1.04896,1.04901,5.62,1.50
2016.07.28 13:02:52.190,1.04896,1.04901,5.25,1.50
2016.07.28 13:02:52.294,1.04896,1.04899,4.50,1.00
2016.07.28 13:02:52.415,1.04895,1.04897,1.90,1.87
2016.07.28 13:02:52.468,1.04894,1.04897,4.90,1.87
2016.07.28 13:02:52.570,1.04894,1.04897,4.15,1.87
2016.07.28 13:02:52.621,1.04895,1.04897,1.46,1.87
2016.07.28 13:02:52.724,1.04896,1.04899,1.69,1.95
2016.07.28 13:02:52.775,1.04896,1.04901,2.44,3.75
2016.07.28 13:02:52.826,1.04896,1.04901,2.51,2.70
2016.07.28 13:02:53.130,1.04896,1.04901,3.26,2.70
2016.07.28 13:02:53.255,1.04896,1.04901,3.26,1.95
2016.07.28 13:02:53.307,1.04896,1.04901,4.01,1.95
2016.07.28 13:02:53.358,1.04897,1.04901,3.00,1.95
2016.07.28 13:02:53.409,1.04897,1.04901,3.75,1.57
2016.07.28 13:02:53.461,1.04897,1.04901,1.50,1.57
2016.07.28 13:02:53.512,1.04897,1.04901,1.00,1.57
2016.07.28 13:02:53.614,1.04897,1.04901,1.00,1.95
2016.07.28 13:02:53.665,1.04896,1.04901,4.01,1.95
2016.07.28 13:02:53.716,1.04896,1.04901,4.01,1.57
2016.07.28 13:02:53.767,1.04896,1.04901,3.26,1.57
2016.07.28 13:02:53.818,1.04896,1.04901,3.26,3.07
2016.07.28 13:02:53.920,1.04896,1.04901,3.26,3.16
2016.07.28 13:02:54.847,1.04896,1.04901,2.51,3.16
2016.07.28 13:02:55.000,1.04896,1.04901,3.26,3.16
2016.07.28 13:02:55.531,1.04896,1.04901,4.01,3.16
2016.07.28 13:02:56.546,1.04896,1.04901,2.51,3.16
2016.07.28 13:02:56.669,1.04896,1.04901,1.76,3.16
2016.07.28 13:02:57.662,1.04896,1.049,1.76,1.00
2016.07.28 13:02:57.713,1.04896,1.049,1.76,1.50
2016.07.28 13:02:57.841,1.04896,1.049,1.76,1.12
2016.07.28 13:02:57.894,1.04896,1.049,1.69,1.20
2016.07.28 13:02:57.996,1.04896,1.049,1.69,1.10
2016.07.28 13:02:58.253,1.04895,1.049,4.84,2.32
2016.07.28 13:02:58.304,1.04895,1.049,4.84,2.70
2016.07.28 13:02:58.558,1.04895,1.049,5.59,2.70
2016.07.28 13:02:58.981,1.04895,1.04898,4.60,1.00
2016.07.28 13:02:59.032,1.04894,1.04895,3.21,1.31
2016.07.28 13:02:59.085,1.04893,1.04894,2.08,2.92
2016.07.28 13:02:59.136,1.04891,1.04893,3.37,2.85
2016.07.28 13:02:59.187,1.04891,1.04892,2.62,1.00
2016.07.28 13:02:59.238,1.04889,1.0489,4.12,3.00
2016.07.28 13:02:59.289,1.04889,1.0489,1.00,3.60
2016.07.28 13:02:59.340,1.04886,1.0489,3.00,3.79
2016.07.28 13:02:59.448,1.04885,1.0489,6.75,5.10
2016.07.28 13:02:59.500,1.04885,1.0489,1.00,4.72
2016.07.28 13:02:59.551,1.04886,1.0489,1.00,1.12
2016.07.28 13:02:59.603,1.04886,1.04891,1.00,3.00
2016.07.28 13:02:59.654,1.04887,1.04891,1.00,2.32
2016.07.28 13:02:59.705,1.04887,1.04891,1.00,1.57
2016.07.28 13:03:00.061,1.04886,1.04891,1.57,1.57
2016.07.28 13:03:00.163,1.04885,1.04891,6.97,1.57
2016.07.28 13:03:00.214,1.04885,1.04891,4.87,1.82
2016.07.28 13:03:00.266,1.04886,1.04891,1.10,1.07
2016.07.28 13:03:00.317,1.04886,1.04892,1.10,3.62
2016.07.28 13:03:00.368,1.04886,1.04892,3.07,5.12
2016.07.28 13:03:00.419,1.04886,1.04892,3.07,5.87
2016.07.28 13:03:00.470,1.04886,1.04891,3.07,1.82
2016.07.28 13:03:00.572,1.04886,1.04892,3.07,5.87
2016.07.28 13:03:00.664,1.04887,1.04891,1.00,1.07
2016.07.28 13:03:01.576,1.04885,1.04886,5.25,2.10
2016.07.28 13:03:01.627,1.04885,1.04887,2.81,1.50
2016.07.28 13:03:01.678,1.04882,1.04884,3.75,1.69
2016.07.28 13:03:01.729,1.04881,1.04883,2.25,1.69
2016.07.28 13:03:01.835,1.04882,1.04886,1.87,1.31
2016.07.28 13:03:01.886,1.04881,1.04886,1.50,1.82
2016.07.28 13:03:01.938,1.0488,1.04884,3.75,1.00
2016.07.28 13:03:01.989,1.04881,1.04884,1.10,1.00
2016.07.28 13:03:02.040,1.04881,1.04886,3.93,1.45
2016.07.28 13:03:02.142,1.04881,1.04887,3.07,7.67
2016.07.28 13:03:02.244,1.04881,1.04887,3.07,8.05
2016.07.28 13:03:02.295,1.04882,1.04887,1.50,8.05
2016.07.28 13:03:02.346,1.04883,1.04887,1.00,7.30
2016.07.28 13:03:02.397,1.04883,1.04887,1.10,5.92
2016.07.28 13:03:02.448,1.04883,1.04887,1.57,4.35
2016.07.28 13:03:02.500,1.04883,1.04887,1.57,2.10
2016.07.28 13:03:02.551,1.04884,1.04887,1.00,2.10
2016.07.28 13:03:02.602,1.04884,1.04887,1.00,1.00
2016.07.28 13:03:02.781,1.04883,1.04886,1.10,1.00
2016.07.28 13:03:02.934,1.04883,1.04887,1.57,1.00
2016.07.28 13:03:03.086,1.04883,1.04887,1.57,2.25
2016.07.28 13:03:03.188,1.04883,1.04887,1.57,1.00
2016.07.28 13:03:03.549,1.04884,1.04887,1.00,1.00
2016.07.28 13:03:03.651,1.04883,1.04887,1.57,1.00
2016.07.28 13:03:04.084,1.04883,1.04887,1.10,2.25
2016.07.28 13:03:04.236,1.04883,1.04887,1.57,1.50
2016.07.28 13:03:04.287,1.04883,1.04887,1.57,1.50
2016.07.28 13:03:04.389,1.04883,1.04888,1.57,1.20
2016.07.28 13:03:04.541,1.04886,1.04889,1.00,5.69
2016.07.28 13:03:04.592,1.04886,1.04889,1.00,4.76
2016.07.28 13:03:04.643,1.04886,1.04889,1.00,1.95
2016.07.28 13:03:04.744,1.04885,1.04889,1.50,1.95
2016.07.28 13:03:04.795,1.04886,1.0489,1.00,4.75
2016.07.28 13:03:04.846,1.04886,1.0489,1.00,4.37
2016.07.28 13:03:05.094,1.04886,1.0489,1.00,3.62
2016.07.28 13:03:05.246,1.04886,1.0489,1.00,3.32
2016.07.28 13:03:05.297,1.04885,1.04889,1.57,1.87
2016.07.28 13:03:05.453,1.04885,1.04889,1.10,1.87
2016.07.28 13:03:05.555,1.04884,1.04889,3.94,1.87
2016.07.28 13:03:05.606,1.04884,1.04888,3.94,1.50
2016.07.28 13:03:05.657,1.04885,1.04888,1.10,1.50
2016.07.28 13:03:05.759,1.04884,1.04888,3.19,1.50
2016.07.28 13:03:06.547,1.04884,1.04888,1.69,2.44
2016.07.28 13:03:06.598,1.04883,1.04888,3.00,4.54
2016.07.28 13:03:06.649,1.04883,1.04888,2.62,4.54
2016.07.28 13:03:06.700,1.04883,1.04888,1.87,4.54
2016.07.28 13:03:06.751,1.04883,1.04888,1.87,6.04
2016.07.28 13:03:06.802,1.04883,1.04888,2.62,6.41
2016.07.28 13:03:06.955,1.04883,1.04888,1.12,6.41
2016.07.28 13:03:07.093,1.04883,1.04886,1.12,1.50
2016.07.28 13:03:08.475,1.04883,1.04886,1.10,1.50
2016.07.28 13:03:08.577,1.04883,1.04886,1.57,1.50
2016.07.28 13:03:08.680,1.04883,1.04886,1.10,1.50
2016.07.28 13:03:09.087,1.04882,1.04886,2.87,1.50
2016.07.28 13:03:09.263,1.04883,1.04887,1.10,2.62
2016.07.28 13:03:09.318,1.04883,1.04887,1.10,2.87
2016.07.28 13:03:09.685,1.04883,1.04887,1.10,1.37
2016.07.28 13:03:09.891,1.04883,1.04887,1.10,1.97
2016.07.28 13:03:09.942,1.04883,1.04887,1.10,2.42
2016.07.28 13:03:09.993,1.04882,1.04886,1.12,1.50
2016.07.28 13:03:10.206,1.04882,1.04886,1.87,1.50
2016.07.28 13:03:11.542,1.04882,1.04886,1.87,1.50
2016.07.28 13:03:12.483,1.04882,1.04886,1.12,1.50
2016.07.28 13:03:12.897,1.04884,1.04887,2.25,1.10
2016.07.28 13:03:12.948,1.04885,1.0489,1.00,3.94
2016.07.28 13:03:13.000,1.04886,1.0489,1.50,3.19
2016.07.28 13:03:13.052,1.04887,1.0489,1.50,2.81
2016.07.28 13:03:13.104,1.04888,1.04891,2.50,3.82
2016.07.28 13:03:13.156,1.04888,1.04892,3.25,1.12
2016.07.28 13:03:13.208,1.04889,1.04893,1.00,3.07
2016.07.28 13:03:13.260,1.04889,1.04893,1.00,2.32
2016.07.28 13:03:13.312,1.04889,1.04893,1.00,1.57
2016.07.28 13:03:13.363,1.04889,1.04893,1.50,1.57
2016.07.28 13:03:13.414,1.04889,1.04894,1.50,3.00
2016.07.28 13:03:13.895,1.04889,1.04893,1.50,1.57
2016.07.28 13:03:14.455,1.04889,1.04893,2.32,1.57
2016.07.28 13:03:14.556,1.04889,1.04893,1.57,1.57
2016.07.28 13:03:14.709,1.04889,1.04894,1.57,3.00
2016.07.28 13:03:14.760,1.0489,1.04894,1.10,2.25
2016.07.28 13:03:14.811,1.04891,1.04895,2.25,3.19
2016.07.28 13:03:14.862,1.04892,1.04896,1.00,6.07
2016.07.28 13:03:14.913,1.04892,1.04896,1.50,1.95
2016.07.28 13:03:15.020,1.04892,1.04896,1.50,1.57
2016.07.28 13:03:15.073,1.04892,1.04896,1.00,1.57
2016.07.28 13:03:15.176,1.04891,1.04896,4.39,1.57
2016.07.28 13:03:15.278,1.04891,1.04896,3.45,1.57
2016.07.28 13:03:15.329,1.04891,1.04896,1.95,3.07
2016.07.28 13:03:15.380,1.04891,1.04896,1.95,3.07
2016.07.28 13:03:15.583,1.04891,1.04896,1.20,5.17
2016.07.28 13:03:15.634,1.04891,1.04896,1.10,5.55
2016.07.28 13:03:15.786,1.04891,1.04896,1.10,5.55
2016.07.28 13:03:15.939,1.04891,1.04896,1.10,5.17
2016.07.28 13:03:16.437,1.04891,1.04896,1.20,5.17
2016.07.28 13:03:16.488,1.04891,1.04896,1.20,5.17
2016.07.28 13:03:16.589,1.04891,1.04895,1.20,1.30
2016.07.28 13:03:16.640,1.04891,1.04896,1.20,5.17
2016.07.28 13:03:16.895,1.0489,1.04893,4.87,1.00
2016.07.28 13:03:16.946,1.0489,1.04892,3.37,4.35
2016.07.28 13:03:16.997,1.04889,1.0489,2.12,2.25
2016.07.28 13:03:17.048,1.04888,1.04889,1.00,1.50
2016.07.28 13:03:17.224,1.04885,1.04887,1.87,1.50
2016.07.28 13:03:17.275,1.04885,1.04887,2.25,1.50
2016.07.28 13:03:17.377,1.04885,1.04887,1.95,1.50
2016.07.28 13:03:17.478,1.04885,1.04887,1.57,1.50
2016.07.28 13:03:17.580,1.04886,1.04887,1.00,1.50
2016.07.28 13:03:18.087,1.04885,1.04887,1.10,1.50
2016.07.28 13:03:18.139,1.04885,1.04887,1.10,1.00
2016.07.28 13:03:18.190,1.04884,1.04886,4.12,1.00
2016.07.28 13:03:18.241,1.04883,1.04885,1.01,1.50
2016.07.28 13:03:18.425,1.04883,1.04884,1.10,1.50
2016.07.28 13:03:18.477,1.04883,1.04884,2.32,1.50
2016.07.28 13:03:18.528,1.04883,1.04884,1.10,1.50
2016.07.28 13:03:18.986,1.04882,1.04884,2.25,1.50
2016.07.28 13:03:19.596,1.04882,1.04884,2.25,1.00
2016.07.28 13:03:19.744,1.04883,1.04884,1.10,1.50
2016.07.28 13:03:19.795,1.04883,1.04884,1.00,1.50
2016.07.28 13:03:20.355,1.04882,1.04883,1.95,1.50
2016.07.28 13:03:20.631,1.04882,1.04883,1.10,1.50
2016.07.28 13:03:20.683,1.04881,1.04883,1.50,1.50
2016.07.28 13:03:20.785,1.0488,1.04883,7.12,1.50
2016.07.28 13:03:20.836,1.0488,1.04883,5.25,1.50
2016.07.28 13:03:20.887,1.0488,1.04883,3.00,1.50
2016.07.28 13:03:20.938,1.0488,1.04883,2.25,1.50
2016.07.28 13:03:20.989,1.04881,1.04883,1.12,1.50
2016.07.28 13:03:21.142,1.04881,1.04882,1.12,1.00
2016.07.28 13:03:21.193,1.04881,1.04882,1.12,1.50
2016.07.28 13:03:21.346,1.0488,1.04882,3.19,1.00
2016.07.28 13:03:21.449,1.0488,1.04881,2.51,1.50
2016.07.28 13:03:22.928,1.0488,1.04881,1.01,1.50
2016.07.28 13:03:22.979,1.04879,1.04881,3.56,1.50
2016.07.28 13:03:23.030,1.04879,1.04881,2.06,1.00
2016.07.28 13:03:23.081,1.04879,1.04881,1.19,1.50
2016.07.28 13:03:23.132,1.04879,1.0488,1.00,1.00
2016.07.28 13:03:23.183,1.04876,1.04878,3.56,1.50
2016.07.28 13:03:23.234,1.04876,1.04877,2.06,1.00
2016.07.28 13:03:23.285,1.04875,1.04877,1.66,1.00
2016.07.28 13:03:23.336,1.04875,1.04877,2.70,1.00
2016.07.28 13:03:23.388,1.04876,1.04878,1.00,1.50
2016.07.28 13:03:23.439,1.04876,1.04878,2.50,1.50
2016.07.28 13:03:23.677,1.04876,1.04877,1.00,1.50
2016.07.28 13:03:23.728,1.04875,1.04877,1.76,1.00
2016.07.28 13:03:23.779,1.04875,1.04877,1.10,1.00
2016.07.28 13:03:23.830,1.04876,1.04877,1.00,1.50
2016.07.28 13:03:23.881,1.04875,1.04877,1.00,1.50
2016.07.28 13:03:24.389,1.04875,1.04876,1.10,1.50
2016.07.28 13:03:24.491,1.04874,1.04876,3.37,1.50
2016.07.28 13:03:24.608,1.04874,1.04876,1.20,1.50
2016.07.28 13:03:24.659,1.04874,1.04876,1.10,1.50
2016.07.28 13:03:25.892,1.04875,1.04876,1.00,1.50
2016.07.28 13:03:26.147,1.04875,1.04877,1.00,1.50
2016.07.28 13:03:26.452,1.04875,1.04877,3.25,1.50
2016.07.28 13:03:26.503,1.04875,1.04877,3.32,1.50
2016.07.28 13:03:26.605,1.04875,1.04876,3.07,1.50
2016.07.28 13:03:29.437,1.04875,1.04877,3.32,1.50
2016.07.28 13:03:30.336,1.04875,1.04876,3.07,1.50
2016.07.28 13:03:30.437,1.04875,1.04876,1.00,1.50
2016.07.28 13:03:30.488,1.04873,1.04875,3.37,1.00
2016.07.28 13:03:30.539,1.04873,1.04875,1.12,1.00
2016.07.28 13:03:30.590,1.04872,1.04874,1.69,1.00
2016.07.28 13:03:30.692,1.04873,1.04874,1.00,1.00
2016.07.28 13:03:30.812,1.04873,1.04875,1.00,1.50
2016.07.28 13:03:31.320,1.04873,1.04874,1.00,1.50
2016.07.28 13:03:31.524,1.04871,1.04873,3.56,1.00
2016.07.28 13:03:31.575,1.04871,1.04872,2.62,1.50
2016.07.28 13:03:31.747,1.04873,1.04874,1.00,1.50
2016.07.28 13:03:32.408,1.04871,1.04872,2.62,1.50
2016.07.28 13:03:32.459,1.04871,1.04872,1.12,1.50
2016.07.28 13:03:32.940,1.04871,1.04873,1.12,1.00
2016.07.28 13:03:32.992,1.04871,1.04873,1.87,1.00
2016.07.28 13:03:33.043,1.04873,1.04874,1.00,1.50
2016.07.28 13:03:33.094,1.04871,1.04873,3.00,1.00
2016.07.28 13:03:33.197,1.04871,1.04872,3.00,1.50
2016.07.28 13:03:33.607,1.04873,1.04874,1.00,1.50
2016.07.28 13:03:33.733,1.04871,1.04872,3.00,1.50
2016.07.28 13:03:34.242,1.04871,1.04872,1.50,1.50
2016.07.28 13:03:34.772,1.0487,1.04872,2.18,1.50
2016.07.28 13:03:34.824,1.0487,1.04872,1.30,1.50
2016.07.28 13:03:34.876,1.04869,1.04871,4.20,1.00
2016.07.28 13:03:34.928,1.04868,1.04871,3.94,1.50
2016.07.28 13:03:34.979,1.04868,1.04871,2.06,1.50
2016.07.28 13:03:35.031,1.04869,1.04871,1.10,1.50
2016.07.28 13:03:35.133,1.04868,1.04869,1.88,1.00
2016.07.28 13:03:35.185,1.04868,1.04869,1.00,1.50
2016.07.28 13:03:35.236,1.04867,1.04869,1.20,1.50
2016.07.28 13:03:35.400,1.04867,1.04869,1.10,1.50
2016.07.28 13:03:37.233,1.04868,1.04869,1.00,1.50
2016.07.28 13:03:39.360,1.04868,1.04869,1.00,1.00
2016.07.28 13:03:39.478,1.04868,1.0487,1.00,1.50
2016.07.28 13:03:40.093,1.04868,1.0487,2.25,1.50
2016.07.28 13:03:40.144,1.04869,1.0487,1.10,1.50
2016.07.28 13:03:40.327,1.04868,1.0487,2.62,1.50
2016.07.28 13:03:40.378,1.04868,1.0487,1.12,1.50
2016.07.28 13:03:40.632,1.04869,1.0487,1.10,1.50
2016.07.28 13:03:40.736,1.04868,1.0487,2.25,1.50
2016.07.28 13:03:40.788,1.04866,1.04869,1.76,1.00
2016.07.28 13:03:40.839,1.04866,1.04867,1.95,1.50
2016.07.28 13:03:41.066,1.04866,1.04867,1.20,1.50
2016.07.28 13:03:41.117,1.04866,1.04867,1.95,1.50
2016.07.28 13:03:42.563,1.04866,1.04867,1.10,1.50
2016.07.28 13:03:44.429,1.04866,1.04867,1.10,1.00
2016.07.28 13:03:44.480,1.04867,1.04868,1.50,1.00
2016.07.28 13:03:44.531,1.04869,1.04871,1.00,2.25
2016.07.28 13:03:44.582,1.04869,1.04871,1.00,1.87
2016.07.28 13:03:44.633,1.04869,1.0487,1.00,1.50
2016.07.28 13:03:44.917,1.04869,1.0487,1.12,1.50
2016.07.28 13:03:45.842,1.04869,1.0487,1.00,1.50
2016.07.28 13:03:48.939,1.04867,1.04869,1.87,1.00
2016.07.28 13:03:49.041,1.04867,1.04868,1.50,1.50
2016.07.28 13:03:49.260,1.04866,1.04868,2.51,1.00
2016.07.28 13:03:49.311,1.04866,1.04867,1.01,1.00
2016.07.28 13:03:49.362,1.04865,1.04867,3.19,1.50
2016.07.28 13:03:49.464,1.04866,1.04867,1.01,1.50
2016.07.28 13:03:50.458,1.04865,1.04867,3.00,1.00
2016.07.28 13:03:50.509,1.04865,1.04867,2.81,1.00
2016.07.28 13:03:50.813,1.04864,1.04867,3.37,1.00
2016.07.28 13:03:51.017,1.04865,1.04866,1.00,1.00
2016.07.28 13:03:51.068,1.04864,1.04866,1.10,1.00
2016.07.28 13:03:51.169,1.04863,1.04866,1.56,1.00
2016.07.28 13:03:51.617,1.04864,1.04866,1.10,1.00
2016.07.28 13:03:52.200,1.04863,1.04866,2.81,1.00
2016.07.28 13:03:52.251,1.04863,1.04865,2.62,1.50
2016.07.28 13:03:52.302,1.04863,1.04864,1.12,1.50
2016.07.28 13:03:52.353,1.04862,1.04864,2.81,1.50
2016.07.28 13:03:52.404,1.04862,1.04864,1.31,1.50
2016.07.28 13:03:52.455,1.04862,1.04864,1.00,1.50
2016.07.28 13:03:55.744,1.04861,1.04862,1.33,1.50
2016.07.28 13:03:55.796,1.0486,1.04862,2.57,1.00
2016.07.28 13:03:55.847,1.0486,1.04861,2.32,1.50
2016.07.28 13:03:55.898,1.0486,1.04861,1.10,1.50
2016.07.28 13:03:56.202,1.0486,1.04861,2.32,1.50
2016.07.28 13:03:56.913,1.0486,1.04861,1.10,1.50
2016.07.28 13:03:57.089,1.0486,1.04861,1.00,1.50
2016.07.28 13:03:57.761,1.04859,1.04861,1.95,1.50
2016.07.28 13:03:57.863,1.0486,1.04861,1.00,1.50
2016.07.28 13:03:59.578,1.0486,1.04862,1.00,1.50
2016.07.28 13:04:00.216,1.0486,1.04862,2.25,1.50
2016.07.28 13:04:00.769,1.0486,1.04861,2.25,1.50
2016.07.28 13:04:00.923,1.0486,1.04861,1.00,1.50
2016.07.28 13:04:01.287,1.04859,1.04861,1.20,1.00
2016.07.28 13:04:01.441,1.04858,1.0486,1.50,1.00
2016.07.28 13:04:01.492,1.04858,1.0486,1.50,1.50
2016.07.28 13:04:01.645,1.04859,1.0486,1.10,1.50
2016.07.28 13:04:02.787,1.04858,1.0486,1.50,1.50
2016.07.28 13:04:02.889,1.04857,1.04858,1.10,1.00
2016.07.28 13:04:03.061,1.04856,1.04858,5.00,1.50
2016.07.28 13:04:03.112,1.04856,1.04858,7.25,1.00
2016.07.28 13:04:03.164,1.04857,1.04858,1.10,1.00
2016.07.28 13:04:03.216,1.04858,1.04859,2.32,1.00
2016.07.28 13:04:03.318,1.0486,1.04861,1.00,1.87
2016.07.28 13:04:03.369,1.0486,1.04862,1.00,2.62
2016.07.28 13:04:03.725,1.0486,1.04861,1.00,1.50
2016.07.28 13:04:03.776,1.0486,1.04861,1.00,1.50
2016.07.28 13:04:03.827,1.04859,1.04861,3.07,1.00
2016.07.28 13:04:03.879,1.04859,1.04861,2.32,1.00
2016.07.28 13:04:03.930,1.0486,1.04861,1.00,1.50
2016.07.28 13:04:03.981,1.04859,1.0486,1.10,1.00
2016.07.28 13:04:04.848,1.04859,1.0486,1.10,1.50
2016.07.28 13:04:07.050,1.04859,1.0486,1.57,1.50
2016.07.28 13:04:07.254,1.04859,1.0486,1.10,1.50
2016.07.28 13:04:07.520,1.04859,1.0486,1.20,1.50
2016.07.28 13:04:07.722,1.04859,1.0486,1.95,1.50
2016.07.28 13:04:08.027,1.04858,1.0486,2.25,1.00
2016.07.28 13:04:08.078,1.04858,1.0486,1.12,1.69
2016.07.28 13:04:08.129,1.04857,1.0486,2.62,1.69
2016.07.28 13:04:08.180,1.04856,1.04858,2.25,1.00
2016.07.28 13:04:08.232,1.04856,1.04857,1.50,1.00
2016.07.28 13:04:08.283,1.04856,1.04857,1.00,1.00
2016.07.28 13:04:08.334,1.04856,1.04857,1.00,1.50
2016.07.28 13:04:08.457,1.04856,1.04857,1.00,2.25
2016.07.28 13:04:08.509,1.04853,1.04855,2.62,1.50
2016.07.28 13:04:08.560,1.04853,1.04855,1.50,1.50
2016.07.28 13:04:08.611,1.04852,1.04854,1.10,1.00
2016.07.28 13:04:08.764,1.04848,1.0485,5.92,1.00
2016.07.28 13:04:08.815,1.04848,1.0485,8.55,1.00
2016.07.28 13:04:08.867,1.04848,1.04849,6.60,1.00
2016.07.28 13:04:08.918,1.04847,1.04848,1.00,1.00
2016.07.28 13:04:08.969,1.04847,1.04848,1.25,1.00
2016.07.28 13:04:09.020,1.04847,1.04848,2.06,1.00
2016.07.28 13:04:09.071,1.04847,1.04849,1.87,2.44
2016.07.28 13:04:09.123,1.04847,1.04848,1.12,1.00
2016.07.28 13:04:09.175,1.04844,1.04846,3.07,1.00
2016.07.28 13:04:09.261,1.04845,1.04847,1.50,1.50
2016.07.28 13:04:09.315,1.04843,1.04844,1.00,1.00
2016.07.28 13:04:09.367,1.04843,1.04845,1.00,1.50
2016.07.28 13:04:09.418,1.04843,1.04844,1.00,1.00
2016.07.28 13:04:09.469,1.04843,1.04845,1.00,1.50
2016.07.28 13:04:09.521,1.04843,1.04844,2.25,1.00
2016.07.28 13:04:09.623,1.04843,1.04844,2.25,1.50
2016.07.28 13:04:09.675,1.04843,1.04844,1.00,1.50
2016.07.28 13:04:09.726,1.04843,1.04844,1.00,1.00
2016.07.28 13:04:09.777,1.04844,1.04845,1.00,1.12
2016.07.28 13:04:09.829,1.04844,1.04845,1.00,1.87
2016.07.28 13:04:09.880,1.04843,1.04845,1.00,1.50
2016.07.28 13:04:10.049,1.04842,1.04844,1.00,1.50
2016.07.28 13:04:10.152,1.04841,1.04844,1.10,1.50
2016.07.28 13:04:10.203,1.04841,1.04843,1.10,1.00
2016.07.28 13:04:10.256,1.04842,1.04844,1.00,1.50
2016.07.28 13:04:10.307,1.04842,1.04843,1.00,1.00
2016.07.28 13:04:10.359,1.04842,1.04844,1.00,1.50
2016.07.28 13:04:10.410,1.04842,1.04843,1.50,1.00
2016.07.28 13:04:10.462,1.04842,1.04844,1.00,1.50
2016.07.28 13:04:10.514,1.04842,1.04844,1.00,1.00
2016.07.28 13:04:10.565,1.04843,1.04845,1.00,1.69
2016.07.28 13:04:10.719,1.04843,1.04844,1.00,1.00
2016.07.28 13:04:10.770,1.04843,1.04844,1.00,1.50
2016.07.28 13:04:11.367,1.04843,1.04844,1.00,1.00
2016.07.28 13:04:11.621,1.04843,1.04845,1.00,1.25
2016.07.28 13:04:11.672,1.04842,1.04845,1.00,1.25
2016.07.28 13:04:11.796,1.04843,1.04845,1.00,1.25
2016.07.28 13:04:12.254,1.04843,1.04845,1.00,1.25
2016.07.28 13:04:12.457,1.04843,1.04845,1.00,1.25
2016.07.28 13:04:12.835,1.04843,1.04845,1.00,1.00
2016.07.28 13:04:13.038,1.04843,1.04845,1.00,1.00
2016.07.28 13:04:13.140,1.04844,1.04846,7.31,1.20
2016.07.28 13:04:13.191,1.04845,1.04846,2.81,1.20
2016.07.28 13:04:13.242,1.04846,1.04847,1.20,1.12
2016.07.28 13:04:13.294,1.04848,1.04849,1.00,1.12
2016.07.28 13:04:13.345,1.04848,1.0485,2.32,5.81
2016.07.28 13:04:13.396,1.04851,1.04852,1.00,3.37
2016.07.28 13:04:13.447,1.04851,1.04853,1.00,1.87
2016.07.28 13:04:13.498,1.04852,1.04854,1.12,2.81
2016.07.28 13:04:13.548,1.04852,1.04854,1.12,1.62
2016.07.28 13:04:13.600,1.04852,1.04854,1.12,1.25
2016.07.28 13:04:13.750,1.04851,1.04854,1.37,1.25
2016.07.28 13:04:13.802,1.04849,1.04851,1.00,1.00
2016.07.28 13:04:13.853,1.04849,1.04851,1.50,1.00
2016.07.28 13:04:13.904,1.04849,1.04851,1.00,1.00
2016.07.28 13:04:15.125,1.04849,1.04852,1.00,2.92
2016.07.28 13:04:15.525,1.04849,1.04852,1.00,1.42
2016.07.28 13:04:16.379,1.04849,1.04852,1.00,1.10
2016.07.28 13:04:16.430,1.04849,1.04852,1.00,1.42
2016.07.28 13:04:17.113,1.04849,1.04852,1.00,1.10
2016.07.28 13:04:17.937,1.04849,1.04852,1.00,2.92
2016.07.28 13:04:17.988,1.04848,1.04851,1.00,1.50
2016.07.28 13:04:18.040,1.04848,1.0485,1.00,3.10
2016.07.28 13:04:18.091,1.04847,1.0485,1.12,3.10
2016.07.28 13:04:18.142,1.04846,1.04849,1.57,1.00
2016.07.28 13:04:18.360,1.04846,1.04849,2.32,1.00
2016.07.28 13:04:18.583,1.04847,1.04849,1.00,1.00
2016.07.28 13:04:19.005,1.04847,1.0485,1.00,1.33
2016.07.28 13:04:19.107,1.04846,1.0485,1.20,1.33
2016.07.28 13:04:19.361,1.04846,1.0485,1.20,1.75
2016.07.28 13:04:19.412,1.04846,1.04849,1.10,1.00
2016.07.28 13:04:19.933,1.04846,1.04849,1.47,1.00
2016.07.28 13:04:20.339,1.04846,1.04849,1.57,1.00
2016.07.28 13:04:20.894,1.04846,1.04849,1.10,1.50
2016.07.28 13:04:21.017,1.04845,1.04848,2.25,1.00
2016.07.28 13:04:21.270,1.04845,1.04848,2.25,1.33
2016.07.28 13:04:21.321,1.04845,1.04848,1.50,1.33
2016.07.28 13:04:21.423,1.04845,1.04848,1.12,1.33
2016.07.28 13:04:21.576,1.04846,1.04848,1.00,1.00
2016.07.28 13:04:21.627,1.04846,1.04848,1.50,1.00
2016.07.28 13:04:21.729,1.04847,1.04849,1.00,1.00
2016.07.28 13:04:21.853,1.04847,1.04849,1.50,1.00
2016.07.28 13:04:22.984,1.04846,1.04849,1.10,1.00
2016.07.28 13:04:23.136,1.04846,1.0485,1.10,1.33
2016.07.28 13:04:23.599,1.04846,1.0485,1.10,1.37
2016.07.28 13:04:24.453,1.04846,1.0485,1.10,2.12
2016.07.28 13:04:24.555,1.04846,1.04849,1.10,1.00
2016.07.28 13:04:25.913,1.04846,1.04849,1.10,1.33
2016.07.28 13:04:26.397,1.04846,1.04849,1.57,1.33
2016.07.28 13:04:26.448,1.04847,1.04849,1.50,1.33
2016.07.28 13:04:26.500,1.04848,1.0485,1.00,1.00
2016.07.28 13:04:26.551,1.04849,1.04852,1.00,2.51
2016.07.28 13:04:26.674,1.04848,1.04852,1.50,1.39
2016.07.28 13:04:26.725,1.04849,1.04852,1.00,1.39
2016.07.28 13:04:26.929,1.04849,1.04852,1.50,1.39
2016.07.28 13:04:26.980,1.0485,1.04852,1.50,1.31
2016.07.28 13:04:27.032,1.04852,1.04854,1.00,2.89
2016.07.28 13:04:27.083,1.04852,1.04854,1.00,2.51
2016.07.28 13:04:27.134,1.04851,1.04854,1.20,1.31
2016.07.28 13:04:27.308,1.0485,1.04852,3.37,1.12
2016.07.28 13:04:27.360,1.04849,1.04852,1.37,1.12
2016.07.28 13:04:27.480,1.04849,1.04853,1.37,4.69
2016.07.28 13:04:27.531,1.04848,1.04851,1.20,1.12
2016.07.28 13:04:27.583,1.04848,1.04851,1.20,1.31
2016.07.28 13:04:27.633,1.04848,1.04851,1.95,1.31
2016.07.28 13:04:27.684,1.04849,1.04851,1.00,1.31
2016.07.28 13:04:28.264,1.04848,1.04851,1.10,1.31
2016.07.28 13:04:28.316,1.04848,1.04851,1.10,2.06
2016.07.28 13:04:28.367,1.04846,1.0485,1.74,2.06
2016.07.28 13:04:28.418,1.04845,1.04849,2.25,1.00
2016.07.28 13:04:28.523,1.04846,1.04848,1.00,1.00
2016.07.28 13:04:28.574,1.04846,1.04848,1.50,1.00
2016.07.28 13:04:28.627,1.04846,1.0485,1.57,1.31
2016.07.28 13:04:28.678,1.04846,1.0485,1.10,1.31
2016.07.28 13:04:28.729,1.04847,1.0485,1.12,1.31
2016.07.28 13:04:28.933,1.04847,1.0485,1.00,1.31
2016.07.28 13:04:31.299,1.04848,1.0485,1.00,1.12
2016.07.28 13:04:31.351,1.04848,1.04851,1.00,1.20
2016.07.28 13:04:31.402,1.04848,1.04851,1.00,1.10
2016.07.28 13:04:31.707,1.04847,1.04851,1.00,1.10
2016.07.28 13:04:32.171,1.04847,1.04851,1.57,1.00
2016.07.28 13:04:32.324,1.04848,1.04851,1.00,1.00
2016.07.28 13:04:35.530,1.0485,1.04852,1.00,2.89
2016.07.28 13:04:35.582,1.04851,1.04853,1.50,3.19
2016.07.28 13:04:35.667,1.04851,1.04853,1.50,2.06
2016.07.28 13:04:35.718,1.04851,1.04853,1.50,2.06
2016.07.28 13:04:35.769,1.04851,1.04853,1.50,1.31
2016.07.28 13:04:35.935,1.04852,1.04853,2.29,1.05
2016.07.28 13:04:35.987,1.04852,1.04854,2.29,1.87
2016.07.28 13:04:36.038,1.04855,1.04856,1.50,2.44
2016.07.28 13:04:36.089,1.04856,1.04857,1.00,3.26
2016.07.28 13:04:36.140,1.04857,1.04858,1.00,3.00
2016.07.28 13:04:36.191,1.04858,1.0486,1.00,3.94
2016.07.28 13:04:36.242,1.04859,1.04861,1.00,2.89
2016.07.28 13:04:36.293,1.04859,1.04861,1.00,2.51
2016.07.28 13:04:36.344,1.04859,1.0486,1.50,1.25
2016.07.28 13:04:36.395,1.0486,1.04862,1.00,5.44
2016.07.28 13:04:36.446,1.0486,1.04862,1.00,2.44
2016.07.28 13:04:36.568,1.0486,1.04862,1.50,1.50
2016.07.28 13:04:36.624,1.0486,1.04862,1.50,1.12
2016.07.28 13:04:37.886,1.04861,1.04862,1.50,1.00
2016.07.28 13:04:38.247,1.04859,1.04862,1.00,3.04
2016.07.28 13:04:38.298,1.04858,1.04862,1.57,5.66
2016.07.28 13:04:38.349,1.04858,1.04862,1.50,6.41
2016.07.28 13:04:38.400,1.04858,1.0486,1.00,1.25
2016.07.28 13:04:38.451,1.0486,1.04862,3.37,1.12
2016.07.28 13:04:38.503,1.0486,1.04863,2.62,1.37
2016.07.28 13:04:38.554,1.04864,1.04866,1.00,2.51
2016.07.28 13:04:38.605,1.04864,1.04866,1.00,2.14
2016.07.28 13:04:39.239,1.04864,1.04866,1.50,2.14
2016.07.28 13:04:39.858,1.04862,1.04864,1.50,3.97
2016.07.28 13:04:39.909,1.04862,1.04864,1.00,4.16
2016.07.28 13:04:40.012,1.04862,1.04864,1.00,2.44
2016.07.28 13:04:40.063,1.04862,1.04864,1.00,2.89
2016.07.28 13:04:40.114,1.04859,1.04863,1.10,1.00
2016.07.28 13:04:40.166,1.04859,1.04863,1.57,1.00
2016.07.28 13:04:40.217,1.04859,1.04864,1.57,2.51
2016.07.28 13:04:40.769,1.04863,1.04864,1.00,2.51
2016.07.28 13:04:40.871,1.04863,1.04864,1.50,2.51
2016.07.28 13:04:41.024,1.04863,1.04864,1.50,1.61
2016.07.28 13:04:41.227,1.04863,1.04864,1.50,2.36
2016.07.28 13:04:41.329,1.04863,1.04864,1.50,3.86
2016.07.28 13:04:42.096,1.04862,1.04864,1.00,3.86
2016.07.28 13:04:42.299,1.04862,1.04864,1.50,3.86
2016.07.28 13:04:42.604,1.04862,1.04864,1.50,3.86
2016.07.28 13:04:42.757,1.04862,1.04864,1.50,3.11
2016.07.28 13:04:43.100,1.04862,1.04864,1.00,4.61
2016.07.28 13:04:43.151,1.04861,1.04864,1.00,6.86
2016.07.28 13:04:43.202,1.0486,1.04864,1.50,7.61
2016.07.28 13:04:43.253,1.0486,1.04864,1.50,6.86
2016.07.28 13:04:43.330,1.0486,1.04864,2.25,6.86
2016.07.28 13:04:43.382,1.04862,1.04864,1.50,3.26
2016.07.28 13:04:43.433,1.04862,1.04864,1.50,3.64
2016.07.28 13:04:43.484,1.04862,1.04864,1.50,2.89
2016.07.28 13:04:43.535,1.04862,1.04864,1.50,2.51
2016.07.28 13:04:43.639,1.04862,1.04864,1.50,1.01
2016.07.28 13:04:44.147,1.04862,1.04864,1.50,1.76
2016.07.28 13:04:44.299,1.04862,1.04864,1.00,1.76
2016.07.28 13:04:44.523,1.04862,1.04864,1.00,1.76
2016.07.28 13:04:45.056,1.04861,1.04864,1.00,1.01
2016.07.28 13:04:46.208,1.04861,1.04864,1.00,1.39
2016.07.28 13:04:46.411,1.04861,1.04864,1.00,1.01
2016.07.28 13:04:47.313,1.04861,1.04864,1.00,1.01
2016.07.28 13:04:48.221,1.04861,1.04864,1.00,1.76
2016.07.28 13:04:48.273,1.04861,1.04864,1.00,2.51
2016.07.28 13:04:48.324,1.04861,1.04864,1.00,3.94
2016.07.28 13:04:48.375,1.0486,1.04864,1.20,5.06
2016.07.28 13:04:48.426,1.0486,1.04864,1.10,5.06
2016.07.28 13:04:48.477,1.0486,1.04864,1.10,4.31
2016.07.28 13:04:48.630,1.0486,1.04864,1.10,4.31
2016.07.28 13:04:48.681,1.0486,1.04863,1.10,1.12
2016.07.28 13:04:48.732,1.0486,1.04863,1.10,4.37
2016.07.28 13:04:48.783,1.0486,1.04863,1.10,4.00
2016.07.28 13:04:49.485,1.04859,1.04863,1.12,4.00
2016.07.28 13:04:50.104,1.04859,1.04863,1.12,4.37
2016.07.28 13:04:50.208,1.04859,1.04863,1.12,4.00
2016.07.28 13:04:50.259,1.04859,1.04863,1.12,4.37
2016.07.28 13:04:50.310,1.04859,1.04863,1.12,5.87
2016.07.28 13:04:50.361,1.04859,1.04863,1.12,6.62
2016.07.28 13:04:50.412,1.04859,1.04863,1.10,8.12
2016.07.28 13:04:50.944,1.04859,1.04863,1.10,5.50
2016.07.28 13:04:50.995,1.04859,1.04863,1.10,4.00
2016.07.28 13:04:51.097,1.04858,1.04861,1.87,3.04
2016.07.28 13:04:51.148,1.04858,1.04861,1.12,4.35
2016.07.28 13:04:51.199,1.04855,1.04861,4.87,5.85
2016.07.28 13:04:51.250,1.04855,1.0486,3.00,2.44
2016.07.28 13:04:51.301,1.04856,1.0486,1.12,3.79
2016.07.28 13:04:51.352,1.04856,1.04859,1.12,2.06
2016.07.28 13:04:51.403,1.04855,1.04859,1.10,2.66
2016.07.28 13:04:51.453,1.04855,1.04859,1.10,3.04
2016.07.28 13:04:51.505,1.04855,1.04859,1.10,2.44
2016.07.28 13:04:51.661,1.04855,1.04859,1.10,3.19
2016.07.28 13:04:52.285,1.04855,1.04859,1.10,2.44
2016.07.28 13:04:52.387,1.04855,1.04859,1.10,2.44
2016.07.28 13:04:52.488,1.04855,1.04859,1.10,3.19
2016.07.28 13:04:53.441,1.04855,1.04858,1.10,1.00
2016.07.28 13:04:54.055,1.04855,1.04859,1.10,3.19
2016.07.28 13:04:54.410,1.04855,1.04859,1.10,3.94
2016.07.28 13:04:54.614,1.04854,1.04859,2.62,3.94
2016.07.28 13:04:55.440,1.04854,1.04858,1.12,2.25
2016.07.28 13:04:55.541,1.04853,1.04858,1.37,3.00
2016.07.28 13:04:55.592,1.04852,1.04858,3.37,3.37
2016.07.28 13:04:55.643,1.04852,1.04857,3.00,1.69
2016.07.28 13:04:55.745,1.04852,1.04857,3.00,1.69
2016.07.28 13:04:55.846,1.04852,1.04857,3.00,1.69
2016.07.28 13:04:56.151,1.04852,1.04858,3.00,4.69
2016.07.28 13:04:56.722,1.04852,1.04857,2.25,1.25
2016.07.28 13:04:56.773,1.04852,1.04857,1.50,1.25
2016.07.28 13:04:56.824,1.04851,1.04857,4.12,1.25
2016.07.28 13:04:56.876,1.04852,1.04856,1.12,1.50
2016.07.28 13:04:56.927,1.04852,1.04857,1.12,2.81
2016.07.28 13:04:57.081,1.04851,1.04857,3.37,2.81
2016.07.28 13:04:57.183,1.04852,1.04857,1.12,2.81
2016.07.28 13:04:57.345,1.04851,1.04857,3.37,2.81
2016.07.28 13:04:57.447,1.04852,1.04857,1.12,2.81
2016.07.28 13:04:57.866,1.04851,1.04857,3.37,2.81
2016.07.28 13:04:57.968,1.04852,1.04857,1.87,2.06
2016.07.28 13:04:58.019,1.04852,1.04857,3.00,1.69
2016.07.28 13:04:58.070,1.04853,1.04857,1.10,2.44
2016.07.28 13:04:58.172,1.04852,1.04857,2.25,2.44
2016.07.28 13:04:58.223,1.04852,1.04857,1.50,3.19
2016.07.28 13:04:59.757,1.04851,1.04857,3.00,3.19
2016.07.28 13:04:59.808,1.04851,1.04857,2.62,3.56
2016.07.28 13:04:59.910,1.04851,1.04856,1.87,1.00
2016.07.28 13:04:59.961,1.04851,1.04856,1.37,1.00
2016.07.28 13:05:00.012,1.0485,1.04856,3.75,1.57
2016.07.28 13:05:00.234,1.0485,1.04855,3.00,1.19
2016.07.28 13:05:00.285,1.0485,1.04854,1.87,1.69
2016.07.28 13:05:00.343,1.0485,1.04854,1.20,1.69
2016.07.28 13:05:00.395,1.0485,1.04855,1.10,3.86
2016.07.28 13:05:00.447,1.0485,1.04854,1.10,1.05
2016.07.28 13:05:00.498,1.04849,1.04855,3.00,3.99
2016.07.28 13:05:00.550,1.04849,1.04854,1.87,2.06
2016.07.28 13:05:00.601,1.04849,1.04854,1.87,2.44
2016.07.28 13:05:00.886,1.04849,1.04855,2.15,3.39
2016.07.28 13:05:00.989,1.04849,1.04855,2.87,3.01
2016.07.28 13:05:01.040,1.04849,1.04855,3.62,3.01
2016.07.28 13:05:01.093,1.04849,1.04855,2.90,3.01
2016.07.28 13:05:01.144,1.04849,1.04855,2.90,2.64
2016.07.28 13:05:01.359,1.04849,1.04855,2.90,4.14
2016.07.28 13:05:01.660,1.04849,1.04855,2.62,4.14
2016.07.28 13:05:01.863,1.04849,1.04855,2.90,4.14
2016.07.28 13:05:01.914,1.04849,1.04855,2.15,4.14
2016.07.28 13:05:02.118,1.04849,1.04855,2.15,3.39
2016.07.28 13:05:02.170,1.04849,1.04855,1.57,3.39
2016.07.28 13:05:02.221,1.04849,1.04855,6.97,2.64
2016.07.28 13:05:02.272,1.0485,1.04855,3.45,2.64
2016.07.28 13:05:02.323,1.0485,1.04855,8.24,2.06
2016.07.28 13:05:02.402,1.04851,1.04855,1.57,2.06
2016.07.28 13:05:02.453,1.04852,1.04855,1.00,2.06
2016.07.28 13:05:02.504,1.04852,1.04855,1.00,2.06
2016.07.28 13:05:02.555,1.04852,1.04856,1.12,2.51
2016.07.28 13:05:02.606,1.04852,1.04856,1.12,2.14
2016.07.28 13:05:02.657,1.04852,1.04856,1.00,1.76
2016.07.28 13:05:03.663,1.04853,1.04856,1.00,1.76
2016.07.28 13:05:03.968,1.04853,1.04856,1.00,1.69
2016.07.28 13:05:04.775,1.04852,1.04856,1.57,1.69
2016.07.28 13:05:05.618,1.04852,1.04856,1.57,2.44
2016.07.28 13:05:05.669,1.04852,1.04855,1.57,1.50
2016.07.28 13:05:05.720,1.04852,1.04855,1.00,1.50
2016.07.28 13:05:05.771,1.04851,1.04856,1.95,1.39
2016.07.28 13:05:05.823,1.04851,1.04856,1.20,1.39
2016.07.28 13:05:05.998,1.04851,1.04856,1.95,1.39
2016.07.28 13:05:06.253,1.04851,1.04856,1.20,1.01
2016.07.28 13:05:06.405,1.04851,1.04855,1.20,1.00
2016.07.28 13:05:06.457,1.04851,1.04855,1.20,2.25
2016.07.28 13:05:06.508,1.04851,1.04855,1.20,2.25
2016.07.28 13:05:06.718,1.04851,1.04855,1.20,2.25
2016.07.28 13:05:06.986,1.0485,1.04855,3.37,2.25
2016.07.28 13:05:07.104,1.04851,1.04855,1.20,2.25
2016.07.28 13:05:07.721,1.0485,1.04855,3.37,2.25
2016.07.28 13:05:08.049,1.0485,1.04855,2.62,3.19
2016.07.28 13:05:08.100,1.0485,1.04854,1.87,1.69
2016.07.28 13:05:08.151,1.0485,1.04854,1.57,1.69
2016.07.28 13:05:08.202,1.0485,1.04854,1.10,3.04
2016.07.28 13:05:08.254,1.04849,1.04853,1.12,1.50
2016.07.28 13:05:08.379,1.04848,1.04853,3.00,1.50
2016.07.28 13:05:09.041,1.04848,1.04852,3.00,1.00
2016.07.28 13:05:09.246,1.04848,1.04852,2.62,1.00
2016.07.28 13:05:09.507,1.04848,1.04853,2.62,3.75
2016.07.28 13:05:09.609,1.04848,1.04853,2.62,3.00
2016.07.28 13:05:11.183,1.04848,1.04853,1.87,3.75
2016.07.28 13:05:11.234,1.04848,1.04853,1.87,4.50
2016.07.28 13:05:11.336,1.04848,1.04853,1.87,3.75
2016.07.28 13:05:11.387,1.04848,1.04853,1.87,4.12
2016.07.28 13:05:11.590,1.04848,1.04853,1.12,4.12
2016.07.28 13:05:11.712,1.04848,1.04853,1.12,4.87
2016.07.28 13:05:12.237,1.04848,1.04853,1.12,4.12
2016.07.28 13:05:12.288,1.04847,1.04852,3.00,1.50
2016.07.28 13:05:12.339,1.04847,1.04852,2.62,1.50
2016.07.28 13:05:12.390,1.04848,1.04852,1.12,1.50
2016.07.28 13:05:12.492,1.04847,1.04852,2.25,1.50
2016.07.28 13:05:14.410,1.04847,1.04852,2.25,2.44
2016.07.28 13:05:14.512,1.04847,1.04852,1.87,2.44
2016.07.28 13:05:14.717,1.04847,1.04852,1.87,1.69
2016.07.28 13:05:15.512,1.04848,1.04852,1.10,1.69
2016.07.28 13:05:15.613,1.04847,1.04852,1.87,1.69
2016.07.28 13:05:15.715,1.04848,1.04852,1.10,1.69
2016.07.28 13:05:18.228,1.0485,1.04852,1.00,1.69
2016.07.28 13:05:18.279,1.04852,1.04854,3.00,1.12
2016.07.28 13:05:18.330,1.04852,1.04854,4.50,1.12
2016.07.28 13:05:18.381,1.04854,1.04855,4.12,1.50
2016.07.28 13:05:18.433,1.04856,1.04857,1.00,3.75
2016.07.28 13:05:18.484,1.04857,1.04859,1.00,2.44
2016.07.28 13:05:18.535,1.04857,1.04859,1.50,2.44
2016.07.28 13:05:18.637,1.04857,1.04859,1.00,2.44
2016.07.28 13:05:18.739,1.04857,1.04859,1.00,2.25
2016.07.28 13:05:19.035,1.04857,1.04859,1.00,1.50
2016.07.28 13:05:19.086,1.04857,1.04859,1.00,1.00
2016.07.28 13:05:19.988,1.04856,1.04859,2.32,1.00
2016.07.28 13:05:20.293,1.04856,1.04859,1.57,1.35
2016.07.28 13:05:20.345,1.04856,1.04858,1.50,1.00
2016.07.28 13:05:20.397,1.04855,1.04858,1.10,1.00
2016.07.28 13:05:20.448,1.04854,1.04858,4.12,1.00
2016.07.28 13:05:20.550,1.04855,1.04858,1.10,1.00
2016.07.28 13:05:21.241,1.04854,1.04858,2.70,1.00
2016.07.28 13:05:21.292,1.04854,1.04858,2.32,1.00
2016.07.28 13:05:22.103,1.04854,1.04858,2.32,2.25
2016.07.28 13:05:22.206,1.04854,1.04858,1.57,1.00
2016.07.28 13:05:22.660,1.04854,1.04858,1.57,1.35
2016.07.28 13:05:22.711,1.04853,1.04857,2.25,2.10
2016.07.28 13:05:22.762,1.04853,1.04856,1.12,2.17
2016.07.28 13:05:22.813,1.04852,1.04855,1.00,2.10
2016.07.28 13:05:22.965,1.04852,1.04856,1.00,2.92
2016.07.28 13:05:23.518,1.04852,1.04856,1.00,2.17
2016.07.28 13:05:24.280,1.04851,1.04856,2.70,2.17
2016.07.28 13:05:24.382,1.04851,1.04857,2.70,8.91
2016.07.28 13:05:24.658,1.04852,1.04857,1.00,6.06
2016.07.28 13:05:24.710,1.04854,1.04858,1.00,4.56
2016.07.28 13:05:24.761,1.04854,1.04858,1.50,1.10
2016.07.28 13:05:24.812,1.04855,1.04858,1.00,1.10
2016.07.28 13:05:24.863,1.04855,1.04858,1.37,1.00
2016.07.28 13:05:24.914,1.04857,1.04859,1.00,1.01
2016.07.28 13:05:24.965,1.04857,1.04859,1.00,1.25
2016.07.28 13:05:25.017,1.04858,1.04862,1.00,6.62
2016.07.28 13:05:25.074,1.04858,1.04862,1.00,5.35
2016.07.28 13:05:25.177,1.04858,1.04862,1.00,4.56
2016.07.28 13:05:25.228,1.04857,1.04862,1.00,4.56
2016.07.28 13:05:25.330,1.04857,1.04862,1.00,3.81
2016.07.28 13:05:25.381,1.04857,1.04862,1.00,2.31
2016.07.28 13:05:25.534,1.04857,1.04862,1.00,2.12
2016.07.28 13:05:25.790,1.04857,1.04862,1.10,1.82
2016.07.28 13:05:25.893,1.04857,1.04862,1.10,3.92
2016.07.28 13:05:25.944,1.04857,1.04862,1.10,2.42
2016.07.28 13:05:26.150,1.04857,1.04862,1.57,2.42
2016.07.28 13:05:26.571,1.04857,1.04862,1.10,3.17
2016.07.28 13:05:27.128,1.04857,1.04862,1.10,2.57
2016.07.28 13:05:28.708,1.04857,1.04862,1.10,4.67
2016.07.28 13:05:29.416,1.04856,1.04862,2.81,5.42
2016.07.28 13:05:29.568,1.04856,1.04862,2.81,6.55
2016.07.28 13:05:29.619,1.04855,1.04859,3.75,1.50
2016.07.28 13:05:29.670,1.04855,1.04858,1.87,1.00
2016.07.28 13:05:29.724,1.04854,1.04857,1.20,1.50
2016.07.28 13:05:29.775,1.04854,1.04857,1.10,1.50
2016.07.28 13:05:29.826,1.04854,1.04857,1.00,1.50
2016.07.28 13:05:30.756,1.04853,1.04857,3.07,1.50
2016.07.28 13:05:30.858,1.04853,1.04857,1.57,3.85
2016.07.28 13:05:30.909,1.04853,1.04857,1.10,5.35
2016.07.28 13:05:30.961,1.04851,1.04856,1.37,1.00
2016.07.28 13:05:31.012,1.0485,1.04856,4.12,1.50
2016.07.28 13:05:31.103,1.04851,1.04856,1.50,1.50
2016.07.28 13:05:31.155,1.04851,1.04856,1.50,2.25
2016.07.28 13:05:31.257,1.0485,1.04856,3.00,3.22
2016.07.28 13:05:31.308,1.0485,1.04856,3.00,2.62
2016.07.28 13:05:31.359,1.04851,1.04856,1.12,3.75
2016.07.28 13:05:31.463,1.0485,1.04856,2.25,3.75
2016.07.28 13:05:31.514,1.0485,1.04856,2.25,4.12
2016.07.28 13:05:31.566,1.0485,1.04856,2.25,3.37
