2014.02.14 10:00:00.204,1.01912,1.01916,3.08,1.10
2014.02.14 10:00:00.357,1.01915,1.01918,3.00,2.33
2014.02.14 10:00:00.610,1.01916,1.01919,1.10,1.00
2014.02.14 10:00:01.115,1.01914,1.01918,3.08,1.00
2014.02.14 10:00:01.268,1.01914,1.01918,1.10,1.10
2014.02.14 10:00:01.776,1.01916,1.01918,1.58,1.00
2014.02.14 10:00:02.282,1.01918,1.0192,1.00,1.10
2014.02.14 10:00:02.333,1.01916,1.01919,1.10,1.00
2014.02.14 10:00:02.798,1.01918,1.01919,1.10,1.00
2014.02.14 10:00:03.093,1.01918,1.01921,1.10,1.00
2014.02.14 10:00:03.600,1.01918,1.01922,1.10,6.08
2014.02.14 10:00:03.904,1.0192,1.01924,1.00,7.58
2014.02.14 10:00:04.107,1.01921,1.01925,1.18,4.50
2014.02.14 10:00:05.298,1.01923,1.01926,1.00,1.58
2014.02.14 10:00:06.209,1.01923,1.01927,1.58,1.10
2014.02.14 10:00:10.975,1.01925,1.01929,1.10,1.45
2014.02.14 10:00:11.480,1.01927,1.0193,1.00,1.10
2014.02.14 10:00:11.783,1.01931,1.01934,1.00,1.10
2014.02.14 10:00:11.935,1.01932,1.01936,1.58,1.58
2014.02.14 10:00:12.036,1.01934,1.01936,1.00,1.58
2014.02.14 10:00:12.541,1.01935,1.01937,1.00,1.00
2014.02.14 10:00:13.047,1.01934,1.01938,4.58,1.00
2014.02.14 10:00:13.350,1.01936,1.0194,1.10,1.10
2014.02.14 10:00:15.823,1.01935,1.01939,1.18,1.00
2014.02.14 10:00:15.924,1.01934,1.01937,3.08,1.00
2014.02.14 10:00:16.127,1.01934,1.01937,1.10,1.00
2014.02.14 10:00:18.648,1.01931,1.01936,1.20,1.00
2014.02.14 10:00:20.254,1.01931,1.01936,1.20,1.18
2014.02.14 10:00:22.825,1.01931,1.01936,1.20,2.03
2014.02.14 10:00:24.865,1.0193,1.01934,1.55,1.38
2014.02.14 10:00:26.336,1.0193,1.01934,3.15,1.00
2014.02.14 10:00:26.488,1.01932,1.01936,2.03,1.50
2014.02.14 10:00:27.531,1.01932,1.01936,2.78,1.38
2014.02.14 10:00:27.946,1.01932,1.01934,1.58,1.38
2014.02.14 10:00:28.315,1.01929,1.01932,7.58,1.13
2014.02.14 10:00:28.416,1.01929,1.01933,6.83,1.38
2014.02.14 10:00:28.568,1.01927,1.0193,5.70,1.00
2014.02.14 10:00:28.894,1.01927,1.01929,1.20,1.00
2014.02.14 10:00:29.369,1.01929,1.0193,1.00,1.13
2014.02.14 10:00:29.571,1.01927,1.0193,1.58,1.00
2014.02.14 10:00:31.499,1.01929,1.0193,1.00,1.00
2014.02.14 10:00:32.258,1.01929,1.0193,1.10,1.13
2014.02.14 10:00:34.166,1.01929,1.01931,1.10,1.00
2014.02.14 10:00:35.741,1.01927,1.0193,3.60,1.38
2014.02.14 10:00:36.354,1.01928,1.0193,2.10,1.10
2014.02.14 10:00:36.660,1.01927,1.01934,1.28,3.45
2014.02.14 10:00:36.862,1.01926,1.01932,1.58,2.70
2014.02.14 10:00:37.397,1.01927,1.01929,2.10,1.00
2014.02.14 10:00:37.903,1.01928,1.0193,1.58,1.13
2014.02.14 10:00:38.559,1.01929,1.0193,1.00,1.13
2014.02.14 10:00:41.737,1.01926,1.0193,5.33,1.00
2014.02.14 10:00:41.839,1.01926,1.01928,1.95,1.00
2014.02.14 10:00:41.991,1.01928,1.01932,1.00,3.30
2014.02.14 10:00:42.558,1.01929,1.0193,1.00,1.10
2014.02.14 10:00:42.911,1.01927,1.01931,1.88,1.18
2014.02.14 10:00:43.164,1.01926,1.01928,1.10,1.00
2014.02.14 10:00:43.468,1.0192,1.01924,1.18,1.38
2014.02.14 10:00:44.432,1.01919,1.01922,3.08,1.13
2014.02.14 10:00:44.484,1.01918,1.01922,1.18,2.48
2014.02.14 10:00:44.585,1.01916,1.0192,1.58,1.10
2014.02.14 10:00:44.737,1.01915,1.01918,1.10,1.58
2014.02.14 10:00:44.839,1.01912,1.01916,1.65,1.00
2014.02.14 10:00:44.891,1.01911,1.01915,4.20,1.00
2014.02.14 10:00:45.346,1.01911,1.01915,1.20,1.10
2014.02.14 10:00:46.996,1.0191,1.01914,8.25,1.00
2014.02.14 10:00:47.501,1.0191,1.01913,10.73,2.18
2014.02.14 10:00:48.327,1.0191,1.01912,1.00,1.00
2014.02.14 10:00:48.479,1.01907,1.01911,1.00,3.08
2014.02.14 10:00:48.816,1.01909,1.01913,1.58,1.10
2014.02.14 10:00:49.872,1.01909,1.01913,1.20,1.10
2014.02.14 10:00:54.657,1.01909,1.01913,6.30,1.10
2014.02.14 10:00:55.264,1.0191,1.01912,1.50,1.00
2014.02.14 10:00:57.814,1.0191,1.01912,1.00,1.00
2014.02.14 10:00:57.916,1.0191,1.01912,1.00,1.00
2014.02.14 10:00:59.402,1.01909,1.01911,1.20,1.00
2014.02.14 10:00:59.504,1.01907,1.01909,2.18,1.00
2014.02.14 10:00:59.555,1.01906,1.01909,1.28,1.00
2014.02.14 10:01:00.817,1.01907,1.01909,1.95,1.50
2014.02.14 10:01:01.019,1.01906,1.0191,1.18,1.00
2014.02.14 10:01:01.323,1.019,1.01906,1.58,3.68
2014.02.14 10:01:01.424,1.01898,1.01903,2.33,1.48
2014.02.14 10:01:01.526,1.01895,1.01899,4.58,1.00
2014.02.14 10:01:01.627,1.01895,1.01898,2.70,1.00
2014.02.14 10:01:01.930,1.01891,1.01894,1.08,1.00
2014.02.14 10:01:01.981,1.0189,1.01893,2.33,1.00
2014.02.14 10:01:02.508,1.01889,1.01892,1.50,1.00
2014.02.14 10:01:02.660,1.01888,1.01892,4.05,1.00
2014.02.14 10:01:03.175,1.01889,1.01893,1.00,1.50
2014.02.14 10:01:03.541,1.01888,1.01892,2.33,1.38
2014.02.14 10:01:04.052,1.01887,1.0189,2.33,1.13
2014.02.14 10:01:04.558,1.01887,1.01891,4.58,1.13
2014.02.14 10:01:05.087,1.01887,1.01891,3.83,1.38
2014.02.14 10:01:05.975,1.01887,1.01891,1.65,1.48
2014.02.14 10:01:06.504,1.01887,1.01891,1.58,1.48
2014.02.14 10:01:07.010,1.01887,1.01891,1.95,1.10
2014.02.14 10:01:09.613,1.01887,1.01891,1.58,1.48
2014.02.14 10:01:13.259,1.01887,1.01891,1.58,1.20
2014.02.14 10:01:14.247,1.01887,1.01891,3.75,1.13
2014.02.14 10:01:15.815,1.01889,1.01893,1.58,1.48
2014.02.14 10:01:16.384,1.01889,1.01893,1.58,1.20
2014.02.14 10:01:18.618,1.01889,1.01891,1.58,1.00
2014.02.14 10:01:19.807,1.01889,1.01892,1.10,1.13
2014.02.14 10:01:22.016,1.01889,1.01893,1.58,1.20
2014.02.14 10:01:22.550,1.01889,1.01892,1.58,1.00
2014.02.14 10:01:23.691,1.01889,1.01893,1.58,1.20
2014.02.14 10:01:25.939,1.01889,1.01894,3.08,1.38
2014.02.14 10:01:27.037,1.0189,1.01894,1.18,1.38
2014.02.14 10:01:28.540,1.01889,1.01893,1.58,1.48
2014.02.14 10:01:33.750,1.01889,1.01893,1.20,1.10
2014.02.14 10:01:35.250,1.01889,1.01892,1.58,1.00
2014.02.14 10:01:35.301,1.01888,1.01891,1.10,1.00
2014.02.14 10:01:35.453,1.01885,1.01889,1.48,1.20
2014.02.14 10:01:35.554,1.01883,1.01887,3.08,1.00
2014.02.14 10:01:35.656,1.01882,1.01886,1.65,1.00
2014.02.14 10:01:36.169,1.01881,1.01885,2.70,1.58
2014.02.14 10:01:37.053,1.01882,1.01886,1.28,1.50
2014.02.14 10:01:37.885,1.01881,1.01885,4.20,1.00
2014.02.14 10:01:38.401,1.01881,1.01885,1.88,1.18
2014.02.14 10:01:38.906,1.01881,1.01885,1.88,1.18
2014.02.14 10:01:39.158,1.01884,1.01888,1.88,6.83
2014.02.14 10:01:39.259,1.01887,1.01889,1.50,1.50
2014.02.14 10:01:39.462,1.01884,1.01887,1.28,1.00
2014.02.14 10:01:39.613,1.01883,1.01887,1.65,1.50
2014.02.14 10:01:39.714,1.01881,1.01885,2.40,1.00
2014.02.14 10:01:39.916,1.01881,1.01885,1.28,1.00
2014.02.14 10:01:41.776,1.01883,1.01885,1.00,1.00
2014.02.14 10:01:41.827,1.01884,1.01888,1.00,2.25
2014.02.14 10:01:41.928,1.01887,1.01889,1.00,1.00
2014.02.14 10:01:41.979,1.01887,1.0189,3.75,1.00
2014.02.14 10:01:42.030,1.01888,1.01892,1.18,1.88
2014.02.14 10:01:43.502,1.01888,1.01891,1.28,1.00
2014.02.14 10:01:44.442,1.01888,1.01892,1.28,1.88
2014.02.14 10:01:45.214,1.01888,1.01891,1.28,1.00
2014.02.14 10:01:45.664,1.01888,1.0189,1.20,1.00
2014.02.14 10:01:45.947,1.01888,1.01892,1.28,1.00
2014.02.14 10:01:46.634,1.01888,1.01891,1.28,1.00
2014.02.14 10:01:46.736,1.01886,1.0189,1.18,1.13
2014.02.14 10:01:46.787,1.01885,1.01888,1.10,1.13
2014.02.14 10:01:47.090,1.01882,1.01885,1.50,1.13
2014.02.14 10:01:47.191,1.01881,1.01885,2.25,1.00
2014.02.14 10:01:50.158,1.01881,1.01885,2.25,1.50
2014.02.14 10:01:51.482,1.01882,1.01886,1.20,1.58
2014.02.14 10:01:55.094,1.01882,1.01886,1.20,1.95
2014.02.14 10:01:58.318,1.01882,1.01883,1.20,1.00
2014.02.14 10:01:58.826,1.01882,1.01885,1.20,1.38
2014.02.14 10:02:00.373,1.01882,1.01885,1.20,1.00
2014.02.14 10:02:00.676,1.01885,1.01889,3.30,5.33
2014.02.14 10:02:00.726,1.01887,1.01889,1.50,1.20
2014.02.14 10:02:01.041,1.01887,1.01891,1.28,1.00
2014.02.14 10:02:01.395,1.01887,1.01891,1.28,2.63
2014.02.14 10:02:01.910,1.01886,1.0189,1.95,1.48
2014.02.14 10:02:03.681,1.01886,1.0189,1.58,1.48
2014.02.14 10:02:06.664,1.01886,1.0189,2.70,1.48
2014.02.14 10:02:08.304,1.01886,1.01889,1.10,6.38
2014.02.14 10:02:08.506,1.01884,1.01886,1.00,1.13
2014.02.14 10:02:08.989,1.01882,1.01885,1.10,1.10
2014.02.14 10:02:09.773,1.01881,1.01885,1.95,1.58
2014.02.14 10:02:10.546,1.01881,1.01885,2.33,1.58
2014.02.14 10:02:10.798,1.01884,1.01889,3.98,1.00
2014.02.14 10:02:11.303,1.01887,1.0189,2.78,1.00
2014.02.14 10:02:12.236,1.01887,1.01891,2.78,1.88
2014.02.14 10:02:15.661,1.01887,1.01891,1.28,1.38
2014.02.14 10:02:15.964,1.01886,1.01888,2.18,1.38
2014.02.14 10:02:16.318,1.01884,1.01886,1.10,1.00
2014.02.14 10:02:20.105,1.01882,1.01885,3.30,2.18
2014.02.14 10:02:20.207,1.01881,1.01884,5.63,2.18
2014.02.14 10:02:20.715,1.01881,1.01884,1.13,1.20
2014.02.14 10:02:20.818,1.0188,1.01884,2.25,4.20
2014.02.14 10:02:21.620,1.0188,1.01884,1.00,4.20
2014.02.14 10:02:22.525,1.01878,1.01882,2.63,1.10
2014.02.14 10:02:23.786,1.01878,1.01881,1.58,1.00
2014.02.14 10:02:23.888,1.01877,1.01879,1.18,3.23
2014.02.14 10:02:24.191,1.01871,1.01873,2.25,1.10
2014.02.14 10:02:24.242,1.01871,1.01874,2.18,1.88
2014.02.14 10:02:24.343,1.01869,1.01873,1.58,1.10
2014.02.14 10:02:24.841,1.0187,1.01874,1.18,1.50
2014.02.14 10:02:25.346,1.01873,1.01875,2.10,1.10
2014.02.14 10:02:25.650,1.01876,1.01879,2.33,1.00
2014.02.14 10:02:26.176,1.01876,1.0188,3.08,1.13
2014.02.14 10:02:26.697,1.01876,1.0188,3.08,1.38
2014.02.14 10:02:27.368,1.01876,1.0188,3.00,5.63
2014.02.14 10:02:27.672,1.01873,1.01875,2.18,3.85
2014.02.14 10:02:27.875,1.0187,1.01874,1.18,1.13
2014.02.14 10:02:30.923,1.0187,1.01874,1.65,1.38
2014.02.14 10:02:32.768,1.0187,1.01872,1.18,1.00
2014.02.14 10:02:35.401,1.0187,1.01872,1.00,1.13
2014.02.14 10:02:43.910,1.0187,1.01874,1.50,1.55
2014.02.14 10:02:45.464,1.0187,1.01874,1.58,1.48
2014.02.14 10:02:47.427,1.01872,1.01875,1.00,1.48
2014.02.14 10:02:52.547,1.01872,1.01876,1.00,2.03
2014.02.14 10:02:54.739,1.01872,1.01876,1.00,2.03
2014.02.14 10:02:55.249,1.01872,1.01876,1.00,1.55
2014.02.14 10:03:01.631,1.01874,1.01877,1.00,3.68
2014.02.14 10:03:01.683,1.01876,1.01878,1.00,1.13
2014.02.14 10:03:01.886,1.01878,1.01881,1.10,1.88
2014.02.14 10:03:03.040,1.01877,1.01879,3.00,2.48
2014.02.14 10:03:03.355,1.01875,1.01877,1.10,1.00
2014.02.14 10:03:03.927,1.01874,1.01876,1.00,1.10
2014.02.14 10:03:04.600,1.01874,1.01875,1.00,1.00
2014.02.14 10:03:05.156,1.01875,1.01878,1.00,3.45
2014.02.14 10:03:05.257,1.01876,1.01878,1.00,1.10
2014.02.14 10:03:08.305,1.01877,1.01881,2.13,1.55
2014.02.14 10:03:08.356,1.01878,1.01881,1.00,1.18
2014.02.14 10:03:08.621,1.01879,1.01882,1.00,1.58
2014.02.14 10:03:09.893,1.01879,1.01882,1.13,1.48
2014.02.14 10:03:12.465,1.0188,1.01882,1.13,1.20
2014.02.14 10:03:16.515,1.01879,1.01881,2.13,1.00
2014.02.14 10:03:17.048,1.0188,1.01882,1.00,1.20
2014.02.14 10:03:18.716,1.01879,1.01882,1.13,1.95
2014.02.14 10:03:22.628,1.01879,1.01882,1.00,1.20
2014.02.14 10:03:24.970,1.01878,1.01882,1.58,1.58
2014.02.14 10:03:25.170,1.01878,1.0188,1.58,1.00
2014.02.14 10:03:27.331,1.01876,1.0188,3.38,3.98
2014.02.14 10:03:27.534,1.01873,1.01876,1.10,1.00
2014.02.14 10:03:29.351,1.01871,1.01874,3.38,1.00
2014.02.14 10:03:29.503,1.01871,1.01873,1.10,1.00
2014.02.14 10:03:30.505,1.01869,1.01873,1.10,1.95
2014.02.14 10:03:30.606,1.01869,1.0187,1.10,1.00
2014.02.14 10:03:31.111,1.01869,1.01871,1.10,1.00
2014.02.14 10:03:31.913,1.01869,1.01872,1.10,1.00
2014.02.14 10:03:33.716,1.01869,1.01873,1.10,1.95
2014.02.14 10:03:41.545,1.01869,1.01872,1.10,1.00
2014.02.14 10:03:42.059,1.01869,1.01873,1.10,1.95
2014.02.14 10:03:43.521,1.01869,1.01872,1.10,1.00
2014.02.14 10:03:44.909,1.01869,1.01873,1.10,2.33
2014.02.14 10:03:46.449,1.01869,1.01872,1.10,1.00
2014.02.14 10:03:46.998,1.01869,1.01873,1.10,2.33
2014.02.14 10:03:47.401,1.01868,1.01872,1.50,1.18
2014.02.14 10:04:03.920,1.01866,1.0187,1.28,1.38
2014.02.14 10:04:04.225,1.0186,1.01864,1.58,2.33
2014.02.14 10:04:04.727,1.01858,1.01862,3.83,1.00
2014.02.14 10:04:05.231,1.01858,1.01861,3.83,1.00
2014.02.14 10:04:05.594,1.01857,1.01859,2.63,2.48
2014.02.14 10:04:05.746,1.01854,1.01857,1.50,1.50
2014.02.14 10:04:05.948,1.01855,1.01858,1.50,1.50
2014.02.14 10:04:06.353,1.01857,1.01861,1.00,1.20
2014.02.14 10:04:06.859,1.01857,1.01861,1.38,2.70
2014.02.14 10:04:13.941,1.01857,1.01861,1.10,2.33
2014.02.14 10:04:13.992,1.01855,1.01859,3.83,1.00
2014.02.14 10:04:14.913,1.01855,1.01858,2.93,1.00
2014.02.14 10:04:15.115,1.01852,1.01855,1.10,1.00
2014.02.14 10:04:15.660,1.01853,1.01857,1.00,2.03
2014.02.14 10:04:17.766,1.01853,1.01857,1.08,1.95
2014.02.14 10:04:17.918,1.01855,1.01858,2.63,1.88
2014.02.14 10:04:18.120,1.01857,1.01861,3.38,2.63
2014.02.14 10:04:18.626,1.01858,1.01862,1.18,1.50
2014.02.14 10:04:19.874,1.01858,1.01861,2.40,1.00
2014.02.14 10:04:19.975,1.01859,1.01863,1.20,2.33
2014.02.14 10:04:20.180,1.01861,1.01865,1.00,3.08
2014.02.14 10:04:20.710,1.01861,1.01865,1.10,1.10
2014.02.14 10:04:21.366,1.0186,1.01864,1.18,1.00
2014.02.14 10:04:21.467,1.0186,1.01864,1.10,1.38
2014.02.14 10:04:21.569,1.01856,1.0186,3.45,1.00
2014.02.14 10:04:21.670,1.01858,1.01861,2.70,1.00
2014.02.14 10:04:23.141,1.01858,1.01862,3.45,1.00
2014.02.14 10:04:23.444,1.0186,1.01864,1.10,1.58
2014.02.14 10:04:25.272,1.01862,1.01866,1.18,1.00
2014.02.14 10:04:42.234,1.01862,1.01866,1.18,2.85
2014.02.14 10:04:42.386,1.0186,1.01862,1.00,1.00
2014.02.14 10:04:42.538,1.01857,1.01861,1.10,1.10
2014.02.14 10:04:42.590,1.01857,1.01858,1.10,3.60
2014.02.14 10:04:42.893,1.01854,1.01857,1.00,3.93
2014.02.14 10:04:43.046,1.01851,1.01855,2.33,1.58
2014.02.14 10:04:44.191,1.01849,1.01853,4.20,1.00
2014.02.14 10:04:44.729,1.01849,1.01853,1.95,1.10
2014.02.14 10:04:49.100,1.01849,1.01853,1.20,1.10
2014.02.14 10:04:49.403,1.01847,1.0185,3.08,1.50
2014.02.14 10:04:49.605,1.01846,1.0185,1.48,1.58
2014.02.14 10:04:52.687,1.01844,1.01848,4.20,1.00
2014.02.14 10:04:53.218,1.01844,1.01847,4.20,1.00
2014.02.14 10:04:54.563,1.01847,1.0185,1.50,1.58
2014.02.14 10:04:54.714,1.01849,1.01853,1.00,1.28
2014.02.14 10:04:58.416,1.01849,1.01853,4.98,1.18
2014.02.14 10:04:58.567,1.0185,1.01855,3.45,1.18
2014.02.14 10:04:59.501,1.01851,1.01855,2.13,1.18
2014.02.14 10:04:59.936,1.01851,1.01856,2.30,1.10
2014.02.14 10:05:01.110,1.01853,1.01857,1.00,2.03
2014.02.14 10:05:01.315,1.01853,1.01857,3.08,1.13
2014.02.14 10:05:02.438,1.01854,1.01858,1.18,2.10
2014.02.14 10:05:02.691,1.01858,1.01862,1.58,1.00
2014.02.14 10:05:03.197,1.01858,1.01861,1.18,1.35
2014.02.14 10:05:07.332,1.01857,1.0186,3.83,1.00
2014.02.14 10:05:07.859,1.01856,1.0186,1.55,1.00
2014.02.14 10:05:08.763,1.01858,1.01861,1.00,1.10
2014.02.14 10:05:09.120,1.01859,1.01863,1.10,1.58
2014.02.14 10:05:09.322,1.0186,1.01864,1.38,1.18
2014.02.14 10:05:09.575,1.01861,1.01865,1.18,1.87
2014.02.14 10:05:12.303,1.01861,1.01865,1.00,2.02
2014.02.14 10:05:15.043,1.01861,1.01865,1.18,1.50
2014.02.14 10:05:15.988,1.01861,1.01864,1.18,2.10
2014.02.14 10:05:16.443,1.0186,1.01863,1.20,1.00
2014.02.14 10:05:17.163,1.0186,1.01864,1.20,1.10
2014.02.14 10:05:19.782,1.01859,1.01862,1.65,1.00
2014.02.14 10:05:20.388,1.0186,1.01864,1.20,1.10
2014.02.14 10:05:20.673,1.01863,1.01866,2.10,2.93
2014.02.14 10:05:20.725,1.01864,1.01871,6.23,2.18
2014.02.14 10:05:20.978,1.01869,1.01873,1.10,2.93
2014.02.14 10:05:21.130,1.01869,1.01873,1.00,4.58
2014.02.14 10:05:23.300,1.01869,1.01873,1.10,2.03
2014.02.14 10:05:23.884,1.01869,1.01873,1.10,2.33
2014.02.14 10:05:25.497,1.01869,1.01873,1.10,1.95
2014.02.14 10:05:26.002,1.0187,1.01874,1.13,1.18
2014.02.14 10:05:26.508,1.01872,1.01874,2.10,1.00
2014.02.14 10:05:27.013,1.01872,1.01876,3.23,1.18
2014.02.14 10:05:29.389,1.01872,1.01876,3.38,1.00
2014.02.14 10:05:29.893,1.01873,1.01877,1.10,1.10
2014.02.14 10:05:33.195,1.01874,1.01877,1.38,1.10
2014.02.14 10:05:33.347,1.01876,1.0188,2.55,1.57
2014.02.14 10:05:33.398,1.01876,1.0188,3.30,1.10
2014.02.14 10:05:33.701,1.01876,1.01878,1.18,1.00
2014.02.14 10:05:33.752,1.01876,1.0188,1.18,1.87
2014.02.14 10:05:34.155,1.01877,1.01881,3.45,1.00
2014.02.14 10:05:34.357,1.01877,1.01881,1.20,1.10
2014.02.14 10:05:34.853,1.01879,1.01883,1.38,3.75
2014.02.14 10:05:34.903,1.01879,1.01883,1.95,1.58
2014.02.14 10:05:35.408,1.0188,1.01884,1.13,1.00
2014.02.14 10:05:35.757,1.01878,1.01881,1.65,1.00
2014.02.14 10:05:36.011,1.01875,1.01879,1.28,1.00
2014.02.14 10:05:36.112,1.01875,1.01879,1.10,1.88
2014.02.14 10:05:37.216,1.01875,1.01878,1.10,1.00
2014.02.14 10:05:38.591,1.01877,1.01879,3.00,3.30
2014.02.14 10:05:38.693,1.01878,1.01881,2.25,1.00
2014.02.14 10:05:38.996,1.0188,1.01884,1.00,1.38
2014.02.14 10:05:39.300,1.01877,1.0188,1.10,3.98
2014.02.14 10:05:39.502,1.01874,1.01878,1.20,1.50
2014.02.14 10:05:39.755,1.01872,1.01876,3.08,1.00
2014.02.14 10:05:40.315,1.01872,1.01875,2.33,1.00
2014.02.14 10:05:40.817,1.01872,1.01876,3.08,1.00
2014.02.14 10:05:40.868,1.01872,1.01876,1.10,1.10
2014.02.14 10:05:44.822,1.01872,1.01876,1.10,1.48
2014.02.14 10:05:45.694,1.01872,1.01876,1.10,1.10
2014.02.14 10:05:46.203,1.01871,1.01875,2.03,1.13
2014.02.14 10:05:59.827,1.01871,1.01875,2.03,1.38
2014.02.14 10:06:00.371,1.01871,1.01875,1.88,1.55
2014.02.14 10:06:04.311,1.01871,1.01875,1.00,1.55
2014.02.14 10:06:04.841,1.01871,1.01875,1.00,1.55
2014.02.14 10:06:17.011,1.0187,1.01872,1.20,3.10
2014.02.14 10:06:17.315,1.01862,1.01866,1.18,1.00
2014.02.14 10:06:21.144,1.01864,1.01868,1.00,1.65
2014.02.14 10:06:21.753,1.01863,1.01866,1.10,1.00
2014.02.14 10:06:23.185,1.01865,1.01866,2.10,1.00
2014.02.14 10:06:23.286,1.01865,1.01868,2.18,1.50
2014.02.14 10:06:23.842,1.01864,1.01866,1.18,1.00
2014.02.14 10:06:23.944,1.01863,1.01866,1.00,1.18
2014.02.14 10:06:24.448,1.01862,1.01866,1.00,1.28
2014.02.14 10:06:27.476,1.01861,1.01865,1.20,1.10
2014.02.14 10:06:28.741,1.01861,1.01864,1.10,1.00
2014.02.14 10:06:28.893,1.01859,1.01863,1.08,4.13
2014.02.14 10:06:28.994,1.01858,1.01862,1.00,1.18
2014.02.14 10:06:30.077,1.01857,1.01861,1.10,1.10
2014.02.14 10:06:35.395,1.01857,1.01861,3.00,1.13
2014.02.14 10:06:38.970,1.01857,1.01861,1.58,3.00
2014.02.14 10:06:39.122,1.01854,1.01858,3.08,1.08
2014.02.14 10:06:39.274,1.01853,1.01857,1.10,1.10
2014.02.14 10:06:39.325,1.01854,1.01857,1.38,1.10
2014.02.14 10:06:39.527,1.01856,1.0186,3.23,1.18
2014.02.14 10:06:41.057,1.01856,1.0186,2.63,1.00
2014.02.14 10:06:46.914,1.01856,1.01859,1.18,1.00
2014.02.14 10:06:49.114,1.01856,1.0186,1.28,1.50
2014.02.14 10:06:49.931,1.01856,1.01858,1.00,4.23
2014.02.14 10:06:50.126,1.01852,1.01856,7.50,1.00
2014.02.14 10:06:50.180,1.01852,1.01856,1.10,1.58
2014.02.14 10:06:50.281,1.01851,1.01855,1.65,1.38
2014.02.14 10:06:50.786,1.01851,1.01855,1.65,1.88
2014.02.14 10:06:52.890,1.01851,1.01855,1.65,1.38
2014.02.14 10:06:53.699,1.01851,1.01855,1.50,1.55
2014.02.14 10:07:02.645,1.01851,1.01854,1.00,1.48
2014.02.14 10:07:13.543,1.01849,1.01852,2.25,2.18
2014.02.14 10:07:15.060,1.0185,1.01853,1.13,1.20
2014.02.14 10:07:15.600,1.0185,1.01853,2.25,1.20
2014.02.14 10:07:16.928,1.0185,1.01853,1.00,1.20
2014.02.14 10:07:23.181,1.01849,1.01853,1.10,4.20
2014.02.14 10:07:23.484,1.01848,1.01852,1.50,1.28
2014.02.14 10:07:27.727,1.01848,1.01851,1.50,1.48
2014.02.14 10:07:28.030,1.01841,1.01844,1.55,2.50
2014.02.14 10:07:28.131,1.0184,1.01843,3.45,1.50
2014.02.14 10:07:29.983,1.0184,1.01842,2.63,1.00
2014.02.14 10:07:30.399,1.01839,1.01842,1.55,1.00
2014.02.14 10:07:38.150,1.0184,1.01844,2.55,1.10
2014.02.14 10:07:41.450,1.01843,1.01845,1.00,1.95
2014.02.14 10:07:41.653,1.01844,1.01846,1.18,1.00
2014.02.14 10:07:41.754,1.01846,1.01849,3.00,1.00
2014.02.14 10:07:42.730,1.01846,1.0185,3.08,1.88
2014.02.14 10:07:43.588,1.01846,1.01849,3.08,1.00
2014.02.14 10:07:46.014,1.01846,1.0185,3.08,1.88
2014.02.14 10:07:46.547,1.01846,1.0185,1.18,1.95
2014.02.14 10:07:47.064,1.01846,1.0185,1.10,1.95
2014.02.14 10:07:47.570,1.01846,1.01849,1.10,1.00
2014.02.14 10:07:49.424,1.01846,1.0185,1.10,1.95
2014.02.14 10:07:51.306,1.01846,1.0185,1.48,1.10
2014.02.14 10:07:51.609,1.01849,1.01852,1.00,2.25
2014.02.14 10:07:51.660,1.01849,1.01853,1.00,1.28
2014.02.14 10:07:52.027,1.0185,1.01854,1.58,1.20
2014.02.14 10:07:52.531,1.01851,1.01855,1.13,1.18
2014.02.14 10:07:53.037,1.01851,1.01855,1.28,1.00
2014.02.14 10:07:55.613,1.01851,1.01855,1.10,1.20
2014.02.14 10:08:00.502,1.0185,1.01854,1.95,1.58
2014.02.14 10:08:01.036,1.01849,1.01853,1.18,1.00
2014.02.14 10:08:12.179,1.01849,1.01853,1.10,1.08
2014.02.14 10:08:18.255,1.01849,1.01853,1.18,1.13
2014.02.14 10:08:19.672,1.01849,1.01853,1.00,1.28
2014.02.14 10:08:25.359,1.01848,1.01852,1.95,1.10
2014.02.14 10:08:30.505,1.0185,1.01852,1.00,1.10
2014.02.14 10:08:30.809,1.01854,1.01858,1.13,3.00
2014.02.14 10:08:30.860,1.01854,1.01858,1.10,1.20
2014.02.14 10:08:30.961,1.01852,1.01856,3.83,1.00
2014.02.14 10:08:31.062,1.01852,1.01856,1.10,1.10
2014.02.14 10:08:31.567,1.01851,1.01855,1.18,1.00
2014.02.14 10:08:39.697,1.0185,1.01854,3.00,1.50
2014.02.14 10:08:39.748,1.0185,1.01854,1.10,1.58
2014.02.14 10:08:40.280,1.01849,1.01853,1.18,1.00
2014.02.14 10:08:44.648,1.01848,1.01852,3.83,1.00
2014.02.14 10:08:44.699,1.01848,1.01852,1.50,3.08
2014.02.14 10:08:45.002,1.0185,1.01854,3.23,1.18
2014.02.14 10:08:46.544,1.0185,1.01854,3.23,1.18
2014.02.14 10:08:46.898,1.0185,1.01854,3.23,1.18
2014.02.14 10:08:47.003,1.0185,1.01854,3.23,1.18
2014.02.14 10:08:47.428,1.0185,1.01854,3.23,1.18
2014.02.14 10:08:48.010,1.0185,1.01854,3.23,1.18
2014.02.14 10:08:49.153,1.0185,1.01854,3.23,1.18
2014.02.14 10:08:49.689,1.0185,1.01854,3.23,1.18
2014.02.14 10:08:51.067,1.0185,1.01854,6.98,1.00
2014.02.14 10:08:51.525,1.0185,1.01854,8.10,1.00
2014.02.14 10:08:51.677,1.01855,1.01858,3.23,1.10
2014.02.14 10:08:52.182,1.01855,1.01859,4.05,1.00
2014.02.14 10:09:04.617,1.01855,1.01858,1.58,1.00
2014.02.14 10:09:04.769,1.01854,1.01858,2.63,3.83
2014.02.14 10:09:04.920,1.01855,1.01859,2.93,3.08
2014.02.14 10:09:05.425,1.01856,1.0186,1.13,1.18
2014.02.14 10:09:06.669,1.01856,1.0186,1.28,1.00
2014.02.14 10:09:07.173,1.01857,1.01861,1.10,1.10
2014.02.14 10:09:09.065,1.01857,1.01861,1.48,1.58
2014.02.14 10:09:09.579,1.01857,1.01861,1.48,1.58
2014.02.14 10:09:09.680,1.01859,1.01863,1.20,1.10
2014.02.14 10:09:10.214,1.0186,1.01864,3.23,1.18
2014.02.14 10:09:12.947,1.0186,1.01864,2.63,1.18
2014.02.14 10:09:13.526,1.0186,1.01864,2.63,1.18
2014.02.14 10:09:14.587,1.0186,1.01864,2.63,1.18
2014.02.14 10:09:14.790,1.01861,1.01865,1.28,1.00
2014.02.14 10:09:15.456,1.01863,1.01867,1.00,1.55
2014.02.14 10:09:16.134,1.01861,1.01865,1.28,1.00
2014.02.14 10:09:18.730,1.01861,1.01865,1.20,3.00
2014.02.14 10:09:21.665,1.01861,1.01864,1.20,1.00
2014.02.14 10:09:37.729,1.01861,1.01865,1.20,1.10
2014.02.14 10:09:44.745,1.01861,1.01865,1.48,1.10
2014.02.14 10:09:45.049,1.01865,1.01867,1.20,1.00
2014.02.14 10:09:45.150,1.01865,1.01869,1.20,1.58
2014.02.14 10:09:45.402,1.01866,1.01869,1.20,1.00
2014.02.14 10:09:46.119,1.01868,1.01869,1.00,1.00
2014.02.14 10:09:46.270,1.01868,1.01872,1.13,1.65
2014.02.14 10:09:47.188,1.01869,1.01873,1.18,2.63
2014.02.14 10:09:47.902,1.01869,1.01872,1.18,1.00
2014.02.14 10:09:50.437,1.01869,1.01873,2.03,1.00
2014.02.14 10:09:50.740,1.01872,1.01874,1.00,1.10
2014.02.14 10:09:51.655,1.01871,1.01874,1.13,1.10
2014.02.14 10:09:52.442,1.01871,1.01875,1.28,1.00
2014.02.14 10:09:53.245,1.01871,1.01875,1.13,1.18
2014.02.14 10:10:05.235,1.0187,1.01874,1.58,1.10
2014.02.14 10:10:08.026,1.01869,1.01873,1.55,1.00
2014.02.14 10:10:08.600,1.01869,1.01873,1.38,1.18
2014.02.14 10:10:09.698,1.01869,1.01873,1.13,1.18
2014.02.14 10:10:20.438,1.01869,1.01871,1.00,1.00
2014.02.14 10:10:20.590,1.01866,1.01869,1.00,4.13
2014.02.14 10:10:20.691,1.01864,1.01867,1.00,3.08
2014.02.14 10:10:20.742,1.01863,1.01867,1.00,4.58
2014.02.14 10:10:21.095,1.01861,1.01865,1.20,1.10
2014.02.14 10:10:26.747,1.0186,1.01864,2.78,1.00
2014.02.14 10:10:27.251,1.0186,1.01864,1.88,1.18
2014.02.14 10:10:34.747,1.0186,1.01864,4.88,1.10
2014.02.14 10:10:35.258,1.01861,1.01864,1.10,1.00
2014.02.14 10:10:35.561,1.01855,1.01858,1.95,2.35
2014.02.14 10:10:35.764,1.01852,1.01856,1.58,5.18
2014.02.14 10:10:35.815,1.01852,1.01855,1.00,1.10
2014.02.14 10:10:36.269,1.0185,1.01852,1.00,1.00
2014.02.14 10:10:38.788,1.01849,1.01852,1.10,1.00
2014.02.14 10:10:41.889,1.0185,1.01854,1.13,1.18
2014.02.14 10:10:44.150,1.01852,1.01854,1.00,1.10
2014.02.14 10:10:44.251,1.01853,1.01858,4.06,1.65
2014.02.14 10:10:44.353,1.01855,1.01857,2.18,1.00
2014.02.14 10:10:44.454,1.01855,1.01859,2.55,1.85
2014.02.14 10:10:44.657,1.01855,1.01859,6.23,1.50
2014.02.14 10:10:45.857,1.01855,1.01858,7.05,1.00
2014.02.14 10:10:54.439,1.01855,1.01858,5.25,1.00
2014.02.14 10:10:56.174,1.01855,1.01858,5.33,1.00
2014.02.14 10:10:58.487,1.01855,1.01859,5.93,1.00
2014.02.14 10:11:01.899,1.01855,1.01859,5.18,1.00
2014.02.14 10:11:04.321,1.01855,1.01858,3.38,1.00
2014.02.14 10:11:09.281,1.01856,1.01857,1.13,1.00
2014.02.14 10:11:10.784,1.01855,1.01857,1.58,1.00
2014.02.14 10:11:10.987,1.01852,1.01856,1.95,1.10
2014.02.14 10:11:11.088,1.01853,1.01857,1.00,1.28
2014.02.14 10:11:11.240,1.01855,1.01858,1.50,1.10
2014.02.14 10:11:11.291,1.01855,1.01857,2.85,1.00
2014.02.14 10:11:11.594,1.01852,1.01855,2.93,2.50
2014.02.14 10:11:11.746,1.0185,1.01854,2.70,1.58
2014.02.14 10:11:13.061,1.0185,1.01854,1.95,1.65
2014.02.14 10:11:13.313,1.0185,1.01851,1.00,1.00
2014.02.14 10:11:13.617,1.01847,1.01851,1.88,3.08
2014.02.14 10:11:14.143,1.01847,1.01851,1.13,3.08
2014.02.14 10:11:20.919,1.01847,1.0185,1.58,1.00
2014.02.14 10:11:25.132,1.01847,1.01851,1.58,1.10
2014.02.14 10:11:29.784,1.01848,1.01851,1.00,1.10
2014.02.14 10:11:41.796,1.01849,1.01851,1.00,1.00
2014.02.14 10:11:52.685,1.01846,1.01851,5.70,1.73
2014.02.14 10:11:53.190,1.01849,1.01852,1.00,1.20
2014.02.14 10:11:53.698,1.01849,1.01853,2.03,1.00
2014.02.14 10:11:56.744,1.01853,1.01854,2.10,1.10
2014.02.14 10:11:56.845,1.01855,1.01858,3.23,1.20
2014.02.14 10:11:57.300,1.01857,1.0186,1.10,2.25
2014.02.14 10:11:57.645,1.01856,1.0186,1.18,1.50
2014.02.14 10:11:58.153,1.01856,1.0186,1.50,1.50
2014.02.14 10:11:58.456,1.01857,1.01861,4.58,1.88
2014.02.14 10:11:58.759,1.01858,1.01862,2.03,2.25
2014.02.14 10:11:58.810,1.01861,1.01862,2.18,1.50
2014.02.14 10:11:58.962,1.01859,1.01863,1.10,1.48
2014.02.14 10:11:59.944,1.01858,1.0186,1.00,1.38
2014.02.14 10:12:00.147,1.01855,1.01859,1.50,1.65
2014.02.14 10:12:00.652,1.01855,1.01858,1.00,1.95
2014.02.14 10:12:00.854,1.01852,1.01855,1.58,2.62
2014.02.14 10:12:01.056,1.01851,1.01854,4.88,3.45
2014.02.14 10:12:01.259,1.01848,1.01851,1.10,1.37
2014.02.14 10:12:01.360,1.01846,1.0185,1.65,1.00
2014.02.14 10:12:01.411,1.01847,1.0185,2.25,1.00
2014.02.14 10:12:01.916,1.01847,1.01851,3.00,1.37
2014.02.14 10:12:02.736,1.01847,1.01851,3.08,1.37
2014.02.14 10:12:03.061,1.01849,1.01853,1.10,1.47
2014.02.14 10:12:05.674,1.0185,1.01853,1.50,1.48
2014.02.14 10:12:06.812,1.01851,1.01852,1.00,1.13
2014.02.14 10:12:08.888,1.0185,1.01852,1.00,1.13
2014.02.14 10:12:09.191,1.01849,1.01851,1.10,1.13
2014.02.14 10:12:09.343,1.01845,1.01849,1.18,1.38
2014.02.14 10:12:11.327,1.01845,1.01849,5.25,1.00
2014.02.14 10:12:11.479,1.01848,1.0185,1.00,1.20
2014.02.14 10:12:11.888,1.01849,1.01853,1.00,2.78
2014.02.14 10:12:15.831,1.01847,1.01851,1.28,1.00
2014.02.14 10:12:16.347,1.01848,1.01852,1.20,1.10
2014.02.14 10:12:17.190,1.01847,1.01851,2.03,1.00
2014.02.14 10:12:17.740,1.01847,1.01851,1.18,1.38
2014.02.14 10:12:18.188,1.01846,1.0185,3.00,1.38
2014.02.14 10:12:18.290,1.01845,1.01849,1.65,1.38
2014.02.14 10:12:18.542,1.01846,1.0185,1.20,1.10
2014.02.14 10:12:19.046,1.01847,1.01851,3.23,1.18
2014.02.14 10:12:19.148,1.01848,1.01852,2.93,1.10
2014.02.14 10:12:19.300,1.01848,1.01851,1.10,1.38
2014.02.14 10:12:19.809,1.01847,1.01851,1.18,1.38
2014.02.14 10:12:26.253,1.01846,1.0185,3.00,1.37
2014.02.14 10:12:26.556,1.01845,1.01849,1.00,1.55
2014.02.14 10:12:27.062,1.01845,1.01849,1.18,1.37
2014.02.14 10:12:29.027,1.01845,1.01849,1.00,1.55
2014.02.14 10:12:29.532,1.01845,1.01849,1.28,1.00
2014.02.14 10:12:29.582,1.01845,1.01849,1.13,3.08
2014.02.14 10:12:29.986,1.01845,1.01849,1.20,1.10
2014.02.14 10:12:33.264,1.01844,1.01848,6.53,1.00
2014.02.14 10:12:33.820,1.01844,1.01848,5.63,1.00
2014.02.14 10:12:35.291,1.01844,1.01848,5.63,1.00
2014.02.14 10:12:36.002,1.01844,1.01847,1.55,1.00
2014.02.14 10:12:36.155,1.01843,1.01845,1.13,1.10
2014.02.14 10:12:36.210,1.01842,1.01845,1.50,1.00
2014.02.14 10:12:36.513,1.01836,1.01841,3.08,1.00
2014.02.14 10:12:36.664,1.01836,1.01841,3.08,1.38
2014.02.14 10:12:36.765,1.01836,1.01841,3.45,1.00
2014.02.14 10:12:37.270,1.01836,1.01843,2.70,1.28
2014.02.14 10:12:40.820,1.01836,1.01842,2.33,1.48
2014.02.14 10:12:41.487,1.01836,1.01842,2.33,1.48
2014.02.14 10:12:41.784,1.01836,1.01843,2.70,1.28
2014.02.14 10:12:49.006,1.01835,1.01842,4.50,3.08
2014.02.14 10:12:49.510,1.01835,1.01842,4.13,3.45
2014.02.14 10:12:50.066,1.01835,1.01842,3.38,3.08
2014.02.14 10:12:57.288,1.01836,1.01842,1.48,2.33
2014.02.14 10:12:59.177,1.01836,1.01842,8.33,2.70
2014.02.14 10:13:00.167,1.01836,1.01842,1.48,2.33
2014.02.14 10:13:05.937,1.01838,1.01842,1.00,3.08
2014.02.14 10:13:06.475,1.01837,1.01841,1.58,1.10
2014.02.14 10:13:07.417,1.01839,1.01842,1.50,1.18
2014.02.14 10:13:07.623,1.01846,1.01848,1.10,4.50
2014.02.14 10:13:07.724,1.01846,1.0185,1.20,1.10
2014.02.14 10:13:08.128,1.01847,1.01851,1.18,1.00
2014.02.14 10:13:14.927,1.01849,1.01851,1.00,1.00
2014.02.14 10:13:16.500,1.01849,1.01853,1.00,2.03
2014.02.14 10:13:18.532,1.0185,1.01854,1.50,4.20
2014.02.14 10:13:18.734,1.0185,1.01854,2.33,1.20
2014.02.14 10:13:22.469,1.01851,1.01854,1.00,1.20
2014.02.14 10:13:23.437,1.0185,1.01854,2.70,1.10
2014.02.14 10:13:23.943,1.0185,1.01852,1.10,1.00
2014.02.14 10:13:24.246,1.01847,1.0185,1.00,5.63
2014.02.14 10:13:24.448,1.01847,1.0185,1.10,1.95
2014.02.14 10:13:24.953,1.01848,1.01851,1.00,1.95
2014.02.14 10:13:26.071,1.01847,1.01849,1.58,1.50
2014.02.14 10:13:26.122,1.01846,1.01848,1.10,1.00
2014.02.14 10:13:26.375,1.01843,1.01845,1.10,1.00
2014.02.14 10:13:26.885,1.01842,1.01844,1.10,1.00
2014.02.14 10:13:29.184,1.01842,1.01844,1.00,1.00
2014.02.14 10:13:29.700,1.01842,1.01845,1.00,1.95
2014.02.14 10:13:31.215,1.0184,1.01844,1.18,1.13
2014.02.14 10:13:50.261,1.01843,1.01846,2.63,1.18
2014.02.14 10:13:50.363,1.01845,1.01849,1.50,6.15
2014.02.14 10:13:50.868,1.01847,1.0185,1.65,1.88
2014.02.14 10:13:54.184,1.01847,1.0185,1.50,1.20
2014.02.14 10:13:59.211,1.01848,1.0185,1.00,1.10
2014.02.14 10:13:59.464,1.01848,1.01853,4.05,1.65
2014.02.14 10:13:59.667,1.0185,1.01854,1.10,1.20
2014.02.14 10:13:59.974,1.01852,1.01856,1.00,4.95
2014.02.14 10:14:00.227,1.01854,1.01858,1.20,1.57
2014.02.14 10:14:00.733,1.01853,1.01857,1.00,1.18
2014.02.14 10:14:01.312,1.01854,1.01858,1.00,3.08
2014.02.14 10:14:01.413,1.01854,1.01858,1.10,1.10
2014.02.14 10:14:02.925,1.01853,1.01857,1.18,1.00
2014.02.14 10:14:03.127,1.01851,1.01855,2.25,1.18
2014.02.14 10:14:03.636,1.0185,1.01854,1.58,1.10
2014.02.14 10:14:27.200,1.0185,1.01854,1.50,3.08
2014.02.14 10:14:27.505,1.01849,1.01852,1.50,3.08
2014.02.14 10:14:29.987,1.01849,1.01852,1.50,1.20
2014.02.14 10:14:33.285,1.01848,1.01852,2.33,1.17
2014.02.14 10:14:43.710,1.01848,1.01852,1.10,1.20
2014.02.14 10:14:46.660,1.01846,1.01848,3.68,1.00
2014.02.14 10:14:46.711,1.01846,1.01847,2.93,1.00
2014.02.14 10:14:46.863,1.01843,1.01845,1.00,1.20
2014.02.14 10:14:47.015,1.01841,1.01845,1.58,1.20
2014.02.14 10:14:52.376,1.01841,1.01844,1.58,1.00
2014.02.14 10:14:55.324,1.01839,1.01842,3.08,1.00
2014.02.14 10:14:55.375,1.01839,1.01842,1.10,1.00
2014.02.14 10:14:55.678,1.01837,1.01841,1.20,1.58
2014.02.14 10:14:56.205,1.01837,1.0184,1.10,1.13
2014.02.14 10:15:00.323,1.01835,1.01839,3.45,1.00
2014.02.14 10:15:01.049,1.01836,1.0184,1.28,1.50
2014.02.14 10:15:04.735,1.01835,1.01838,3.08,1.00
2014.02.14 10:15:07.770,1.01837,1.01839,1.05,1.00
2014.02.14 10:15:07.872,1.0184,1.01841,1.00,1.00
2014.02.14 10:15:08.382,1.01841,1.01843,1.10,1.00
2014.02.14 10:15:09.836,1.0184,1.01842,1.10,1.00
2014.02.14 10:15:13.672,1.01841,1.01842,1.58,1.00
2014.02.14 10:15:21.108,1.01841,1.01843,1.88,1.10
2014.02.14 10:15:21.612,1.01841,1.01844,2.03,1.00
2014.02.14 10:15:23.886,1.01841,1.01844,1.10,1.20
2014.02.14 10:15:23.988,1.01837,1.01843,3.45,1.95
2014.02.14 10:15:24.039,1.01837,1.01841,2.33,1.00
2014.02.14 10:15:24.341,1.01836,1.0184,1.88,1.18
2014.02.14 10:15:25.841,1.01835,1.0184,1.58,1.18
2014.02.14 10:15:26.950,1.01835,1.0184,3.83,1.00
2014.02.14 10:15:31.624,1.01835,1.0184,3.08,1.00
2014.02.14 10:15:32.039,1.01832,1.01835,1.00,1.00
2014.02.14 10:15:32.549,1.01829,1.01833,1.88,1.18
2014.02.14 10:15:34.410,1.01829,1.01832,1.50,1.10
2014.02.14 10:15:34.931,1.01829,1.01832,1.13,1.10
2014.02.14 10:15:36.470,1.01829,1.0183,1.13,1.10
2014.02.14 10:15:38.852,1.01828,1.0183,1.00,1.10
2014.02.14 10:15:39.358,1.01828,1.01829,1.00,1.00
2014.02.14 10:15:40.838,1.01825,1.01828,1.88,1.00
2014.02.14 10:15:41.040,1.01823,1.01826,2.55,1.00
2014.02.14 10:15:41.545,1.0182,1.01825,1.55,1.10
2014.02.14 10:15:42.051,1.01822,1.01827,2.63,2.33
2014.02.14 10:15:42.595,1.01821,1.01826,2.33,1.18
2014.02.14 10:15:43.101,1.01821,1.01826,2.33,1.18
2014.02.14 10:15:43.967,1.01824,1.01827,1.38,2.18
2014.02.14 10:15:44.017,1.01824,1.01828,1.55,1.20
2014.02.14 10:15:44.371,1.01825,1.0183,2.03,1.09
2014.02.14 10:15:45.386,1.01826,1.0183,1.95,1.58
2014.02.14 10:15:50.180,1.01827,1.01832,1.38,5.93
2014.02.14 10:15:58.304,1.01827,1.01832,2.78,3.68
2014.02.14 10:15:59.599,1.01827,1.01832,2.78,1.10
2014.02.14 10:16:00.219,1.01829,1.01833,1.38,1.18
2014.02.14 10:16:01.201,1.01829,1.01833,1.50,1.18
2014.02.14 10:16:01.302,1.01829,1.01835,2.25,1.88
2014.02.14 10:16:01.403,1.01829,1.01834,1.88,2.70
2014.02.14 10:16:01.505,1.01829,1.01835,2.03,1.55
2014.02.14 10:16:01.971,1.01831,1.01835,1.50,1.18
2014.02.14 10:16:02.380,1.01834,1.01838,1.38,1.57
2014.02.14 10:16:02.481,1.01837,1.0184,1.88,3.82
2014.02.14 10:16:02.745,1.01839,1.01843,1.10,1.09
2014.02.14 10:16:07.328,1.01839,1.01843,1.20,1.58
2014.02.14 10:16:07.833,1.01838,1.01841,1.38,1.10
2014.02.14 10:16:08.354,1.01837,1.01841,1.95,1.10
2014.02.14 10:16:14.299,1.01835,1.01841,3.83,2.93
2014.02.14 10:16:20.418,1.01835,1.0184,3.83,1.00
2014.02.14 10:16:25.392,1.01836,1.0184,1.38,1.18
2014.02.14 10:16:28.428,1.01834,1.01839,1.18,1.10
2014.02.14 10:16:28.530,1.01834,1.01837,1.08,1.30
2014.02.14 10:16:28.581,1.01833,1.01837,1.10,1.30
2014.02.14 10:16:28.962,1.01831,1.01837,1.10,4.42
2014.02.14 10:16:29.603,1.01831,1.01836,1.10,4.28
2014.02.14 10:16:30.116,1.0183,1.01835,1.50,2.70
2014.02.14 10:16:31.556,1.0183,1.01835,1.88,2.33
2014.02.14 10:16:32.540,1.0183,1.01832,1.88,1.00
2014.02.14 10:16:32.742,1.01826,1.0183,3.75,1.10
2014.02.14 10:16:33.752,1.01825,1.01831,1.20,3.37
2014.02.14 10:16:33.803,1.01825,1.01828,1.00,2.63
2014.02.14 10:16:34.257,1.0182,1.01825,5.70,1.00
2014.02.14 10:16:34.731,1.01823,1.01828,2.25,1.10
2014.02.14 10:16:34.833,1.01825,1.01828,2.33,1.50
2014.02.14 10:16:34.934,1.01822,1.01828,3.45,1.58
2014.02.14 10:16:35.252,1.01824,1.01828,2.33,2.25
2014.02.14 10:16:36.015,1.01823,1.01828,1.00,4.95
2014.02.14 10:16:36.268,1.01823,1.01828,1.18,2.33
2014.02.14 10:16:38.115,1.01824,1.01828,1.48,1.10
2014.02.14 10:16:44.478,1.01827,1.01829,1.38,1.09
2014.02.14 10:16:44.681,1.01828,1.01834,1.10,4.95
2014.02.14 10:16:44.832,1.01826,1.01832,4.20,4.05
2014.02.14 10:16:48.348,1.01825,1.0183,2.03,1.20
2014.02.14 10:16:48.853,1.01825,1.01831,1.93,3.37
2014.02.14 10:16:51.368,1.01826,1.01831,1.58,3.37
2014.02.14 10:17:00.236,1.01826,1.0183,1.58,1.20
2014.02.14 10:17:07.957,1.01825,1.01829,1.28,1.00
2014.02.14 10:17:08.764,1.01825,1.01829,1.20,1.10
2014.02.14 10:17:09.413,1.01826,1.01829,1.50,1.10
2014.02.14 10:17:11.255,1.01827,1.01829,1.00,1.10
2014.02.14 10:17:21.901,1.01826,1.01829,1.50,1.10
2014.02.14 10:17:22.254,1.01823,1.01827,3.08,1.88
2014.02.14 10:17:22.559,1.01818,1.01821,3.45,1.00
2014.02.14 10:17:42.777,1.01817,1.0182,2.70,1.00
2014.02.14 10:17:46.933,1.01816,1.01819,2.33,1.13
2014.02.14 10:17:47.035,1.01814,1.01818,2.33,1.00
2014.02.14 10:17:47.539,1.01815,1.01818,2.33,1.00
2014.02.14 10:17:53.558,1.01815,1.01819,3.83,1.00
2014.02.14 10:17:56.709,1.01815,1.01819,1.10,7.95
2014.02.14 10:18:00.487,1.01815,1.01818,1.10,1.00
2014.02.14 10:18:02.216,1.01815,1.01819,1.10,1.20
2014.02.14 10:18:05.422,1.01815,1.01818,1.20,1.00
2014.02.14 10:18:08.844,1.01815,1.01819,1.20,1.20
2014.02.14 10:18:14.481,1.01815,1.01818,1.58,1.00
2014.02.14 10:18:18.297,1.01813,1.01818,3.08,1.38
2014.02.14 10:18:18.398,1.01811,1.01816,3.83,1.35
2014.02.14 10:18:18.449,1.0181,1.01816,3.15,3.38
2014.02.14 10:18:18.953,1.0181,1.01814,1.18,1.13
2014.02.14 10:18:20.650,1.0181,1.01815,3.75,1.20
2014.02.14 10:18:20.945,1.01813,1.01817,2.70,2.25
2014.02.14 10:18:21.481,1.01813,1.01818,2.70,1.00
2014.02.14 10:18:24.397,1.01813,1.01818,2.25,1.20
2014.02.14 10:18:24.447,1.01812,1.01817,1.58,1.18
2014.02.14 10:18:25.689,1.01812,1.01817,1.10,2.78
2014.02.14 10:18:25.791,1.0181,1.01815,3.08,1.38
2014.02.14 10:18:25.892,1.01809,1.01814,1.00,4.05
2014.02.14 10:18:26.044,1.01811,1.01813,1.00,1.18
2014.02.14 10:18:27.993,1.01811,1.01814,1.00,1.10
2014.02.14 10:18:28.498,1.01811,1.01814,1.38,1.10
2014.02.14 10:18:31.357,1.01811,1.01815,1.00,1.18
2014.02.14 10:18:31.408,1.01813,1.01816,1.50,2.33
2014.02.14 10:18:31.711,1.01813,1.01817,1.18,1.00
2014.02.14 10:18:31.863,1.01814,1.01817,2.25,1.00
2014.02.14 10:18:32.166,1.01814,1.01819,2.33,5.85
2014.02.14 10:18:45.100,1.01814,1.0182,3.45,4.05
2014.02.14 10:18:46.627,1.01814,1.01819,3.45,1.00
2014.02.14 10:18:55.390,1.01814,1.0182,3.45,3.67
2014.02.14 10:18:57.448,1.01814,1.01819,3.45,1.00
2014.02.14 10:18:58.786,1.01816,1.01819,1.48,1.00
2014.02.14 10:18:58.938,1.01823,1.01825,2.85,8.22
2014.02.14 10:18:58.989,1.01823,1.01827,2.55,1.00
2014.02.14 10:18:59.040,1.01824,1.0183,1.50,1.55
2014.02.14 10:18:59.293,1.01827,1.01832,1.10,2.02
2014.02.14 10:18:59.495,1.01825,1.01829,3.83,4.35
2014.02.14 10:18:59.698,1.01821,1.01827,5.33,1.43
2014.02.14 10:18:59.900,1.01823,1.01827,2.25,1.35
2014.02.14 10:19:00.203,1.01827,1.0183,1.10,1.00
2014.02.14 10:19:00.875,1.01827,1.0183,1.00,1.08
2014.02.14 10:19:08.041,1.01827,1.01831,1.08,1.08
2014.02.14 10:19:08.592,1.01827,1.01831,1.28,1.00
2014.02.14 10:19:15.660,1.0183,1.01832,1.00,1.47
2014.02.14 10:19:16.217,1.01829,1.01832,1.88,1.09
2014.02.14 10:19:17.328,1.01827,1.01832,2.40,1.47
2014.02.14 10:19:20.888,1.01826,1.0183,2.33,1.87
2014.02.14 10:19:20.939,1.01824,1.01827,1.58,2.48
2014.02.14 10:19:21.040,1.01822,1.01826,1.65,1.48
2014.02.14 10:19:21.293,1.01818,1.01824,2.03,2.78
2014.02.14 10:19:21.898,1.01817,1.01823,3.45,1.48
2014.02.14 10:19:22.763,1.01817,1.01823,3.45,1.48
2014.02.14 10:19:23.274,1.01817,1.01823,3.83,1.48
2014.02.14 10:19:23.802,1.01817,1.01823,3.45,1.48
2014.02.14 10:19:24.505,1.01817,1.01823,3.83,5.55
2014.02.14 10:19:24.556,1.01817,1.01822,1.58,1.17
2014.02.14 10:19:27.670,1.01817,1.0182,1.20,1.00
2014.02.14 10:19:45.084,1.01816,1.01821,1.28,1.95
2014.02.14 10:19:45.236,1.0182,1.01822,1.00,1.09
2014.02.14 10:19:45.389,1.01826,1.01829,1.00,1.57
2014.02.14 10:19:45.843,1.01827,1.01832,1.95,3.37
2014.02.14 10:19:48.715,1.01826,1.01831,1.28,3.30
2014.02.14 10:19:48.917,1.01825,1.01829,2.33,1.73
2014.02.14 10:19:48.967,1.01824,1.01829,2.03,1.80
2014.02.14 10:19:50.434,1.01824,1.01829,2.03,1.05
2014.02.14 10:19:55.219,1.01823,1.01829,5.70,3.30
2014.02.14 10:19:55.424,1.01823,1.01827,1.00,2.63
2014.02.14 10:19:55.727,1.0182,1.01825,2.70,5.47
2014.02.14 10:19:57.254,1.0182,1.01825,2.70,4.35
2014.02.14 10:19:59.896,1.01822,1.01825,2.63,1.73
2014.02.14 10:20:00.250,1.01824,1.01828,1.00,1.28
2014.02.14 10:20:00.654,1.01823,1.01827,1.00,3.38
2014.02.14 10:20:05.323,1.01823,1.01826,1.00,1.13
2014.02.14 10:20:06.541,1.01823,1.01827,1.00,1.10
2014.02.14 10:20:06.844,1.01824,1.01829,2.78,1.20
2014.02.14 10:20:07.349,1.01824,1.01828,1.18,1.13
2014.02.14 10:20:07.874,1.01824,1.01828,1.10,1.20
2014.02.14 10:20:08.966,1.01824,1.01829,1.58,1.54
2014.02.14 10:20:09.269,1.01825,1.01829,1.18,1.50
2014.02.14 10:20:16.177,1.01822,1.01827,4.58,3.97
2014.02.14 10:20:16.481,1.0182,1.01826,4.20,1.58
2014.02.14 10:20:18.014,1.01824,1.01827,1.50,2.02
2014.02.14 10:20:18.116,1.01824,1.01828,4.58,2.25
2014.02.14 10:20:18.622,1.01823,1.01827,2.33,3.22
2014.02.14 10:20:18.724,1.01821,1.01826,2.33,2.70
2014.02.14 10:20:19.229,1.0182,1.01826,4.20,2.70
2014.02.14 10:20:24.633,1.0182,1.01826,4.95,1.10
2014.02.14 10:20:29.706,1.01822,1.01826,2.70,1.20
2014.02.14 10:20:30.009,1.01827,1.01832,6.38,3.00
2014.02.14 10:20:30.161,1.01828,1.01832,2.33,2.25
2014.02.14 10:20:35.611,1.01831,1.01832,1.00,1.00
2014.02.14 10:20:35.712,1.0183,1.01835,1.20,1.87
2014.02.14 10:20:35.863,1.0183,1.01835,1.48,1.50
2014.02.14 10:20:37.073,1.01831,1.01836,1.88,2.33
2014.02.14 10:20:37.617,1.0183,1.01836,1.20,6.45
2014.02.14 10:20:37.920,1.01831,1.01835,1.38,1.17
2014.02.14 10:20:47.244,1.01832,1.01836,1.20,1.58
2014.02.14 10:20:47.769,1.01831,1.01836,2.03,2.32
2014.02.14 10:20:48.274,1.01831,1.01835,1.55,1.00
2014.02.14 10:20:49.088,1.01831,1.01836,1.55,1.10
2014.02.14 10:20:49.290,1.01834,1.01838,3.08,2.10
2014.02.14 10:20:49.542,1.01838,1.01843,1.55,1.58
2014.02.14 10:21:00.152,1.01841,1.01845,1.50,2.93
2014.02.14 10:21:00.356,1.01841,1.01845,1.10,1.75
2014.02.14 10:21:00.861,1.01841,1.01845,1.10,1.00
2014.02.14 10:21:03.000,1.01842,1.01845,1.00,1.50
2014.02.14 10:21:03.218,1.0184,1.01845,1.10,3.60
2014.02.14 10:21:03.370,1.0184,1.01843,1.10,1.87
2014.02.14 10:21:08.267,1.01838,1.01842,2.70,1.35
2014.02.14 10:21:08.570,1.01838,1.01841,2.18,2.85
2014.02.14 10:21:08.621,1.01837,1.0184,1.10,1.35
2014.02.14 10:21:09.227,1.01836,1.0184,3.45,1.00
2014.02.14 10:21:11.905,1.01837,1.0184,1.10,1.10
2014.02.14 10:21:16.960,1.01838,1.01841,1.00,1.17
2014.02.14 10:21:17.161,1.01839,1.01843,1.10,2.17
2014.02.14 10:21:20.161,1.01841,1.01845,1.00,5.99
2014.02.14 10:21:20.212,1.01841,1.01845,1.10,1.19
2014.02.14 10:21:20.890,1.01842,1.01847,1.13,3.82
2014.02.14 10:21:21.428,1.01841,1.01846,1.58,1.18
2014.02.14 10:21:31.507,1.01841,1.01846,2.70,1.87
2014.02.14 10:21:32.014,1.01841,1.01847,3.45,4.79
2014.02.14 10:21:40.170,1.01841,1.01847,5.33,3.29
2014.02.14 10:21:42.394,1.01841,1.01847,5.70,2.32
2014.02.14 10:21:42.698,1.01843,1.01849,4.20,2.54
2014.02.14 10:21:43.463,1.01843,1.01848,4.20,3.75
2014.02.14 10:21:43.766,1.01843,1.01848,1.50,6.83
2014.02.14 10:21:44.069,1.01845,1.01848,1.00,6.83
2014.02.14 10:21:44.624,1.01844,1.01847,1.00,1.18
2014.02.14 10:21:45.563,1.01844,1.01847,1.38,1.18
2014.02.14 10:21:45.715,1.01845,1.0185,2.03,3.07
2014.02.14 10:21:46.242,1.01845,1.01848,1.65,1.35
2014.02.14 10:21:46.761,1.01845,1.01848,1.00,1.88
2014.02.14 10:21:48.602,1.01844,1.01848,1.00,1.18
2014.02.14 10:21:48.753,1.01844,1.01847,1.00,2.33
2014.02.14 10:21:49.886,1.01843,1.01847,1.00,2.33
2014.02.14 10:21:51.131,1.01846,1.0185,3.53,5.24
2014.02.14 10:21:51.390,1.01848,1.01854,4.80,1.94
2014.02.14 10:21:51.895,1.01851,1.01856,1.00,4.19
2014.02.14 10:21:53.617,1.0185,1.01856,1.95,4.57
2014.02.14 10:21:54.124,1.01851,1.01856,1.00,4.19
2014.02.14 10:21:54.675,1.01848,1.01854,1.95,4.79
2014.02.14 10:21:55.856,1.01849,1.01853,1.13,1.18
2014.02.14 10:21:56.362,1.01848,1.01853,1.58,1.18
2014.02.14 10:21:56.665,1.0185,1.01853,1.13,1.18
2014.02.14 10:21:56.817,1.0185,1.01854,1.58,1.10
2014.02.14 10:21:59.946,1.01848,1.01854,4.95,1.94
2014.02.14 10:22:00.454,1.01849,1.01854,1.18,2.33
2014.02.14 10:22:02.590,1.01848,1.01853,2.33,1.00
2014.02.14 10:22:03.106,1.0185,1.01853,1.00,1.18
2014.02.14 10:22:04.347,1.01849,1.01853,1.00,1.18
2014.02.14 10:22:04.851,1.0185,1.01853,1.00,1.18
2014.02.14 10:22:05.377,1.01849,1.01853,1.00,1.18
2014.02.14 10:22:06.183,1.01848,1.01853,1.95,1.18
2014.02.14 10:22:07.341,1.01848,1.01852,3.98,1.00
2014.02.14 10:22:07.667,1.01847,1.01849,3.68,2.18
2014.02.14 10:22:07.731,1.0184,1.01845,4.88,1.00
2014.02.14 10:22:07.782,1.0184,1.01845,2.70,3.00
2014.02.14 10:22:08.196,1.01838,1.01844,2.40,1.18
2014.02.14 10:22:08.550,1.01839,1.01845,3.38,2.39
2014.02.14 10:22:09.054,1.01839,1.01845,3.08,3.82
2014.02.14 10:22:09.511,1.01839,1.01845,3.08,4.19
2014.02.14 10:22:13.681,1.01839,1.01844,1.10,2.03
2014.02.14 10:22:19.183,1.01838,1.01842,1.18,1.00
2014.02.14 10:22:19.697,1.01838,1.01841,1.18,1.50
2014.02.14 10:22:25.063,1.01838,1.01843,1.18,1.95
2014.02.14 10:22:33.715,1.01838,1.01843,3.08,1.38
2014.02.14 10:22:34.511,1.01838,1.01844,3.45,1.95
2014.02.14 10:22:39.094,1.0184,1.01844,1.10,1.10
2014.02.14 10:22:39.397,1.01841,1.01845,1.08,1.10
2014.02.14 10:22:42.139,1.01841,1.01846,1.18,2.33
2014.02.14 10:22:44.561,1.01842,1.01844,1.10,1.00
2014.02.14 10:22:48.461,1.01839,1.01844,1.95,1.28
2014.02.14 10:22:50.993,1.0184,1.01843,1.00,1.10
2014.02.14 10:22:51.524,1.01839,1.01843,1.10,1.20
2014.02.14 10:22:52.362,1.01839,1.01842,1.10,1.00
2014.02.14 10:22:52.413,1.01838,1.0184,1.18,2.10
2014.02.14 10:22:52.464,1.01835,1.0184,6.00,3.85
2014.02.14 10:22:52.768,1.01832,1.01837,10.50,4.43
2014.02.14 10:22:53.072,1.01832,1.01837,1.18,1.57
2014.02.14 10:22:53.585,1.01834,1.01836,1.00,1.13
2014.02.14 10:22:54.092,1.01831,1.01836,3.83,1.38
2014.02.14 10:22:54.679,1.01831,1.01837,3.83,3.29
2014.02.14 10:22:56.521,1.01831,1.01837,4.20,1.80
2014.02.14 10:22:56.731,1.01834,1.01838,2.25,1.58
2014.02.14 10:22:56.833,1.01836,1.01841,1.18,1.94
2014.02.14 10:23:00.147,1.01835,1.01841,4.58,1.94
2014.02.14 10:23:03.061,1.01835,1.01841,4.20,3.44
2014.02.14 10:23:03.264,1.01833,1.01839,3.83,1.20
2014.02.14 10:23:03.365,1.01833,1.01839,1.58,4.05
2014.02.14 10:23:08.543,1.01832,1.01838,1.18,2.03
2014.02.14 10:23:10.355,1.01832,1.01837,1.18,4.04
2014.02.14 10:23:10.895,1.01832,1.01835,1.00,1.13
2014.02.14 10:23:11.802,1.01831,1.01835,1.00,1.12
2014.02.14 10:23:12.316,1.0183,1.01835,1.10,1.12
2014.02.14 10:23:15.053,1.01831,1.01835,1.00,1.00
2014.02.14 10:23:15.584,1.0183,1.01835,1.20,1.00
2014.02.14 10:23:16.150,1.0183,1.01835,1.20,1.18
2014.02.14 10:23:24.256,1.01832,1.01835,1.00,1.28
2014.02.14 10:23:25.061,1.01832,1.01833,1.00,1.00
2014.02.14 10:23:26.187,1.01832,1.01834,1.00,2.70
2014.02.14 10:23:26.289,1.0183,1.01834,1.10,2.33
2014.02.14 10:23:30.708,1.0183,1.01835,1.18,3.30
2014.02.14 10:23:37.128,1.0183,1.01834,1.18,1.50
2014.02.14 10:23:38.419,1.0183,1.01835,1.28,2.55
2014.02.14 10:23:44.959,1.01832,1.01835,1.00,2.18
2014.02.14 10:23:45.110,1.01834,1.01835,1.00,1.10
2014.02.14 10:23:45.313,1.01837,1.01841,1.20,2.32
2014.02.14 10:23:45.833,1.01837,1.01843,4.13,2.77
2014.02.14 10:23:46.384,1.01837,1.01843,4.20,3.29
2014.02.14 10:23:48.338,1.01837,1.01842,3.45,1.00
2014.02.14 10:23:48.540,1.01835,1.01841,4.20,4.05
2014.02.14 10:23:49.057,1.01837,1.01842,1.10,2.02
2014.02.14 10:23:49.158,1.01839,1.01843,1.00,4.95
2014.02.14 10:23:49.361,1.01839,1.01844,1.18,1.57
2014.02.14 10:23:49.865,1.01839,1.01844,1.00,3.82
2014.02.14 10:23:51.122,1.01841,1.01844,1.00,3.00
2014.02.14 10:23:51.224,1.01842,1.01845,1.00,1.18
2014.02.14 10:23:52.227,1.0184,1.01845,2.33,1.13
2014.02.14 10:23:57.371,1.01841,1.01845,1.10,3.38
2014.02.14 10:23:57.908,1.0184,1.01845,1.00,3.45
2014.02.14 10:23:58.481,1.01841,1.01845,1.00,4.95
2014.02.14 10:23:59.920,1.01839,1.01844,1.20,1.18
2014.02.14 10:23:59.970,1.01839,1.01843,1.13,2.25
2014.02.14 10:24:00.490,1.01838,1.01843,1.88,2.70
2014.02.14 10:24:02.384,1.01838,1.01844,2.78,2.02
2014.02.14 10:24:03.586,1.01838,1.01841,3.00,1.20
2014.02.14 10:24:03.687,1.01835,1.01841,1.10,5.70
2014.02.14 10:24:03.788,1.01834,1.01839,1.00,3.44
2014.02.14 10:24:04.732,1.01835,1.01839,1.00,2.33
2014.02.14 10:24:04.782,1.01835,1.0184,1.20,1.64
2014.02.14 10:24:05.186,1.01836,1.01841,1.88,3.82
2014.02.14 10:24:06.588,1.01835,1.01841,1.20,4.57
2014.02.14 10:24:06.790,1.01834,1.01838,1.18,4.73
2014.02.14 10:24:07.042,1.01833,1.01837,1.10,1.19
2014.02.14 10:24:17.942,1.01832,1.01837,1.18,1.57
2014.02.14 10:24:22.191,1.01833,1.01837,3.30,1.09
2014.02.14 10:24:22.393,1.01835,1.01839,1.48,1.10
2014.02.14 10:24:23.220,1.01837,1.0184,1.00,1.17
2014.02.14 10:24:23.763,1.01837,1.01842,1.58,2.70
2014.02.14 10:24:23.864,1.01837,1.01843,1.58,3.82
2014.02.14 10:24:24.066,1.01838,1.01843,1.55,1.57
2014.02.14 10:24:24.571,1.01839,1.01842,1.10,1.00
2014.02.14 10:24:28.515,1.01838,1.01844,2.03,2.77
2014.02.14 10:24:29.031,1.0184,1.01844,1.00,1.64
2014.02.14 10:24:31.980,1.01842,1.01844,1.00,1.10
2014.02.14 10:24:32.183,1.01843,1.01847,1.00,1.65
2014.02.14 10:24:33.333,1.01841,1.01845,1.65,1.00
2014.02.14 10:24:33.384,1.0184,1.01845,1.38,3.83
2014.02.14 10:24:33.485,1.0184,1.01845,1.55,1.57
2014.02.14 10:24:53.740,1.0184,1.01846,4.20,1.20
2014.02.14 10:24:59.720,1.01843,1.01847,1.00,2.02
2014.02.14 10:25:00.231,1.01843,1.01847,1.18,1.12
2014.02.14 10:25:02.301,1.01842,1.01848,3.83,1.95
2014.02.14 10:25:11.205,1.01844,1.01849,1.48,1.65
2014.02.14 10:25:11.357,1.01847,1.01852,1.28,1.58
2014.02.14 10:25:11.710,1.01849,1.01854,3.45,2.25
2014.02.14 10:25:11.811,1.01849,1.01854,3.45,1.13
2014.02.14 10:25:16.843,1.0185,1.01855,1.18,2.32
2014.02.14 10:25:19.800,1.0185,1.01855,1.18,1.95
2014.02.14 10:25:21.342,1.01851,1.01856,1.10,2.77
2014.02.14 10:25:22.593,1.0185,1.01855,1.28,1.58
2014.02.14 10:25:27.193,1.0185,1.01854,1.28,1.75
2014.02.14 10:25:29.520,1.01849,1.01855,4.20,1.95
2014.02.14 10:25:31.484,1.0185,1.01855,1.28,1.20
2014.02.14 10:25:34.095,1.01851,1.01853,1.10,1.00
2014.02.14 10:25:34.707,1.01851,1.01856,1.20,1.54
2014.02.14 10:25:37.836,1.01851,1.01853,1.20,1.00
2014.02.14 10:25:39.155,1.01849,1.01852,2.63,1.00
2014.02.14 10:25:39.257,1.01848,1.01851,3.75,1.00
2014.02.14 10:25:49.142,1.01848,1.01852,2.63,1.00
2014.02.14 10:25:49.344,1.01849,1.01852,2.33,1.00
2014.02.14 10:25:51.290,1.01849,1.01853,2.33,1.13
2014.02.14 10:25:55.449,1.01849,1.01853,2.33,1.38
2014.02.14 10:26:10.512,1.01848,1.0185,2.18,2.85
2014.02.14 10:26:10.563,1.01846,1.01849,1.20,1.35
2014.02.14 10:26:10.665,1.01846,1.01847,1.00,1.50
2014.02.14 10:26:10.884,1.01842,1.01846,2.33,1.00
2014.02.14 10:26:14.450,1.0184,1.01846,3.45,1.10
2014.02.14 10:26:15.376,1.01843,1.01846,1.45,1.10
2014.02.14 10:26:15.477,1.01846,1.01849,1.58,2.32
2014.02.14 10:26:15.680,1.01847,1.01852,1.20,1.65
2014.02.14 10:26:15.882,1.01845,1.01849,3.45,1.00
2014.02.14 10:26:16.134,1.01842,1.01848,1.20,6.67
2014.02.14 10:26:17.388,1.01843,1.01848,1.73,3.45
2014.02.14 10:26:17.539,1.01844,1.01849,2.55,2.33
2014.02.14 10:26:17.590,1.01844,1.0185,2.63,1.18
2014.02.14 10:26:18.249,1.01845,1.0185,1.95,1.18
2014.02.14 10:26:18.805,1.01847,1.01851,1.10,1.20
2014.02.14 10:26:20.869,1.01848,1.01852,1.00,1.28
2014.02.14 10:26:23.479,1.01847,1.01852,1.58,1.18
2014.02.14 10:26:25.524,1.01846,1.01852,1.65,1.88
2014.02.14 10:26:25.575,1.01845,1.01851,1.20,3.45
2014.02.14 10:26:25.726,1.01843,1.01848,5.33,3.23
2014.02.14 10:26:25.777,1.01843,1.01847,1.00,1.50
2014.02.14 10:26:26.283,1.01841,1.01847,1.65,1.65
2014.02.14 10:26:46.639,1.01842,1.01847,1.20,1.20
2014.02.14 10:26:48.201,1.01845,1.01849,1.50,2.18
2014.02.14 10:26:48.556,1.01849,1.01854,2.03,1.84
2014.02.14 10:26:48.658,1.01852,1.01856,1.10,1.94
2014.02.14 10:26:48.709,1.01852,1.01856,1.10,1.20
2014.02.14 10:26:48.760,1.01852,1.01856,1.10,1.48
2014.02.14 10:26:48.912,1.01852,1.01856,1.10,1.10
2014.02.14 10:26:58.469,1.01853,1.01857,1.00,1.18
2014.02.14 10:27:00.834,1.01853,1.01857,1.00,1.55
2014.02.14 10:27:01.806,1.01853,1.01857,1.00,1.18
2014.02.14 10:27:02.212,1.01853,1.01858,1.18,1.95
2014.02.14 10:27:02.890,1.01853,1.01859,2.03,1.28
2014.02.14 10:27:03.042,1.01857,1.01861,1.50,1.26
2014.02.14 10:27:03.345,1.0186,1.01865,2.03,1.84
2014.02.14 10:27:03.850,1.0186,1.01865,2.78,1.09
2014.02.14 10:27:04.709,1.01862,1.01865,1.00,1.09
2014.02.14 10:27:05.164,1.01862,1.01868,2.40,1.64
2014.02.14 10:27:21.852,1.01865,1.01867,1.00,1.20
2014.02.14 10:27:22.285,1.01865,1.01871,1.55,2.39
2014.02.14 10:27:22.790,1.01866,1.01873,3.08,4.28
2014.02.14 10:27:23.294,1.01868,1.01874,2.93,5.69
2014.02.14 10:27:23.799,1.01868,1.01874,1.95,4.58
2014.02.14 10:27:23.950,1.01867,1.01871,1.10,1.38
2014.02.14 10:27:24.052,1.01867,1.0187,1.10,2.18
2014.02.14 10:27:24.305,1.01869,1.01871,1.50,2.84
2014.02.14 10:27:24.407,1.01868,1.01872,2.18,2.32
2014.02.14 10:27:24.838,1.01868,1.0187,1.10,3.98
2014.02.14 10:27:25.342,1.01868,1.01871,1.18,1.00
2014.02.14 10:27:25.494,1.01867,1.01872,2.33,1.50
2014.02.14 10:27:25.545,1.01867,1.01871,2.33,1.88
2014.02.14 10:27:25.646,1.01865,1.0187,3.08,1.30
2014.02.14 10:27:25.748,1.01865,1.0187,1.10,2.62
2014.02.14 10:27:25.899,1.01866,1.0187,2.18,1.19
2014.02.14 10:27:26.051,1.01869,1.01873,2.18,1.09
2014.02.14 10:27:26.909,1.01869,1.01874,3.75,1.58
2014.02.14 10:27:27.453,1.01872,1.01876,1.13,1.18
2014.02.14 10:27:30.881,1.01872,1.01875,1.00,1.05
2014.02.14 10:27:31.385,1.0187,1.01875,1.20,1.05
2014.02.14 10:27:35.947,1.0187,1.01873,1.28,2.10
2014.02.14 10:27:36.048,1.01869,1.01873,1.00,1.18
2014.02.14 10:27:36.554,1.0187,1.01875,2.93,1.88
2014.02.14 10:27:38.276,1.0187,1.01874,2.93,1.88
2014.02.14 10:27:38.378,1.0187,1.01876,3.68,1.10
2014.02.14 10:27:38.883,1.01871,1.01877,1.38,4.49
2014.02.14 10:27:42.214,1.01871,1.01877,1.00,3.37
2014.02.14 10:27:42.624,1.01873,1.01878,3.38,5.10
2014.02.14 10:27:42.675,1.01875,1.01878,3.00,1.00
2014.02.14 10:27:42.776,1.01876,1.0188,2.55,1.09
2014.02.14 10:27:42.877,1.01876,1.01881,2.70,1.50
2014.02.14 10:27:43.735,1.01878,1.01883,1.43,1.28
2014.02.14 10:27:44.290,1.01878,1.01883,2.93,1.18
2014.02.14 10:27:44.593,1.01881,1.01884,1.50,2.33
2014.02.14 10:27:44.644,1.01881,1.01885,1.50,1.18
2014.02.14 10:27:45.148,1.01881,1.01885,1.50,1.18
2014.02.14 10:27:45.603,1.01882,1.01886,1.10,1.10
2014.02.14 10:27:46.583,1.0188,1.01885,4.95,1.00
2014.02.14 10:27:47.042,1.0188,1.01883,3.00,2.10
2014.02.14 10:27:47.290,1.01878,1.01881,1.00,1.10
2014.02.14 10:27:47.650,1.0188,1.01883,1.00,2.33
2014.02.14 10:27:47.701,1.0188,1.01884,1.50,1.18
2014.02.14 10:27:48.208,1.01881,1.01886,1.10,3.83
2014.02.14 10:27:48.722,1.0188,1.01886,2.40,1.65
2014.02.14 10:27:49.230,1.0188,1.01884,2.03,1.00
2014.02.14 10:27:50.108,1.0188,1.01882,1.28,2.10
2014.02.14 10:27:50.259,1.01878,1.01882,1.00,2.40
2014.02.14 10:27:50.714,1.01879,1.01882,1.80,1.50
2014.02.14 10:27:50.866,1.0188,1.01884,1.95,1.10
2014.02.14 10:27:51.068,1.01879,1.01884,2.18,1.18
2014.02.14 10:27:51.170,1.01879,1.01882,1.00,2.25
2014.02.14 10:27:51.573,1.01877,1.01881,1.00,1.65
2014.02.14 10:27:51.725,1.01877,1.01882,2.63,1.20
2014.02.14 10:27:51.776,1.01878,1.01884,1.55,2.40
2014.02.14 10:27:52.349,1.0188,1.01884,1.00,2.03
2014.02.14 10:27:53.307,1.01879,1.01883,1.10,1.95
2014.02.14 10:27:53.358,1.01878,1.01882,1.10,1.38
2014.02.14 10:27:53.409,1.01877,1.01879,2.93,1.88
2014.02.14 10:27:53.863,1.01875,1.01879,2.18,1.88
2014.02.14 10:27:53.914,1.01874,1.01879,1.18,1.95
2014.02.14 10:27:53.965,1.01877,1.01881,1.00,3.82
2014.02.14 10:27:54.015,1.01877,1.01881,1.50,4.19
2014.02.14 10:27:54.066,1.01879,1.01881,1.00,2.92
2014.02.14 10:27:54.117,1.0188,1.01881,1.50,1.09
2014.02.14 10:27:54.218,1.0188,1.01883,1.50,5.33
2014.02.14 10:27:59.857,1.0188,1.01884,1.50,1.28
2014.02.14 10:27:59.959,1.01876,1.0188,1.18,2.48
2014.02.14 10:28:00.060,1.01875,1.01879,1.20,2.18
2014.02.14 10:28:00.212,1.01877,1.01881,1.88,2.33
2014.02.14 10:28:00.313,1.01877,1.01882,1.10,1.64
2014.02.14 10:28:00.364,1.01877,1.01879,1.10,1.00
2014.02.14 10:28:00.818,1.01876,1.01878,1.00,2.55
2014.02.14 10:28:01.071,1.01872,1.01878,1.58,4.80
2014.02.14 10:28:03.989,1.0187,1.01876,4.58,2.70
2014.02.14 10:28:04.513,1.01871,1.01875,1.00,2.70
2014.02.14 10:28:05.039,1.0187,1.01875,2.25,2.70
2014.02.14 10:28:07.434,1.01871,1.01875,1.00,2.70
2014.02.14 10:28:07.946,1.01871,1.01875,1.00,2.70
2014.02.14 10:28:08.497,1.0187,1.01875,3.60,2.70
2014.02.14 10:28:09.517,1.01868,1.01874,3.38,1.55
2014.02.14 10:28:11.600,1.0187,1.01874,2.10,2.03
2014.02.14 10:28:12.159,1.0187,1.01874,2.85,2.03
2014.02.14 10:28:22.316,1.0187,1.01874,3.23,1.18
2014.02.14 10:28:22.869,1.0187,1.01874,3.23,1.18
2014.02.14 10:28:23.188,1.01868,1.01874,4.13,2.03
2014.02.14 10:28:23.289,1.01867,1.0187,1.00,1.28
2014.02.14 10:28:23.441,1.01863,1.01867,2.33,1.10
2014.02.14 10:28:23.491,1.01864,1.01868,1.38,1.65
2014.02.14 10:28:23.593,1.01866,1.01871,2.33,1.13
2014.02.14 10:28:24.047,1.01867,1.01871,1.00,2.70
2014.02.14 10:28:24.251,1.01864,1.01868,1.00,1.18
2014.02.14 10:28:24.352,1.01865,1.01868,3.60,1.18
2014.02.14 10:28:24.607,1.01861,1.01864,1.50,1.10
2014.02.14 10:28:24.709,1.01856,1.01862,8.33,1.10
2014.02.14 10:28:25.163,1.01856,1.01859,2.33,1.00
2014.02.14 10:28:25.466,1.01854,1.01857,1.08,1.58
2014.02.14 10:28:25.670,1.0185,1.01854,2.25,1.00
2014.02.14 10:28:25.922,1.01848,1.01852,7.35,1.50
2014.02.14 10:28:26.125,1.0184,1.01848,2.10,8.63
2014.02.14 10:28:26.327,1.01835,1.01841,8.22,1.00
2014.02.14 10:28:26.529,1.01833,1.01837,2.25,1.00
2014.02.14 10:28:26.580,1.01833,1.01839,3.08,2.93
2014.02.14 10:28:26.732,1.01835,1.01841,2.40,2.24
2014.02.14 10:28:27.035,1.01838,1.01844,1.18,2.24
2014.02.14 10:28:27.136,1.01839,1.01845,3.38,4.49
2014.02.14 10:28:27.389,1.01839,1.01845,1.10,2.93
2014.02.14 10:28:27.798,1.01838,1.01843,1.18,1.00
2014.02.14 10:28:28.253,1.01837,1.01842,1.20,1.00
2014.02.14 10:28:29.192,1.01837,1.01843,1.20,2.93
2014.02.14 10:28:29.783,1.01837,1.01843,3.45,1.13
2014.02.14 10:28:30.962,1.01837,1.01843,3.45,1.38
2014.02.14 10:28:33.105,1.01837,1.0184,3.45,1.00
2014.02.14 10:28:33.848,1.01838,1.01841,1.18,1.00
2014.02.14 10:28:34.956,1.01835,1.01839,3.08,1.38
2014.02.14 10:28:35.058,1.01834,1.01837,1.65,1.00
2014.02.14 10:28:35.211,1.01831,1.01837,1.43,3.08
2014.02.14 10:28:36.810,1.01829,1.01834,3.45,1.00
2014.02.14 10:28:38.137,1.01829,1.01835,3.08,1.85
2014.02.14 10:28:39.636,1.01829,1.01835,3.45,1.58
2014.02.14 10:28:40.417,1.01829,1.01835,3.45,1.58
2014.02.14 10:28:40.619,1.01831,1.01835,2.33,1.50
2014.02.14 10:28:44.435,1.01829,1.01835,3.45,1.13
2014.02.14 10:28:44.738,1.01831,1.01836,2.63,3.37
2014.02.14 10:28:45.255,1.01831,1.01836,2.70,1.00
2014.02.14 10:28:46.003,1.01831,1.01836,2.70,2.99
2014.02.14 10:28:56.750,1.01831,1.01836,2.70,1.00
2014.02.14 10:28:57.178,1.01831,1.01835,2.33,1.88
2014.02.14 10:28:57.329,1.01829,1.01833,3.45,1.00
2014.02.14 10:29:01.826,1.01829,1.01834,3.45,1.13
2014.02.14 10:29:02.179,1.01829,1.01832,3.08,1.00
2014.02.14 10:29:02.532,1.01828,1.01829,2.18,1.00
2014.02.14 10:29:02.583,1.01825,1.01829,1.00,2.85
2014.02.14 10:29:02.835,1.01821,1.01827,1.10,1.20
2014.02.14 10:29:03.342,1.01821,1.01827,1.18,3.37
2014.02.14 10:29:03.646,1.01823,1.01827,1.55,1.13
2014.02.14 10:29:04.555,1.01826,1.01828,1.00,1.20
2014.02.14 10:29:05.061,1.01826,1.01829,1.48,1.12
2014.02.14 10:29:05.866,1.01826,1.0183,1.55,2.62
2014.02.14 10:29:09.943,1.01826,1.0183,1.55,3.74
2014.02.14 10:29:10.402,1.01824,1.0183,1.55,6.37
2014.02.14 10:29:11.286,1.01824,1.01829,1.28,2.69
2014.02.14 10:29:11.488,1.01823,1.01828,2.18,2.50
2014.02.14 10:29:11.741,1.01823,1.01828,2.18,1.00
2014.02.14 10:29:11.791,1.01823,1.01828,3.30,1.00
2014.02.14 10:29:12.094,1.01824,1.01829,1.38,2.32
2014.02.14 10:29:12.145,1.01823,1.01828,3.30,1.50
2014.02.14 10:29:12.448,1.01823,1.01828,3.30,1.50
2014.02.14 10:29:12.953,1.01826,1.01831,3.38,1.57
2014.02.14 10:29:13.156,1.01826,1.01832,4.20,3.07
2014.02.14 10:29:14.134,1.01826,1.01831,4.20,1.00
2014.02.14 10:29:14.648,1.01828,1.01832,1.20,1.57
2014.02.14 10:29:15.180,1.01829,1.01832,1.00,1.09
2014.02.14 10:29:15.694,1.01829,1.01833,1.18,3.22
2014.02.14 10:29:17.250,1.01832,1.01836,1.00,4.20
2014.02.14 10:29:17.763,1.01832,1.01836,1.10,1.95
2014.02.14 10:29:18.066,1.01825,1.01828,2.93,2.10
2014.02.14 10:29:18.571,1.01824,1.01829,1.00,5.18
2014.02.14 10:29:19.235,1.01826,1.01829,1.00,2.33
2014.02.14 10:29:19.337,1.01826,1.01831,1.20,2.03
2014.02.14 10:29:19.848,1.01827,1.01832,1.00,3.22
2014.02.14 10:29:21.130,1.01827,1.01832,1.38,2.84
2014.02.14 10:29:21.231,1.01829,1.01833,1.00,2.39
2014.02.14 10:29:21.736,1.0183,1.01833,1.00,3.89
2014.02.14 10:29:26.578,1.01828,1.01833,1.20,3.89
2014.02.14 10:29:28.832,1.0183,1.01834,1.00,4.57
2014.02.14 10:29:28.986,1.0183,1.01834,1.10,1.20
2014.02.14 10:29:37.074,1.01833,1.01836,1.50,2.18
2014.02.14 10:29:37.428,1.01837,1.01841,1.00,1.79
2014.02.14 10:29:37.580,1.01838,1.01842,1.38,2.25
2014.02.14 10:29:37.732,1.01839,1.01845,1.95,6.07
2014.02.14 10:29:38.035,1.0184,1.01846,1.18,1.69
2014.02.14 10:29:54.481,1.01841,1.01847,3.08,2.47
2014.02.14 10:29:55.312,1.01841,1.01846,3.08,2.85
2014.02.14 10:29:56.018,1.01839,1.01845,3.83,4.57
2014.02.14 10:29:56.321,1.01839,1.01844,1.10,1.28
2014.02.14 10:29:57.558,1.01839,1.01844,1.48,1.18
2014.02.14 10:29:57.660,1.01839,1.01845,4.20,4.57
2014.02.14 10:29:57.963,1.01839,1.01844,3.08,1.38
2014.02.14 10:29:58.064,1.01839,1.01844,1.10,1.55
2014.02.14 10:29:58.667,1.01839,1.01844,1.48,1.18
2014.02.14 10:29:59.410,1.01839,1.01844,1.20,1.28
2014.02.14 10:30:05.474,1.01838,1.01842,1.18,1.35
2014.02.14 10:30:05.626,1.01837,1.01841,2.25,1.88
2014.02.14 10:30:05.677,1.01835,1.0184,1.10,3.75
2014.02.14 10:30:06.043,1.01833,1.01835,2.25,1.00
2014.02.14 10:30:06.350,1.0183,1.01835,1.10,1.65
2014.02.14 10:30:06.401,1.01832,1.01835,1.00,2.03
2014.02.14 10:30:06.906,1.01833,1.01835,1.00,1.18
2014.02.14 10:30:07.412,1.01832,1.01835,1.13,1.65
2014.02.14 10:30:07.564,1.01832,1.01837,1.20,1.28
2014.02.14 10:30:08.081,1.01833,1.01837,1.00,1.28
2014.02.14 10:30:08.585,1.01834,1.01837,1.00,1.28
2014.02.14 10:30:13.785,1.01832,1.01837,1.20,1.28
2014.02.14 10:30:16.032,1.01833,1.01838,1.00,3.45
2014.02.14 10:30:16.082,1.01833,1.01838,2.03,1.10
2014.02.14 10:30:16.385,1.01837,1.01842,2.10,4.34
2014.02.14 10:30:16.608,1.01839,1.01845,1.10,3.97
2014.02.14 10:30:21.061,1.0184,1.01845,1.00,2.33
2014.02.14 10:30:21.112,1.0184,1.01846,1.18,3.67
2014.02.14 10:30:35.907,1.01845,1.01847,2.18,2.93
2014.02.14 10:30:35.958,1.01845,1.01848,2.63,1.50
2014.02.14 10:30:36.008,1.01845,1.01849,3.63,2.77
2014.02.14 10:30:36.160,1.01851,1.01854,1.13,2.33
2014.02.14 10:30:36.362,1.01851,1.01855,1.13,1.28
2014.02.14 10:30:36.876,1.01849,1.01852,1.10,1.00
2014.02.14 10:30:36.978,1.0184,1.0185,7.13,10.49
2014.02.14 10:30:37.028,1.01838,1.01847,1.00,1.13
2014.02.14 10:30:37.184,1.01833,1.0184,1.35,1.38
2014.02.14 10:30:37.235,1.01834,1.01836,1.00,1.35
2014.02.14 10:30:37.538,1.01831,1.01834,1.50,2.70
2014.02.14 10:30:37.639,1.01829,1.01834,1.10,2.63
2014.02.14 10:30:37.690,1.01829,1.01835,1.18,2.03
2014.02.14 10:30:38.970,1.01828,1.01834,2.33,3.83
2014.02.14 10:30:39.274,1.01825,1.01829,1.00,3.75
2014.02.14 10:30:39.814,1.01822,1.01827,3.08,1.00
2014.02.14 10:30:40.325,1.01822,1.01827,2.33,1.50
2014.02.14 10:30:40.376,1.01821,1.01827,1.58,3.83
2014.02.14 10:30:41.280,1.01821,1.01825,1.00,3.38
2014.02.14 10:30:42.885,1.01821,1.01825,1.58,1.10
2014.02.14 10:30:51.288,1.01821,1.01825,1.58,1.10
2014.02.14 10:30:51.390,1.01823,1.01827,1.08,1.20
2014.02.14 10:30:51.542,1.01827,1.01831,1.65,1.00
2014.02.14 10:30:52.097,1.01827,1.01832,2.78,2.09
2014.02.14 10:31:01.839,1.01828,1.0183,1.20,1.00
2014.02.14 10:31:02.141,1.01828,1.01833,3.08,1.00
2014.02.14 10:31:03.235,1.01828,1.01834,3.45,2.33
2014.02.14 10:31:07.985,1.01828,1.0183,3.00,1.00
2014.02.14 10:31:08.288,1.01824,1.01828,3.45,1.13
2014.02.14 10:31:12.066,1.01824,1.01827,2.70,1.00
2014.02.14 10:31:12.167,1.01821,1.01825,1.00,2.50
2014.02.14 10:31:12.672,1.01819,1.01823,1.18,2.10
2014.02.14 10:31:12.875,1.01817,1.0182,2.18,1.13
2014.02.14 10:31:13.380,1.01816,1.01819,1.18,1.00
2014.02.14 10:31:13.683,1.01815,1.0182,1.88,1.38
2014.02.14 10:31:18.689,1.01815,1.0182,2.70,1.50
2014.02.14 10:31:23.696,1.01816,1.01821,1.13,1.58
2014.02.14 10:31:23.798,1.01819,1.01821,1.13,1.10
2014.02.14 10:31:24.302,1.01819,1.01824,2.03,1.58
2014.02.14 10:31:34.264,1.01819,1.01822,1.58,2.18
2014.02.14 10:31:34.366,1.01816,1.01821,5.33,1.58
2014.02.14 10:31:34.618,1.01817,1.01822,1.45,1.65
2014.02.14 10:31:34.972,1.01817,1.01821,1.58,1.45
2014.02.14 10:31:35.477,1.01816,1.01821,3.83,1.55
2014.02.14 10:31:37.083,1.01815,1.01821,1.65,1.55
2014.02.14 10:31:42.666,1.01814,1.01819,3.68,1.50
2014.02.14 10:31:42.767,1.01814,1.01817,1.10,1.00
2014.02.14 10:31:42.969,1.01811,1.01816,1.05,1.18
2014.02.14 10:31:43.171,1.01811,1.01816,5.93,1.18
2014.02.14 10:31:43.678,1.01812,1.01817,1.88,2.33
2014.02.14 10:31:43.729,1.01812,1.01818,1.65,1.28
2014.02.14 10:31:45.224,1.01812,1.01818,2.03,2.40
2014.02.14 10:31:45.818,1.01814,1.0182,1.55,4.04
2014.02.14 10:31:46.324,1.01816,1.0182,1.13,1.10
2014.02.14 10:31:46.475,1.01816,1.01822,3.38,1.42
2014.02.14 10:31:47.955,1.01818,1.01823,2.10,3.08
2014.02.14 10:31:48.611,1.01817,1.01823,1.58,3.45
2014.02.14 10:31:50.364,1.01817,1.01823,1.58,3.08
2014.02.14 10:31:50.977,1.01817,1.01823,1.58,3.08
2014.02.14 10:31:52.960,1.01818,1.01823,1.88,3.45
2014.02.14 10:31:53.616,1.01817,1.01823,1.20,3.83
2014.02.14 10:31:55.595,1.01818,1.01823,1.88,4.20
2014.02.14 10:31:55.746,1.01818,1.01823,2.03,1.20
2014.02.14 10:31:56.796,1.01816,1.01822,1.48,6.97
2014.02.14 10:31:57.887,1.01815,1.0182,1.28,1.80
2014.02.14 10:31:57.988,1.01814,1.01819,4.20,1.13
2014.02.14 10:31:58.497,1.01814,1.01819,1.48,1.28
2014.02.14 10:32:01.047,1.01814,1.01819,1.10,1.28
2014.02.14 10:32:06.756,1.01814,1.01819,1.48,1.28
2014.02.14 10:32:07.261,1.01814,1.01819,1.48,1.28
2014.02.14 10:32:13.623,1.01814,1.01819,1.95,1.28
2014.02.14 10:32:17.513,1.01814,1.01819,1.58,1.55
2014.02.14 10:32:17.766,1.01807,1.01811,2.78,1.00
2014.02.14 10:32:18.170,1.01805,1.01811,1.58,2.03
2014.02.14 10:32:18.674,1.01805,1.01811,1.50,4.20
2014.02.14 10:32:23.634,1.01805,1.01807,1.38,1.00
2014.02.14 10:32:23.735,1.01803,1.01806,1.10,2.23
2014.02.14 10:32:23.937,1.01799,1.01804,1.48,2.18
2014.02.14 10:32:24.038,1.01797,1.01802,2.33,2.25
2014.02.14 10:32:24.089,1.01797,1.01802,3.98,3.08
2014.02.14 10:32:24.241,1.01796,1.01801,1.13,2.33
2014.02.14 10:32:24.745,1.01797,1.01802,1.13,3.83
2014.02.14 10:32:24.846,1.01797,1.01802,1.28,1.58
2014.02.14 10:32:25.048,1.01797,1.01802,1.48,3.75
2014.02.14 10:32:27.280,1.01797,1.01802,1.00,4.20
2014.02.14 10:32:30.313,1.01797,1.01802,1.38,3.83
2014.02.14 10:32:30.616,1.01799,1.01804,2.85,2.84
2014.02.14 10:32:30.818,1.018,1.01805,2.33,1.28
2014.02.14 10:32:31.020,1.01799,1.01804,1.38,2.33
2014.02.14 10:32:31.526,1.01798,1.01801,1.95,1.50
2014.02.14 10:32:32.031,1.01798,1.01801,1.13,1.65
2014.02.14 10:32:33.033,1.01795,1.018,1.55,1.58
2014.02.14 10:32:33.613,1.01795,1.01799,1.55,1.00
2014.02.14 10:32:37.727,1.01795,1.018,1.55,1.10
2014.02.14 10:32:38.592,1.01795,1.018,1.18,1.95
2014.02.14 10:32:44.219,1.01795,1.018,1.55,1.10
2014.02.14 10:32:45.044,1.01795,1.018,1.45,1.18
2014.02.14 10:32:45.546,1.01795,1.018,1.00,4.20
2014.02.14 10:32:47.225,1.01796,1.018,1.00,2.70
2014.02.14 10:32:47.377,1.01797,1.01801,1.88,1.18
2014.02.14 10:32:47.529,1.01801,1.01804,1.50,2.33
2014.02.14 10:32:47.630,1.01801,1.01805,1.00,1.18
2014.02.14 10:32:48.174,1.01799,1.01805,3.15,1.28
2014.02.14 10:32:49.276,1.018,1.01806,2.55,4.95
2014.02.14 10:32:49.328,1.01803,1.01806,1.50,1.48
2014.02.14 10:32:49.682,1.01803,1.01808,2.70,2.18
2014.02.14 10:32:49.784,1.01805,1.01809,1.48,1.10
2014.02.14 10:32:50.354,1.01805,1.01809,3.45,1.00
2014.02.14 10:32:50.506,1.01805,1.01811,3.45,3.22
2014.02.14 10:32:52.730,1.01806,1.01809,1.18,1.00
2014.02.14 10:32:53.450,1.01805,1.01809,4.20,2.02
2014.02.14 10:32:53.601,1.018,1.01806,3.83,3.45
2014.02.14 10:32:54.362,1.01799,1.01804,1.38,2.33
2014.02.14 10:32:54.564,1.01801,1.01806,1.00,4.20
2014.02.14 10:32:55.727,1.01801,1.01802,1.00,1.00
2014.02.14 10:32:56.233,1.01801,1.01806,1.38,4.34
2014.02.14 10:32:56.335,1.01798,1.01801,1.10,1.00
2014.02.14 10:32:56.436,1.018,1.01801,1.13,1.00
2014.02.14 10:32:56.638,1.01798,1.01801,1.10,1.00
2014.02.14 10:32:56.739,1.018,1.01802,1.00,2.09
2014.02.14 10:32:56.942,1.01798,1.01802,1.10,3.59
2014.02.14 10:32:57.043,1.018,1.01802,1.00,2.09
2014.02.14 10:32:57.245,1.018,1.01806,1.10,5.09
2014.02.14 10:32:57.447,1.018,1.01806,1.48,5.09
2014.02.14 10:32:57.965,1.018,1.01805,1.48,1.42
2014.02.14 10:33:00.473,1.01798,1.01804,3.83,1.10
2014.02.14 10:33:02.180,1.01798,1.01803,3.83,1.00
2014.02.14 10:33:02.894,1.01798,1.01803,3.83,1.00
2014.02.14 10:33:02.995,1.01799,1.01805,1.55,2.54
2014.02.14 10:33:05.667,1.01801,1.01805,3.98,1.18
2014.02.14 10:33:05.819,1.01803,1.01809,1.88,16.04
2014.02.14 10:33:05.870,1.01804,1.01809,2.25,11.84
2014.02.14 10:33:06.148,1.01802,1.01807,3.08,2.62
2014.02.14 10:33:09.731,1.01802,1.01806,2.18,1.88
2014.02.14 10:33:11.763,1.01801,1.01803,1.20,1.00
2014.02.14 10:33:11.814,1.018,1.01802,2.93,2.25
2014.02.14 10:33:12.017,1.01798,1.01802,1.20,1.58
2014.02.14 10:33:12.522,1.01796,1.01802,3.45,6.07
2014.02.14 10:33:19.707,1.01796,1.01802,3.45,4.57
2014.02.14 10:33:20.264,1.01796,1.01802,3.45,4.57
2014.02.14 10:33:24.672,1.01796,1.01802,3.45,4.57
2014.02.14 10:33:25.342,1.01798,1.01803,1.48,1.18
2014.02.14 10:33:25.990,1.01797,1.01803,3.53,1.18
2014.02.14 10:33:27.474,1.01796,1.01802,3.83,4.05
2014.02.14 10:33:28.373,1.01797,1.01802,2.03,1.95
2014.02.14 10:33:28.575,1.01799,1.01805,1.18,4.64
2014.02.14 10:33:30.522,1.01799,1.01802,1.18,2.10
2014.02.14 10:33:30.623,1.01798,1.01802,1.13,3.00
2014.02.14 10:33:31.184,1.01796,1.01802,2.40,4.64
2014.02.14 10:33:31.539,1.01798,1.01804,1.08,4.72
2014.02.14 10:33:32.073,1.01798,1.01804,2.03,1.55
2014.02.14 10:33:37.170,1.01798,1.01802,1.65,2.10
2014.02.14 10:33:37.473,1.01796,1.01802,2.40,4.64
2014.02.14 10:33:37.938,1.01798,1.01804,1.58,4.34
2014.02.14 10:33:37.989,1.01798,1.01804,3.15,1.79
2014.02.14 10:33:39.792,1.01798,1.01802,3.15,2.99
2014.02.14 10:33:40.334,1.01798,1.01802,1.00,3.89
2014.02.14 10:33:40.860,1.01797,1.01802,1.10,3.89
2014.02.14 10:33:42.185,1.01798,1.01802,1.00,1.79
2014.02.14 10:33:47.804,1.018,1.01803,1.00,3.89
2014.02.14 10:33:47.957,1.01801,1.01804,1.00,1.10
2014.02.14 10:33:50.182,1.01802,1.01805,1.00,1.28
2014.02.14 10:33:51.245,1.01803,1.01806,2.63,2.18
2014.02.14 10:33:51.548,1.01805,1.0181,4.95,1.52
2014.02.14 10:33:51.650,1.01805,1.0181,3.08,1.27
2014.02.14 10:33:51.701,1.01805,1.01811,5.25,3.52
2014.02.14 10:33:52.312,1.01805,1.0181,4.58,3.74
2014.02.14 10:33:52.864,1.01805,1.01807,2.25,2.10
2014.02.14 10:33:53.117,1.01803,1.01807,3.45,2.10
2014.02.14 10:33:54.186,1.01803,1.01809,4.20,5.55
2014.02.14 10:33:54.720,1.01803,1.01809,4.58,1.80
2014.02.14 10:33:54.922,1.01803,1.01808,1.58,1.28
2014.02.14 10:33:55.812,1.01804,1.01808,1.00,5.54
2014.02.14 10:33:58.428,1.01802,1.01807,1.18,1.20
2014.02.14 10:34:02.669,1.01801,1.01807,5.33,1.48
2014.02.14 10:34:04.515,1.01801,1.01805,2.33,1.73
2014.02.14 10:34:04.616,1.01798,1.01802,1.58,2.50
2014.02.14 10:34:04.970,1.01796,1.018,2.70,1.00
2014.02.14 10:34:05.475,1.01796,1.018,2.70,1.00
2014.02.14 10:34:07.994,1.01795,1.018,1.65,1.58
2014.02.14 10:34:08.096,1.01795,1.01798,1.65,1.00
2014.02.14 10:34:08.248,1.01793,1.01797,1.55,2.10
2014.02.14 10:34:09.030,1.01793,1.01798,1.18,1.10
2014.02.14 10:34:09.608,1.01793,1.01797,1.55,1.00
2014.02.14 10:34:10.307,1.01793,1.01797,1.55,1.00
2014.02.14 10:34:10.409,1.01794,1.018,1.48,4.72
2014.02.14 10:34:11.884,1.01797,1.01801,1.10,1.10
2014.02.14 10:34:21.068,1.01797,1.01802,4.95,2.99
2014.02.14 10:34:40.343,1.01799,1.01804,1.10,1.04
2014.02.14 10:34:41.657,1.01799,1.01804,1.58,1.04
2014.02.14 10:34:44.133,1.01799,1.01805,2.03,2.54
2014.02.14 10:34:44.436,1.01798,1.01802,4.43,1.00
2014.02.14 10:34:45.077,1.018,1.01803,2.33,1.00
2014.02.14 10:34:49.138,1.018,1.01804,2.33,1.13
2014.02.14 10:34:50.199,1.01802,1.01807,1.50,1.18
2014.02.14 10:34:50.503,1.01806,1.0181,3.00,1.13
2014.02.14 10:34:50.605,1.01807,1.0181,1.18,1.13
2014.02.14 10:34:51.837,1.01809,1.0181,1.00,1.00
2014.02.14 10:34:51.938,1.01809,1.01813,1.00,1.88
2014.02.14 10:34:52.450,1.0181,1.01813,1.00,1.28
2014.02.14 10:34:53.142,1.01806,1.0181,3.00,1.88
2014.02.14 10:34:53.192,1.01804,1.0181,4.95,2.33
2014.02.14 10:34:53.294,1.01804,1.01809,2.33,1.13
2014.02.14 10:34:53.899,1.01804,1.01808,1.10,1.48
2014.02.14 10:35:00.649,1.01802,1.01807,2.93,4.13
2014.02.14 10:35:01.486,1.01802,1.01808,2.93,5.47
2014.02.14 10:35:02.003,1.01803,1.01808,1.00,5.47
2014.02.14 10:35:03.204,1.01802,1.01807,2.93,4.13
2014.02.14 10:35:03.708,1.01801,1.01806,3.30,1.55
2014.02.14 10:35:04.712,1.018,1.01806,2.40,2.54
2014.02.14 10:35:04.813,1.01798,1.01803,1.65,1.20
2014.02.14 10:35:05.067,1.01798,1.01801,1.18,1.00
2014.02.14 10:35:05.592,1.01798,1.01803,1.18,1.48
2014.02.14 10:35:06.807,1.01798,1.01803,1.65,1.20
2014.02.14 10:35:07.430,1.01798,1.01803,1.18,1.48
2014.02.14 10:35:09.383,1.01798,1.01803,1.10,3.38
2014.02.14 10:35:23.386,1.01798,1.01804,5.70,1.72
2014.02.14 10:35:35.952,1.01798,1.01804,3.45,3.97
2014.02.14 10:35:37.315,1.01798,1.01802,3.00,2.33
2014.02.14 10:35:40.781,1.01797,1.018,1.00,3.45
2014.02.14 10:35:40.882,1.01794,1.01796,2.25,2.18
2014.02.14 10:35:41.354,1.0179,1.01795,3.08,1.00
2014.02.14 10:35:41.556,1.0179,1.01794,2.33,1.35
2014.02.14 10:35:41.657,1.01788,1.01793,2.63,2.33
2014.02.14 10:35:42.063,1.01788,1.01794,2.78,2.02
2014.02.14 10:35:44.413,1.01787,1.01791,2.33,1.00
2014.02.14 10:35:44.918,1.01787,1.01792,3.83,1.00
2014.02.14 10:35:48.902,1.01787,1.01792,5.33,1.00
2014.02.14 10:35:49.416,1.01788,1.01794,1.55,2.17
2014.02.14 10:35:51.453,1.01788,1.01794,1.55,2.17
2014.02.14 10:35:51.967,1.0179,1.01794,1.55,1.27
2014.02.14 10:36:00.426,1.0179,1.01793,1.55,1.00
2014.02.14 10:36:02.322,1.01791,1.01796,3.38,1.34
2014.02.14 10:36:02.826,1.01791,1.01797,4.20,1.10
2014.02.14 10:36:06.041,1.01793,1.01798,1.48,1.18
2014.02.14 10:36:06.142,1.01794,1.01799,1.55,1.10
2014.02.14 10:36:07.820,1.01795,1.018,2.70,3.37
2014.02.14 10:36:08.325,1.01794,1.018,1.55,3.52
2014.02.14 10:36:09.902,1.01794,1.01799,2.78,1.34
2014.02.14 10:36:10.411,1.01794,1.01799,4.88,1.10
2014.02.14 10:36:10.991,1.01798,1.01801,1.00,1.18
2014.02.14 10:36:11.092,1.01801,1.01804,1.50,2.33
2014.02.14 10:36:11.143,1.01801,1.01805,1.50,4.27
2014.02.14 10:36:11.647,1.01802,1.01804,1.38,1.00
2014.02.14 10:36:12.452,1.01799,1.01804,3.45,1.00
2014.02.14 10:36:13.000,1.01799,1.01803,2.70,1.00
2014.02.14 10:36:22.686,1.018,1.01803,1.18,3.74
2014.02.14 10:36:22.787,1.01797,1.01801,1.48,2.10
2014.02.14 10:36:23.090,1.01792,1.01797,3.45,2.10
2014.02.14 10:36:23.447,1.01792,1.01794,1.45,1.00
2014.02.14 10:36:23.979,1.01791,1.01797,1.95,2.33
2014.02.14 10:36:24.687,1.01789,1.01793,2.33,2.50
2014.02.14 10:36:24.738,1.01789,1.01792,2.33,1.88
2014.02.14 10:36:24.789,1.01787,1.0179,1.55,1.00
2014.02.14 10:36:25.143,1.01786,1.01792,8.18,1.10
2014.02.14 10:36:26.411,1.01787,1.0179,1.18,1.00
2014.02.14 10:36:27.022,1.01786,1.01794,5.18,5.09
2014.02.14 10:36:28.524,1.01787,1.0179,1.18,1.00
2014.02.14 10:36:28.978,1.01786,1.01791,4.80,1.00
2014.02.14 10:36:29.656,1.01787,1.01791,1.18,1.00
2014.02.14 10:36:32.213,1.01786,1.01791,4.05,1.00
2014.02.14 10:36:32.717,1.01787,1.01793,1.65,1.18
2014.02.14 10:36:39.739,1.01787,1.01793,2.40,1.18
2014.02.14 10:36:40.437,1.01788,1.01793,2.70,1.00
2014.02.14 10:36:43.066,1.01788,1.01793,2.70,1.00
2014.02.14 10:36:47.162,1.01788,1.01794,3.45,3.59
2014.02.14 10:36:48.881,1.01792,1.01795,1.38,1.10
2014.02.14 10:36:48.982,1.01794,1.01797,3.98,2.84
2014.02.14 10:36:49.134,1.01795,1.01801,1.20,3.97
2014.02.14 10:36:49.236,1.01796,1.01802,3.08,2.09
2014.02.14 10:36:49.745,1.01796,1.01802,4.58,2.09
2014.02.14 10:37:02.919,1.01799,1.01802,2.10,1.10
2014.02.14 10:37:03.222,1.01801,1.01806,1.18,1.20
2014.02.14 10:37:04.282,1.01803,1.01806,1.00,1.20
2014.02.14 10:37:04.585,1.01803,1.01806,1.00,3.94
2014.02.14 10:37:07.184,1.018,1.01806,5.18,3.45
2014.02.14 10:37:08.548,1.01802,1.01806,1.00,3.45
2014.02.14 10:37:13.499,1.018,1.01806,5.18,3.45
2014.02.14 10:37:13.942,1.01802,1.01806,1.00,3.45
2014.02.14 10:37:14.944,1.01801,1.01806,1.00,3.45
2014.02.14 10:37:15.464,1.01802,1.01806,1.00,3.45
2014.02.14 10:37:17.242,1.01802,1.01806,1.10,1.48
2014.02.14 10:37:19.144,1.018,1.01806,7.43,1.20
2014.02.14 10:37:24.271,1.01802,1.01807,2.18,5.25
2014.02.14 10:37:28.689,1.01802,1.01808,2.93,7.72
2014.02.14 10:37:29.193,1.01803,1.01808,1.00,2.09
2014.02.14 10:37:30.700,1.01802,1.01808,3.68,5.17
2014.02.14 10:37:31.202,1.01802,1.01806,1.10,1.10
2014.02.14 10:37:50.340,1.01802,1.01806,3.38,1.00
2014.02.14 10:37:53.898,1.01802,1.01808,4.20,3.22
2014.02.14 10:37:54.201,1.01804,1.01809,3.75,1.34
2014.02.14 10:37:54.506,1.01809,1.01812,2.33,1.00
2014.02.14 10:37:54.607,1.01808,1.01814,3.83,6.22
2014.02.14 10:37:55.111,1.01809,1.01813,2.33,1.00
2014.02.14 10:37:56.625,1.01808,1.01813,1.08,1.65
2014.02.14 10:37:57.187,1.01808,1.01813,1.00,3.83
2014.02.14 10:37:58.484,1.01808,1.01813,1.18,1.58
2014.02.14 10:37:58.567,1.01808,1.01813,1.10,3.75
2014.02.14 10:38:01.676,1.01808,1.0181,1.00,4.50
2014.02.14 10:38:01.778,1.01804,1.0181,1.65,8.63
2014.02.14 10:38:01.828,1.01804,1.01807,1.18,1.50
2014.02.14 10:38:02.081,1.01803,1.01807,1.13,1.65
2014.02.14 10:38:03.200,1.01803,1.01808,1.38,3.45
2014.02.14 10:38:03.251,1.01803,1.01809,2.03,2.40
2014.02.14 10:38:04.078,1.01803,1.01809,4.13,2.40
2014.02.14 10:38:04.330,1.01807,1.0181,1.00,1.10
2014.02.14 10:38:04.846,1.01807,1.01812,1.10,1.04
2014.02.14 10:38:08.751,1.01805,1.01807,2.93,1.50
2014.02.14 10:38:09.003,1.01802,1.01807,2.78,5.33
2014.02.14 10:38:19.976,1.01803,1.01806,1.00,1.08
2014.02.14 10:38:23.296,1.01802,1.01806,1.13,1.65
2014.02.14 10:38:25.387,1.01803,1.01806,1.00,1.65
2014.02.14 10:38:26.851,1.01802,1.01806,1.00,2.03
2014.02.14 10:38:31.346,1.01801,1.01806,1.10,1.65
2014.02.14 10:38:31.649,1.01803,1.01806,1.00,1.65
2014.02.14 10:38:41.922,1.018,1.01806,4.50,1.65
2014.02.14 10:38:46.536,1.01802,1.01805,1.00,1.10
2014.02.14 10:38:47.055,1.018,1.01805,3.75,1.20
2014.02.14 10:38:47.878,1.01801,1.01805,1.48,1.58
2014.02.14 10:38:48.030,1.01799,1.01805,1.48,6.22
2014.02.14 10:38:48.337,1.018,1.01804,1.50,1.18
2014.02.14 10:38:50.318,1.01802,1.01805,1.00,1.10
2014.02.14 10:38:53.606,1.01802,1.01805,1.38,1.10
2014.02.14 10:38:53.708,1.01805,1.01807,1.10,1.50
2014.02.14 10:38:53.960,1.01808,1.01813,1.58,1.42
2014.02.14 10:38:54.011,1.01808,1.01813,3.75,1.34
2014.02.14 10:39:09.862,1.01809,1.01814,1.18,3.22
2014.02.14 10:39:12.655,1.01811,1.01814,1.00,1.58
2014.02.14 10:39:12.958,1.01813,1.01816,1.00,3.44
2014.02.14 10:39:13.009,1.01814,1.01816,1.00,1.00
2014.02.14 10:39:13.827,1.01814,1.01818,1.13,2.17
2014.02.14 10:39:13.877,1.01816,1.01818,1.00,1.65
2014.02.14 10:39:14.181,1.01819,1.01823,4.50,2.77
2014.02.14 10:39:14.434,1.01821,1.01825,1.00,2.84
2014.02.14 10:39:14.989,1.01821,1.01826,1.10,1.42
2014.02.14 10:39:15.191,1.01824,1.01826,1.00,1.18
2014.02.14 10:39:15.544,1.01823,1.01827,1.10,1.10
2014.02.14 10:39:21.488,1.01823,1.01828,1.00,1.42
2014.02.14 10:39:22.003,1.01822,1.01828,4.13,1.42
2014.02.14 10:39:30.195,1.01822,1.01827,1.10,3.00
2014.02.14 10:39:37.377,1.01821,1.01827,1.95,3.45
2014.02.14 10:39:37.730,1.0182,1.01824,1.10,1.08
2014.02.14 10:39:38.296,1.01819,1.01825,1.10,11.84
2014.02.14 10:39:43.263,1.01819,1.01824,1.10,1.74
2014.02.14 10:39:43.767,1.01818,1.01823,1.00,6.30
2014.02.14 10:39:44.125,1.0182,1.01822,1.50,1.46
2014.02.14 10:39:44.428,1.01823,1.01828,1.50,3.59
2014.02.14 10:39:44.479,1.01823,1.01828,1.50,3.08
2014.02.14 10:39:44.630,1.01825,1.01828,1.00,2.33
2014.02.14 10:39:44.935,1.01825,1.01831,1.20,3.97
2014.02.14 10:39:45.036,1.01825,1.01829,1.00,2.70
2014.02.14 10:39:45.087,1.01823,1.01829,1.58,3.45
2014.02.14 10:39:50.494,1.01821,1.01827,3.00,4.65
2014.02.14 10:39:50.545,1.01821,1.01827,1.10,6.83
2014.02.14 10:39:51.493,1.0182,1.01824,1.18,1.13
2014.02.14 10:39:51.746,1.01819,1.01824,1.00,3.45
2014.02.14 10:39:56.995,1.01819,1.01825,3.08,3.82
2014.02.14 10:39:57.898,1.01819,1.01825,3.08,3.82
2014.02.14 10:40:00.207,1.01819,1.01824,2.33,1.88
2014.02.14 10:40:00.258,1.01818,1.01824,1.65,2.03
2014.02.14 10:40:08.313,1.01817,1.0182,3.45,1.00
2014.02.14 10:40:08.465,1.01813,1.01818,3.90,1.95
2014.02.14 10:40:09.007,1.01813,1.01818,1.18,6.97
2014.02.14 10:40:09.805,1.01813,1.01817,1.18,1.00
2014.02.14 10:40:10.310,1.01814,1.01817,1.00,1.18
2014.02.14 10:40:14.081,1.01815,1.01818,4.35,2.25
2014.02.14 10:40:14.284,1.01819,1.01823,1.00,3.97
2014.02.14 10:40:15.588,1.01818,1.01823,1.88,4.72
2014.02.14 10:40:16.093,1.01816,1.01822,3.15,2.39
2014.02.14 10:40:25.104,1.01816,1.01822,1.18,2.39
2014.02.14 10:40:26.184,1.01816,1.01822,1.65,5.77
2014.02.14 10:40:29.261,1.01817,1.01822,2.18,1.55
2014.02.14 10:40:29.311,1.0182,1.01823,1.00,3.45
2014.02.14 10:40:29.362,1.0182,1.01823,1.00,1.20
2014.02.14 10:40:30.848,1.01819,1.01825,1.10,4.72
2014.02.14 10:40:32.396,1.01819,1.01821,2.33,1.00
2014.02.14 10:40:32.548,1.01815,1.01821,2.78,4.13
2014.02.14 10:40:32.598,1.01815,1.0182,2.40,1.05
2014.02.14 10:40:32.851,1.01812,1.01816,1.00,1.55
2014.02.14 10:40:33.356,1.0181,1.01816,2.03,1.55
2014.02.14 10:40:33.885,1.01812,1.01816,1.00,1.55
2014.02.14 10:40:34.037,1.01813,1.01817,1.10,1.10
2014.02.14 10:40:34.088,1.01811,1.01814,4.13,1.12
2014.02.14 10:40:34.239,1.01808,1.01813,2.33,1.27
2014.02.14 10:40:34.492,1.01812,1.01815,1.00,1.42
2014.02.14 10:40:34.593,1.0181,1.01815,5.55,1.36
2014.02.14 10:40:35.990,1.0181,1.01816,5.25,1.79
2014.02.14 10:40:36.243,1.01811,1.01817,1.18,2.77
2014.02.14 10:40:36.649,1.01813,1.01817,1.00,1.04
2014.02.14 10:40:36.700,1.01814,1.01818,1.50,3.59
2014.02.14 10:40:36.801,1.01815,1.01819,1.00,1.04
2014.02.14 10:40:36.903,1.01815,1.0182,1.18,1.20
2014.02.14 10:40:36.954,1.01815,1.0182,1.10,2.55
2014.02.14 10:40:37.055,1.01813,1.01818,1.18,1.72
2014.02.14 10:40:37.106,1.01812,1.01818,1.58,3.97
2014.02.14 10:40:39.191,1.01812,1.01818,5.63,1.55
2014.02.14 10:40:39.707,1.01813,1.01819,1.28,1.79
2014.02.14 10:40:40.222,1.01814,1.0182,1.95,3.45
2014.02.14 10:40:43.796,1.01814,1.0182,1.58,3.08
2014.02.14 10:40:44.979,1.01814,1.0182,1.95,3.45
2014.02.14 10:40:45.485,1.01817,1.0182,1.50,3.22
2014.02.14 10:40:46.278,1.01817,1.01823,4.95,1.10
2014.02.14 10:40:47.166,1.01819,1.01824,1.48,1.18
2014.02.14 10:40:52.376,1.01819,1.01824,1.10,1.50
2014.02.14 10:40:56.221,1.01818,1.01824,1.65,2.77
2014.02.14 10:40:56.323,1.01817,1.01823,3.08,3.45
2014.02.14 10:40:57.049,1.01817,1.01821,1.00,3.83
2014.02.14 10:40:57.100,1.01815,1.01819,1.10,2.55
2014.02.14 10:40:57.252,1.01814,1.01816,1.50,1.00
2014.02.14 10:40:57.353,1.01812,1.01816,1.00,1.55
2014.02.14 10:41:01.216,1.01813,1.01816,1.00,1.55
2014.02.14 10:41:01.763,1.01812,1.01816,1.00,1.55
2014.02.14 10:41:05.183,1.01813,1.01816,1.00,1.55
2014.02.14 10:41:11.303,1.01813,1.01816,1.10,1.00
2014.02.14 10:41:12.129,1.01814,1.01819,1.00,5.32
2014.02.14 10:41:12.180,1.01815,1.01819,1.00,1.65
2014.02.14 10:41:12.483,1.01819,1.01823,1.00,1.79
2014.02.14 10:41:14.279,1.0182,1.01824,1.00,3.83
2014.02.14 10:41:14.482,1.01819,1.01824,1.50,3.45
2014.02.14 10:41:15.232,1.01818,1.01824,1.58,5.09
2014.02.14 10:41:16.767,1.01817,1.01822,1.18,2.32
2014.02.14 10:41:17.285,1.01817,1.01822,1.18,2.32
2014.02.14 10:41:18.142,1.01817,1.01822,1.28,2.32
2014.02.14 10:41:18.667,1.01819,1.01824,1.00,3.45
2014.02.14 10:41:18.718,1.01819,1.01824,3.00,1.08
2014.02.14 10:41:18.769,1.0182,1.01826,1.18,2.17
2014.02.14 10:41:19.293,1.01819,1.01824,4.20,1.00
2014.02.14 10:41:39.735,1.01819,1.01824,2.40,1.10
2014.02.14 10:41:43.566,1.01821,1.01825,2.33,1.13
2014.02.14 10:41:54.795,1.01819,1.01825,5.33,1.20
2014.02.14 10:42:04.825,1.01823,1.01827,2.63,2.18
2014.02.14 10:42:04.927,1.01824,1.01827,2.70,1.00
2014.02.14 10:42:05.280,1.01823,1.01829,1.28,3.29
2014.02.14 10:42:09.156,1.01822,1.01828,4.20,1.72
2014.02.14 10:42:09.709,1.01822,1.01828,4.58,1.72
2014.02.14 10:42:13.013,1.01823,1.01828,1.28,1.72
2014.02.14 10:42:13.267,1.01821,1.01827,1.18,3.14
2014.02.14 10:42:13.779,1.01822,1.01827,2.70,1.28
2014.02.14 10:42:13.881,1.01823,1.01828,1.28,1.48
2014.02.14 10:42:14.657,1.01823,1.01828,1.28,1.48
2014.02.14 10:42:15.828,1.01822,1.01827,1.48,1.55
2014.02.14 10:42:16.561,1.01822,1.01827,1.10,1.55
2014.02.14 10:42:16.813,1.0182,1.01825,1.10,1.28
2014.02.14 10:42:37.712,1.0182,1.01824,1.28,1.00
2014.02.14 10:42:56.444,1.01821,1.01825,3.75,1.00
2014.02.14 10:42:56.545,1.01821,1.01827,7.43,1.10
2014.02.14 10:42:56.596,1.01823,1.01827,2.33,1.00
2014.02.14 10:42:57.807,1.01823,1.01828,2.33,1.00
2014.02.14 10:42:58.110,1.01825,1.01828,2.33,1.00
2014.02.14 10:42:58.744,1.01824,1.01828,3.08,1.88
2014.02.14 10:42:59.248,1.01823,1.01829,7.20,3.22
2014.02.14 10:43:14.648,1.01824,1.01829,3.45,1.34
2014.02.14 10:43:15.102,1.01827,1.01829,1.28,1.50
2014.02.14 10:43:15.254,1.01828,1.01831,1.18,1.00
2014.02.14 10:43:15.355,1.01829,1.01834,1.10,1.28
2014.02.14 10:43:15.456,1.01829,1.01832,4.20,1.00
2014.02.14 10:43:15.558,1.01828,1.01832,1.65,1.13
2014.02.14 10:43:16.062,1.01828,1.01834,1.65,2.54
2014.02.14 10:43:19.402,1.0183,1.01834,1.00,1.28
2014.02.14 10:43:24.448,1.01829,1.01834,1.10,1.18
2014.02.14 10:43:24.549,1.01828,1.0183,1.10,1.48
2014.02.14 10:43:24.600,1.01826,1.0183,6.08,1.48
2014.02.14 10:43:24.852,1.01823,1.01827,3.45,1.10
2014.02.14 10:43:24.903,1.01823,1.01827,1.10,1.48
2014.02.14 10:43:25.412,1.01821,1.01825,2.33,1.13
2014.02.14 10:43:25.463,1.01819,1.01825,2.78,1.28
2014.02.14 10:43:25.666,1.0182,1.01825,2.33,1.38
2014.02.14 10:43:26.216,1.0182,1.01825,2.33,1.13
2014.02.14 10:43:36.352,1.0182,1.01825,3.08,1.38
2014.02.14 10:43:37.190,1.0182,1.01825,3.08,1.13
2014.02.14 10:43:42.070,1.01822,1.01826,2.33,1.13
2014.02.14 10:43:44.072,1.0182,1.01826,1.50,1.18
2014.02.14 10:43:46.177,1.0182,1.01826,1.00,1.56
2014.02.14 10:43:46.499,1.0182,1.01826,3.08,1.52
2014.02.14 10:43:47.781,1.0182,1.01826,4.20,1.38
2014.02.14 10:44:02.673,1.01821,1.01827,1.18,3.07
2014.02.14 10:44:02.976,1.01823,1.01827,2.33,1.64
2014.02.14 10:44:23.718,1.01822,1.01827,5.25,2.39
2014.02.14 10:44:28.747,1.01824,1.01829,3.68,1.55
2014.02.14 10:44:29.050,1.0183,1.01834,3.08,1.00
2014.02.14 10:44:29.582,1.0183,1.01834,1.18,1.00
2014.02.14 10:44:31.139,1.0183,1.01836,2.03,1.79
2014.02.14 10:44:49.720,1.0183,1.01836,4.20,1.72
2014.02.14 10:44:51.677,1.01835,1.01836,1.50,5.09
2014.02.14 10:44:51.829,1.01835,1.01839,1.65,3.22
2014.02.14 10:44:52.346,1.01835,1.01839,4.13,1.00
2014.02.14 10:44:52.549,1.01838,1.01843,1.50,3.59
2014.02.14 10:44:52.802,1.01838,1.01844,2.40,1.65
2014.02.14 10:44:54.496,1.01838,1.01842,1.18,1.00
2014.02.14 10:44:54.597,1.01836,1.0184,3.75,2.55
2014.02.14 10:44:54.648,1.01836,1.0184,1.50,2.63
2014.02.14 10:44:55.615,1.01835,1.0184,1.95,1.55
2014.02.14 10:44:55.767,1.01832,1.01837,4.95,1.20
2014.02.14 10:44:55.818,1.01832,1.01837,1.95,1.28
2014.02.14 10:44:55.869,1.01832,1.01836,1.00,2.63
2014.02.14 10:44:56.373,1.0183,1.01835,3.08,1.00
2014.02.14 10:44:57.698,1.0183,1.01835,1.10,1.65
2014.02.14 10:45:00.610,1.01831,1.01835,1.00,1.65
2014.02.14 10:45:00.762,1.01831,1.01837,3.75,1.65
2014.02.14 10:45:01.266,1.01833,1.01838,3.98,2.33
2014.02.14 10:45:01.317,1.01833,1.01839,4.13,1.28
2014.02.14 10:45:01.822,1.01833,1.01839,7.88,1.28
2014.02.14 10:45:02.330,1.01833,1.01839,1.65,2.03
2014.02.14 10:45:03.787,1.01832,1.01838,4.95,1.58
2014.02.14 10:45:04.350,1.01832,1.01838,2.33,4.95
2014.02.14 10:45:08.942,1.01832,1.01838,2.70,4.20
2014.02.14 10:45:09.781,1.01832,1.01838,2.33,3.83
2014.02.14 10:45:12.781,1.01832,1.01838,2.70,3.83
2014.02.14 10:45:12.983,1.01834,1.0184,2.33,3.08
2014.02.14 10:45:13.034,1.01834,1.0184,4.50,1.18
2014.02.14 10:45:13.693,1.01835,1.01841,1.18,1.65
2014.02.14 10:45:15.001,1.01835,1.01841,1.18,1.55
2014.02.14 10:45:15.325,1.01833,1.01838,1.00,3.45
2014.02.14 10:45:18.305,1.01832,1.01836,1.58,1.20
2014.02.14 10:45:20.842,1.01832,1.01837,1.10,5.18
2014.02.14 10:45:20.994,1.0183,1.01834,1.10,1.10
2014.02.14 10:45:21.095,1.01828,1.01832,3.30,3.61
2014.02.14 10:45:21.197,1.01826,1.0183,2.18,6.86
2014.02.14 10:45:21.298,1.01821,1.01826,1.20,2.85
2014.02.14 10:45:21.601,1.01817,1.01821,1.08,3.25
2014.02.14 10:45:21.702,1.01817,1.01821,3.26,1.10
2014.02.14 10:45:21.754,1.01816,1.01821,1.50,1.18
2014.02.14 10:45:22.107,1.01817,1.01823,4.68,3.97
2014.02.14 10:45:22.549,1.01819,1.01824,1.10,1.18
2014.02.14 10:45:23.070,1.0182,1.01825,1.00,2.33
2014.02.14 10:45:25.259,1.01817,1.01822,3.45,2.10
2014.02.14 10:45:25.512,1.01814,1.0182,2.70,3.83
2014.02.14 10:45:25.714,1.01814,1.0182,1.58,7.05
2014.02.14 10:45:26.283,1.01814,1.01817,1.58,1.00
2014.02.14 10:45:26.437,1.01812,1.01817,1.13,3.08
2014.02.14 10:45:26.841,1.01813,1.01817,1.88,2.18
2014.02.14 10:45:26.891,1.01813,1.01819,7.20,3.08
2014.02.14 10:45:27.297,1.01813,1.01817,6.08,1.10
2014.02.14 10:45:27.756,1.01814,1.01819,1.38,2.33
2014.02.14 10:45:28.059,1.01817,1.01821,1.50,3.08
2014.02.14 10:45:28.210,1.01815,1.01821,1.58,3.08
2014.02.14 10:45:28.311,1.01815,1.01817,1.58,1.00
2014.02.14 10:45:28.564,1.01811,1.01817,5.25,1.10
2014.02.14 10:45:28.903,1.01815,1.01819,1.08,1.29
2014.02.14 10:45:29.105,1.01813,1.01818,1.50,2.25
2014.02.14 10:45:29.358,1.01811,1.01815,1.28,1.00
2014.02.14 10:45:29.562,1.01809,1.01814,1.20,1.18
2014.02.14 10:45:29.613,1.01809,1.01812,1.13,1.58
2014.02.14 10:45:29.664,1.01807,1.01811,1.10,1.10
2014.02.14 10:45:34.146,1.01807,1.01812,3.08,1.13
2014.02.14 10:45:34.655,1.01807,1.01813,9.68,1.10
2014.02.14 10:45:36.068,1.0181,1.01814,1.00,1.18
2014.02.14 10:45:36.628,1.0181,1.01815,5.25,3.45
2014.02.14 10:45:39.958,1.0181,1.01815,1.00,3.45
2014.02.14 10:45:43.060,1.01809,1.01814,4.95,1.18
2014.02.14 10:45:43.363,1.01808,1.01812,1.00,1.65
2014.02.14 10:45:43.868,1.01806,1.01812,1.28,3.53
2014.02.14 10:45:51.244,1.01807,1.01812,4.95,1.18
2014.02.14 10:45:51.547,1.0181,1.01816,7.20,1.58
2014.02.14 10:45:53.114,1.01813,1.01816,2.18,1.00
2014.02.14 10:45:53.618,1.01813,1.01816,2.18,1.13
2014.02.14 10:45:53.921,1.01811,1.01816,1.20,1.28
2014.02.14 10:45:57.090,1.01812,1.01816,1.58,1.08
2014.02.14 10:45:57.393,1.01815,1.01821,4.13,1.55
2014.02.14 10:45:57.544,1.01815,1.01822,11.63,1.34
2014.02.14 10:45:58.274,1.01815,1.0182,4.88,2.69
2014.02.14 10:45:58.325,1.01815,1.01819,1.50,1.50
2014.02.14 10:45:58.678,1.01814,1.0182,3.83,3.82
2014.02.14 10:45:59.082,1.01816,1.01823,8.93,1.79
2014.02.14 10:46:00.236,1.01816,1.0182,3.73,2.62
2014.02.14 10:46:00.387,1.01814,1.01818,1.00,3.45
2014.02.14 10:46:00.842,1.01814,1.0182,4.95,1.36
2014.02.14 10:46:01.346,1.01815,1.0182,4.95,1.28
2014.02.14 10:46:01.851,1.01814,1.0182,1.28,3.75
2014.02.14 10:46:05.770,1.01816,1.01821,4.20,3.52
2014.02.14 10:46:05.821,1.01816,1.01821,6.45,1.27
2014.02.14 10:46:06.332,1.01816,1.0182,2.33,1.30
2014.02.14 10:46:06.439,1.01815,1.01821,2.03,1.55
2014.02.14 10:46:06.792,1.01816,1.01822,4.80,1.10
2014.02.14 10:46:07.140,1.01818,1.01824,3.83,1.20
2014.02.14 10:46:11.816,1.01823,1.01827,1.00,1.69
2014.02.14 10:46:12.357,1.01821,1.01827,1.18,6.89
2014.02.14 10:46:12.870,1.01821,1.01826,1.00,3.97
2014.02.14 10:46:13.435,1.0182,1.01826,1.95,4.72
2014.02.14 10:46:15.236,1.01806,1.01816,6.83,9.01
2014.02.14 10:46:15.743,1.01808,1.01814,4.13,1.55
2014.02.14 10:46:16.046,1.01811,1.01816,3.83,1.50
2014.02.14 10:46:16.551,1.01813,1.01816,1.00,1.42
2014.02.14 10:46:16.804,1.0181,1.01816,2.03,1.28
2014.02.14 10:46:16.855,1.01811,1.01816,2.33,1.13
2014.02.14 10:46:17.533,1.0181,1.01816,1.65,1.42
2014.02.14 10:46:24.061,1.0181,1.01812,1.65,1.13
2014.02.14 10:46:24.212,1.01808,1.01812,1.10,1.20
2014.02.14 10:46:24.263,1.01806,1.01811,9.08,1.38
2014.02.14 10:46:24.542,1.01805,1.01811,2.03,1.55
2014.02.14 10:46:25.951,1.01806,1.01811,2.63,1.10
2014.02.14 10:46:26.255,1.01808,1.01814,3.45,1.20
2014.02.14 10:46:31.981,1.01808,1.01814,3.75,1.42
2014.02.14 10:46:32.032,1.01808,1.01814,1.58,3.59
2014.02.14 10:46:37.057,1.01808,1.01814,3.45,1.72
2014.02.14 10:46:43.665,1.01808,1.0181,3.38,1.50
2014.02.14 10:46:43.817,1.01806,1.0181,2.70,1.50
2014.02.14 10:46:47.038,1.01805,1.0181,1.65,2.32
2014.02.14 10:46:47.089,1.01804,1.01808,3.08,1.88
2014.02.14 10:46:47.292,1.01802,1.01808,4.95,2.70
2014.02.14 10:46:48.941,1.01802,1.01806,4.20,1.00
2014.02.14 10:46:48.992,1.01802,1.01806,1.95,1.10
2014.02.14 10:46:49.727,1.01803,1.01808,2.10,3.83
2014.02.14 10:46:49.778,1.01805,1.01808,1.00,1.10
2014.02.14 10:46:50.121,1.01805,1.01808,3.08,1.00
2014.02.14 10:46:51.460,1.01805,1.01809,3.08,1.27
2014.02.14 10:46:53.145,1.01805,1.01809,1.10,1.34
2014.02.14 10:46:56.387,1.01806,1.01811,2.33,2.02
2014.02.14 10:46:56.639,1.0181,1.01814,1.65,1.27
2014.02.14 10:46:57.153,1.0181,1.01814,1.00,1.79
2014.02.14 10:47:00.123,1.01809,1.01815,1.20,5.47
2014.02.14 10:47:06.455,1.01809,1.01811,1.10,2.27
2014.02.14 10:47:06.760,1.01805,1.01807,3.00,2.10
2014.02.14 10:47:07.063,1.01802,1.01805,1.08,1.10
2014.02.14 10:47:07.282,1.01801,1.01805,1.10,1.10
2014.02.14 10:47:12.218,1.018,1.01805,3.08,1.10
2014.02.14 10:47:12.269,1.01802,1.01806,1.85,1.58
2014.02.14 10:47:12.321,1.01804,1.01808,1.50,1.69
2014.02.14 10:47:12.579,1.01805,1.0181,3.08,2.24
2014.02.14 10:47:13.113,1.01804,1.0181,3.08,6.44
2014.02.14 10:47:13.646,1.01804,1.0181,1.18,6.52
2014.02.14 10:47:15.653,1.01804,1.01807,1.18,1.00
2014.02.14 10:47:15.856,1.01801,1.01807,1.28,2.25
2014.02.14 10:47:21.030,1.01801,1.01807,1.10,4.27
2014.02.14 10:47:21.081,1.018,1.01802,2.18,1.88
2014.02.14 10:47:21.182,1.01799,1.01801,2.93,2.95
2014.02.14 10:47:21.284,1.01796,1.018,1.10,1.20
2014.02.14 10:47:21.788,1.01795,1.018,3.83,1.88
2014.02.14 10:47:23.881,1.01795,1.018,3.08,1.38
2014.02.14 10:47:24.385,1.01795,1.018,3.45,1.50
2014.02.14 10:47:25.424,1.01795,1.018,3.08,1.88
2014.02.14 10:47:25.575,1.01794,1.018,1.28,3.53
2014.02.14 10:47:26.080,1.01793,1.01798,2.25,6.60
2014.02.14 10:47:26.182,1.01792,1.01797,2.33,1.20
2014.02.14 10:47:26.334,1.01791,1.01796,3.08,1.50
2014.02.14 10:47:31.551,1.01791,1.01797,3.08,1.58
2014.02.14 10:47:31.703,1.0179,1.01796,5.33,1.08
2014.02.14 10:47:32.238,1.0179,1.01796,2.40,1.28
2014.02.14 10:47:33.907,1.01792,1.01797,1.00,3.22
2014.02.14 10:47:34.438,1.0179,1.01796,2.40,1.28
2014.02.14 10:47:37.749,1.01792,1.01797,1.13,3.08
2014.02.14 10:47:37.901,1.01793,1.01797,3.00,1.00
2014.02.14 10:47:38.444,1.01793,1.01799,3.75,1.18
2014.02.14 10:47:38.948,1.01794,1.01799,3.45,1.00
2014.02.14 10:47:41.765,1.01794,1.01799,3.08,1.38
2014.02.14 10:47:41.967,1.01793,1.01798,1.18,1.48
2014.02.14 10:47:42.270,1.01795,1.01799,1.13,2.24
2014.02.14 10:47:42.775,1.01794,1.018,3.45,2.53
2014.02.14 10:47:42.977,1.01795,1.018,1.18,2.09
2014.02.14 10:47:43.078,1.01796,1.01802,4.50,1.69
2014.02.14 10:47:43.280,1.01797,1.01803,1.28,2.17
2014.02.14 10:47:43.800,1.01798,1.01803,1.58,2.17
2014.02.14 10:47:45.273,1.01797,1.01803,2.40,3.14
2014.02.14 10:47:45.480,1.01797,1.01802,2.33,2.25
2014.02.14 10:47:45.985,1.01795,1.018,1.65,1.80
2014.02.14 10:47:47.944,1.01795,1.018,1.28,2.55
2014.02.14 10:47:50.765,1.01795,1.01801,2.40,2.17
2014.02.14 10:47:51.572,1.01797,1.01801,1.50,1.65
2014.02.14 10:47:52.639,1.01798,1.01802,1.00,2.33
2014.02.14 10:47:52.740,1.018,1.01803,1.13,1.10
2014.02.14 10:47:52.841,1.018,1.01805,1.28,1.20
2014.02.14 10:47:53.800,1.01799,1.01805,1.10,6.22
2014.02.14 10:47:59.020,1.01799,1.01805,1.48,5.09
2014.02.14 10:47:59.273,1.01801,1.01807,1.20,4.72
2014.02.14 10:47:59.727,1.018,1.01805,1.00,9.44
2014.02.14 10:48:02.090,1.018,1.01803,1.00,1.57
2014.02.14 10:48:02.191,1.01797,1.01801,1.10,2.55
2014.02.14 10:48:02.292,1.01797,1.018,1.00,1.18
2014.02.14 10:48:02.839,1.01795,1.01799,1.95,1.10
2014.02.14 10:48:03.420,1.01793,1.01798,4.95,1.13
2014.02.14 10:48:04.706,1.01796,1.01798,1.00,1.00
2014.02.14 10:48:04.958,1.01797,1.01801,1.80,1.10
2014.02.14 10:48:05.160,1.01797,1.018,3.38,2.10
2014.02.14 10:48:05.262,1.01793,1.01797,1.58,1.00
2014.02.14 10:48:07.681,1.01793,1.01797,1.10,1.20
2014.02.14 10:48:07.732,1.01793,1.01797,3.45,1.00
2014.02.14 10:48:07.782,1.01796,1.01799,1.00,1.20
2014.02.14 10:48:07.934,1.01797,1.01802,1.43,1.18
2014.02.14 10:48:08.086,1.01795,1.018,4.58,1.28
2014.02.14 10:48:08.409,1.01793,1.01798,1.10,1.65
2014.02.14 10:48:12.095,1.01793,1.01797,1.00,3.45
2014.02.14 10:48:12.616,1.01792,1.01796,1.13,1.18
2014.02.14 10:48:13.121,1.01791,1.01795,1.20,3.83
2014.02.14 10:48:15.678,1.01791,1.01795,1.00,2.70
2014.02.14 10:48:16.187,1.0179,1.01795,1.13,2.70
2014.02.14 10:48:21.973,1.01791,1.01795,1.88,2.70
2014.02.14 10:48:22.074,1.01791,1.01796,1.95,5.03
2014.02.14 10:48:24.152,1.0179,1.01796,1.55,1.18
2014.02.14 10:48:24.657,1.0179,1.01796,1.28,1.55
2014.02.14 10:48:39.917,1.01794,1.01798,1.95,3.08
2014.02.14 10:48:39.968,1.01794,1.01798,1.95,1.10
2014.02.14 10:48:40.625,1.01794,1.01798,1.00,2.70
2014.02.14 10:48:41.130,1.01793,1.01797,1.00,1.55
2014.02.14 10:48:53.075,1.01792,1.01797,1.10,2.03
2014.02.14 10:49:00.789,1.01791,1.01797,3.45,1.95
2014.02.14 10:49:06.881,1.01791,1.01797,3.45,1.95
2014.02.14 10:49:06.982,1.01791,1.01796,1.10,2.63
2014.02.14 10:49:08.007,1.01789,1.01795,3.53,5.24
2014.02.14 10:49:08.832,1.01789,1.01795,1.58,5.32
2014.02.14 10:49:20.940,1.01789,1.01794,1.10,1.55
2014.02.14 10:49:23.106,1.01789,1.01794,1.20,1.28
2014.02.14 10:49:31.020,1.01789,1.01795,1.95,5.32
2014.02.14 10:49:31.379,1.01788,1.01792,1.38,1.18
2014.02.14 10:49:33.428,1.01789,1.01792,1.00,1.18
2014.02.14 10:49:33.579,1.01789,1.01795,4.20,2.69
2014.02.14 10:49:40.785,1.01791,1.01795,1.48,1.10
2014.02.14 10:49:40.937,1.01791,1.01797,3.68,4.34
2014.02.14 10:49:41.089,1.01791,1.01796,1.48,1.18
2014.02.14 10:49:41.593,1.01791,1.01796,1.20,1.28
2014.02.14 10:49:43.605,1.0179,1.01793,1.10,2.25
2014.02.14 10:49:43.909,1.01789,1.01793,1.00,3.08
2014.02.14 10:49:44.377,1.01789,1.01793,1.45,1.08
2014.02.14 10:49:44.478,1.01789,1.01794,1.55,2.09
2014.02.14 10:49:46.238,1.01789,1.01794,2.03,1.34
2014.02.14 10:49:51.578,1.0179,1.01795,4.13,1.95
2014.02.14 10:49:54.916,1.0179,1.01793,3.45,1.00
2014.02.14 10:49:55.221,1.01789,1.01793,1.18,1.00
2014.02.14 10:49:55.474,1.01789,1.01793,1.13,8.69
2014.02.14 10:49:56.316,1.01786,1.01792,1.65,3.15
2014.02.14 10:49:56.417,1.01787,1.01792,3.00,2.33
2014.02.14 10:50:00.476,1.01786,1.01792,1.55,5.02
2014.02.14 10:50:00.628,1.01784,1.01791,3.83,6.76
2014.02.14 10:50:00.967,1.01783,1.01789,1.50,13.88
2014.02.14 10:50:02.189,1.01782,1.01788,1.95,8.70
2014.02.14 10:50:05.629,1.01783,1.01788,1.00,2.70
2014.02.14 10:50:05.730,1.01783,1.01789,1.18,2.54
2014.02.14 10:50:06.133,1.01782,1.01788,3.83,1.58
2014.02.14 10:50:06.655,1.01782,1.01788,3.91,1.58
2014.02.14 10:50:08.489,1.01782,1.01788,1.66,4.95
2014.02.14 10:50:08.997,1.01783,1.01788,1.00,4.95
2014.02.14 10:50:09.508,1.01782,1.01788,1.66,4.95
2014.02.14 10:50:13.306,1.01783,1.01788,1.00,4.95
2014.02.14 10:50:14.328,1.01784,1.01788,1.13,3.83
2014.02.14 10:50:14.833,1.01783,1.01788,1.18,2.33
2014.02.14 10:50:15.377,1.01783,1.01787,1.00,1.18
2014.02.14 10:50:15.529,1.01785,1.0179,4.36,9.67
2014.02.14 10:50:15.631,1.01788,1.01794,5.05,19.20
2014.02.14 10:50:15.733,1.01791,1.01794,1.00,12.08
2014.02.14 10:50:16.238,1.01791,1.01796,1.00,4.20
2014.02.14 10:50:16.743,1.0179,1.01794,1.20,1.10
2014.02.14 10:50:24.720,1.01792,1.01795,1.00,1.18
2014.02.14 10:50:24.973,1.01796,1.018,1.48,1.58
2014.02.14 10:50:25.493,1.01796,1.018,3.45,1.00
2014.02.14 10:50:26.538,1.01797,1.01802,1.28,1.72
2014.02.14 10:50:29.278,1.01799,1.01803,1.00,2.03
2014.02.14 10:50:29.430,1.01799,1.01804,6.23,2.77
