2011.08.16 02:00:01.002,0.76859,0.76868,1.88,1.88
2011.08.16 02:00:01.562,0.76857,0.76867,2.25,1.88
2011.08.16 02:00:40.832,0.76857,0.76868,1.50,1.05
2011.08.16 02:00:43.331,0.76856,0.76868,2.25,1.05
2011.08.16 02:00:44.440,0.76858,0.76868,1.13,1.05
2011.08.16 02:00:51.371,0.76858,0.76868,1.13,1.88
2011.08.16 02:00:52.480,0.76857,0.76868,1.50,1.88
2011.08.16 02:00:55.569,0.76857,0.76868,1.50,1.88
2011.08.16 02:01:11.648,0.76858,0.76868,1.50,1.88
2011.08.16 02:01:12.591,0.7686,0.76867,1.50,1.88
2011.08.16 02:01:14.504,0.76858,0.76867,2.25,1.88
2011.08.16 02:01:18.621,0.76858,0.76867,1.50,1.88
2011.08.16 02:01:19.291,0.76858,0.76869,1.88,3.30
2011.08.16 02:01:19.852,0.76859,0.76869,1.50,2.55
2011.08.16 02:01:20.081,0.7686,0.76869,1.50,2.55
2011.08.16 02:01:21.192,0.76859,0.76868,1.88,1.88
2011.08.16 02:01:21.860,0.76858,0.76868,1.50,1.88
2011.08.16 02:01:28.380,0.76858,0.76869,1.50,1.80
2011.08.16 02:01:28.501,0.7686,0.76869,1.50,1.80
2011.08.16 02:01:29.162,0.76861,0.7687,1.50,1.05
2011.08.16 02:01:29.391,0.76861,0.76872,1.16,4.88
2011.08.16 02:01:34.581,0.76863,0.76873,1.88,1.50
2011.08.16 02:01:36.000,0.76863,0.76873,1.88,1.50
2011.08.16 02:01:41.362,0.76865,0.76874,1.13,2.92
2011.08.16 02:01:41.594,0.76866,0.76877,2.63,1.88
2011.08.16 02:01:41.714,0.76868,0.76877,1.13,1.13
2011.08.16 02:01:41.834,0.7687,0.76879,1.13,3.75
2011.08.16 02:01:41.954,0.7687,0.76882,1.13,4.05
2011.08.16 02:01:42.292,0.76871,0.76881,1.50,1.13
2011.08.16 02:01:42.861,0.7687,0.76881,2.63,1.13
2011.08.16 02:01:44.740,0.76872,0.76881,1.13,1.13
2011.08.16 02:01:45.291,0.76872,0.76881,1.13,1.13
2011.08.16 02:01:46.552,0.76871,0.76881,2.63,1.13
2011.08.16 02:01:47.551,0.7687,0.76881,2.63,1.13
2011.08.16 02:01:48.111,0.7687,0.7688,1.88,1.13
2011.08.16 02:01:49.140,0.7687,0.7688,1.50,2.63
2011.08.16 02:01:49.692,0.7687,0.7688,1.88,1.13
2011.08.16 02:01:50.470,0.7687,0.7688,1.88,1.13
2011.08.16 02:01:52.038,0.7687,0.7688,1.50,2.63
2011.08.16 02:01:55.392,0.76869,0.76879,2.25,3.00
2011.08.16 02:01:55.950,0.76869,0.76877,3.00,1.88
2011.08.16 02:01:56.511,0.7687,0.76878,1.50,1.88
2011.08.16 02:01:57.621,0.76869,0.76878,1.50,1.88
2011.08.16 02:02:02.290,0.76868,0.76877,2.25,1.88
2011.08.16 02:02:02.947,0.76868,0.76877,2.25,1.88
2011.08.16 02:02:06.536,0.76866,0.76877,2.25,3.00
2011.08.16 02:02:07.090,0.76866,0.76877,4.13,1.13
2011.08.16 02:02:09.540,0.76867,0.76877,1.13,1.50
2011.08.16 02:02:12.192,0.76868,0.76878,1.88,1.50
2011.08.16 02:02:12.749,0.7687,0.76879,2.25,1.88
2011.08.16 02:02:14.550,0.7687,0.76879,2.25,1.88
2011.08.16 02:02:14.661,0.7687,0.7688,2.25,1.13
2011.08.16 02:02:15.166,0.76872,0.7688,1.50,1.13
2011.08.16 02:02:16.102,0.76872,0.76882,1.50,1.50
2011.08.16 02:02:18.233,0.76872,0.76882,1.88,1.50
2011.08.16 02:02:23.848,0.76873,0.76883,1.13,4.05
2011.08.16 02:02:26.650,0.76871,0.76882,1.13,1.13
2011.08.16 02:02:27.311,0.76872,0.76882,2.63,1.13
2011.08.16 02:02:27.869,0.76873,0.76882,1.13,1.13
2011.08.16 02:02:36.131,0.76872,0.76883,1.88,2.85
2011.08.16 02:02:36.691,0.76872,0.76882,1.88,1.13
2011.08.16 02:02:40.297,0.76872,0.76885,2.25,4.88
2011.08.16 02:02:41.071,0.76875,0.76885,1.88,3.00
2011.08.16 02:02:41.197,0.76876,0.76888,1.50,2.02
2011.08.16 02:02:41.420,0.76877,0.76889,3.38,1.80
2011.08.16 02:02:43.610,0.76878,0.7689,1.13,3.00
2011.08.16 02:02:47.163,0.76878,0.7689,3.00,3.00
2011.08.16 02:02:47.721,0.76878,0.76889,1.50,1.88
2011.08.16 02:02:51.252,0.76883,0.7689,3.38,1.13
2011.08.16 02:02:51.703,0.76885,0.76895,1.88,1.05
2011.08.16 02:02:52.261,0.76886,0.76896,1.13,2.55
2011.08.16 02:02:52.384,0.76883,0.76893,1.13,1.05
2011.08.16 02:02:52.832,0.7688,0.76893,2.63,2.92
2011.08.16 02:02:55.573,0.76882,0.76893,1.88,3.67
2011.08.16 02:02:56.131,0.76882,0.76893,1.13,1.80
2011.08.16 02:02:56.681,0.76882,0.76893,1.13,4.05
2011.08.16 02:02:57.012,0.7688,0.76893,2.25,3.38
2011.08.16 02:02:57.790,0.76879,0.76893,6.38,4.88
2011.08.16 02:03:01.748,0.76881,0.76892,1.88,1.50
2011.08.16 02:03:02.640,0.7688,0.76892,2.25,3.00
2011.08.16 02:03:03.093,0.76882,0.76892,1.13,1.50
2011.08.16 02:03:05.955,0.76885,0.76893,1.50,4.80
2011.08.16 02:03:06.403,0.76881,0.76892,3.00,1.88
2011.08.16 02:03:06.523,0.76881,0.76893,3.00,1.05
2011.08.16 02:03:06.976,0.76884,0.76896,1.13,1.80
2011.08.16 02:03:11.060,0.76884,0.76894,1.50,1.88
2011.08.16 02:03:11.394,0.76885,0.76895,1.13,1.05
2011.08.16 02:03:11.731,0.76885,0.76894,3.00,1.88
2011.08.16 02:03:11.852,0.76883,0.76894,1.50,1.88
2011.08.16 02:03:14.532,0.76881,0.76893,1.88,4.05
2011.08.16 02:03:14.760,0.76881,0.76893,1.88,4.05
2011.08.16 02:03:14.981,0.7688,0.76891,1.50,1.88
2011.08.16 02:03:15.533,0.76879,0.7689,3.00,1.88
2011.08.16 02:03:16.422,0.76878,0.7689,1.13,2.92
2011.08.16 02:03:16.766,0.76878,0.76888,1.13,1.88
2011.08.16 02:03:16.992,0.76877,0.76889,1.13,1.42
2011.08.16 02:03:19.241,0.76878,0.76889,1.88,1.42
2011.08.16 02:03:21.440,0.76878,0.76889,1.13,2.55
2011.08.16 02:03:24.043,0.76877,0.76887,1.50,1.80
2011.08.16 02:03:24.602,0.76877,0.76887,3.00,1.42
2011.08.16 02:03:24.723,0.76878,0.7689,1.13,2.55
2011.08.16 02:03:25.360,0.76877,0.76888,2.25,2.55
2011.08.16 02:03:37.296,0.76876,0.76887,1.13,1.88
2011.08.16 02:03:37.909,0.76876,0.76888,1.13,1.80
2011.08.16 02:03:38.032,0.76881,0.76889,1.13,1.05
2011.08.16 02:03:38.266,0.76878,0.7689,2.25,2.25
2011.08.16 02:03:39.043,0.76877,0.76887,3.00,1.88
2011.08.16 02:03:39.385,0.76876,0.76888,1.13,1.13
2011.08.16 02:03:39.503,0.76876,0.76889,1.13,3.00
2011.08.16 02:03:39.734,0.76877,0.76889,2.63,3.00
2011.08.16 02:03:40.290,0.76876,0.76888,1.88,1.13
2011.08.16 02:03:42.051,0.76876,0.76889,1.88,2.25
2011.08.16 02:03:44.021,0.76876,0.76888,3.38,2.63
2011.08.16 02:03:47.995,0.76875,0.76886,1.13,1.13
2011.08.16 02:03:48.567,0.76875,0.76886,1.13,3.00
2011.08.16 02:03:49.999,0.76875,0.76886,1.88,1.50
2011.08.16 02:03:50.552,0.76876,0.76888,1.88,3.30
2011.08.16 02:03:50.785,0.76875,0.76886,1.88,1.88
2011.08.16 02:03:50.906,0.76874,0.76885,2.63,1.13
2011.08.16 02:03:51.460,0.76874,0.76885,1.13,1.13
2011.08.16 02:03:53.401,0.76874,0.76885,1.13,1.80
2011.08.16 02:03:53.742,0.76875,0.76885,1.13,1.80
2011.08.16 02:03:54.302,0.76875,0.76885,1.13,1.80
2011.08.16 02:03:54.943,0.76875,0.76885,1.13,1.80
2011.08.16 02:03:56.139,0.76875,0.76885,1.13,1.80
2011.08.16 02:03:56.701,0.76875,0.76885,1.13,1.80
2011.08.16 02:03:57.360,0.76875,0.76885,1.13,1.80
2011.08.16 02:03:59.613,0.76872,0.76882,1.88,1.13
2011.08.16 02:03:59.897,0.76871,0.76882,2.63,4.80
2011.08.16 02:04:00.462,0.7687,0.76881,1.13,1.13
2011.08.16 02:04:05.045,0.76869,0.7688,1.88,1.13
2011.08.16 02:04:05.599,0.76868,0.76879,3.00,1.13
2011.08.16 02:04:18.715,0.76868,0.76878,2.25,1.13
2011.08.16 02:04:18.941,0.76866,0.76877,1.50,2.63
2011.08.16 02:04:24.050,0.76866,0.76876,1.88,2.63
2011.08.16 02:04:24.272,0.76865,0.76875,1.50,1.13
2011.08.16 02:04:24.831,0.76864,0.76875,5.07,1.13
2011.08.16 02:04:35.160,0.76865,0.76875,1.50,1.13
2011.08.16 02:04:35.987,0.76865,0.76875,1.50,1.13
2011.08.16 02:04:37.742,0.76865,0.76876,1.50,1.50
2011.08.16 02:04:38.632,0.76865,0.76876,2.25,2.17
2011.08.16 02:04:39.193,0.76866,0.76876,1.13,1.42
2011.08.16 02:04:48.523,0.76866,0.76876,1.13,1.80
2011.08.16 02:04:51.772,0.76866,0.76876,1.13,1.80
2011.08.16 02:04:52.331,0.76867,0.76878,3.00,1.13
2011.08.16 02:04:53.321,0.76868,0.76879,1.88,1.80
2011.08.16 02:04:53.542,0.76866,0.76877,3.00,1.13
2011.08.16 02:04:54.100,0.76866,0.76877,1.13,1.88
2011.08.16 02:04:56.333,0.76866,0.76875,1.13,1.88
2011.08.16 02:04:56.674,0.76866,0.76875,1.13,1.50
2011.08.16 02:04:56.793,0.76865,0.76877,3.60,3.30
2011.08.16 02:04:57.352,0.76865,0.76877,2.48,3.30
2011.08.16 02:04:57.474,0.76865,0.76875,1.50,3.75
2011.08.16 02:04:57.811,0.76864,0.76873,1.13,1.50
2011.08.16 02:04:58.711,0.76862,0.76873,1.50,1.50
2011.08.16 02:05:04.093,0.76862,0.7687,1.13,1.50
2011.08.16 02:05:04.651,0.76862,0.7687,1.13,1.50
2011.08.16 02:05:13.062,0.76863,0.76871,1.13,2.25
2011.08.16 02:05:13.845,0.76863,0.76871,1.13,1.50
2011.08.16 02:05:14.108,0.76863,0.76873,1.13,1.50
2011.08.16 02:05:14.230,0.76863,0.76874,2.63,2.17
2011.08.16 02:05:30.271,0.76863,0.76874,2.63,2.17
2011.08.16 02:05:32.273,0.76861,0.76874,2.25,3.30
2011.08.16 02:05:32.502,0.76861,0.76873,1.88,1.50
2011.08.16 02:05:32.623,0.76861,0.76871,1.88,1.50
2011.08.16 02:05:33.401,0.76861,0.76871,1.13,1.50
2011.08.16 02:05:39.050,0.76864,0.76872,1.13,1.42
2011.08.16 02:05:39.275,0.76862,0.76872,2.25,1.50
2011.08.16 02:05:39.830,0.76862,0.76873,2.25,1.13
2011.08.16 02:05:41.185,0.76863,0.76873,1.13,1.13
2011.08.16 02:05:41.741,0.76864,0.76874,1.88,1.13
2011.08.16 02:05:42.303,0.76865,0.76876,1.88,2.17
2011.08.16 02:05:42.860,0.76866,0.76877,3.75,1.50
2011.08.16 02:05:45.632,0.76868,0.76878,1.88,1.13
2011.08.16 02:05:46.192,0.76868,0.76878,1.88,1.13
2011.08.16 02:05:46.645,0.76871,0.7688,1.88,2.17
2011.08.16 02:05:47.199,0.76872,0.76882,1.88,1.50
2011.08.16 02:05:49.717,0.76872,0.76884,3.38,1.42
2011.08.16 02:05:58.703,0.7687,0.76878,5.63,1.50
2011.08.16 02:05:58.936,0.7687,0.76884,5.63,3.30
2011.08.16 02:06:00.090,0.76871,0.76881,1.13,1.88
2011.08.16 02:06:02.347,0.76874,0.7688,7.50,1.05
2011.08.16 02:06:02.902,0.76874,0.76881,7.05,1.05
2011.08.16 02:06:07.121,0.76874,0.76881,7.05,1.05
2011.08.16 02:06:07.813,0.76872,0.76881,2.25,1.05
2011.08.16 02:06:07.935,0.7687,0.7688,1.50,1.05
2011.08.16 02:06:10.473,0.76869,0.76881,4.13,2.55
2011.08.16 02:06:11.662,0.76869,0.7688,4.13,1.13
2011.08.16 02:06:12.111,0.76868,0.76878,2.25,1.13
2011.08.16 02:06:12.662,0.76868,0.76878,1.50,1.13
2011.08.16 02:06:16.240,0.76868,0.76878,1.50,1.13
2011.08.16 02:06:16.792,0.76868,0.76879,2.25,3.30
2011.08.16 02:06:18.676,0.76868,0.76879,1.50,2.55
2011.08.16 02:06:21.641,0.76868,0.76879,1.88,4.80
2011.08.16 02:06:23.380,0.76868,0.76879,1.88,4.80
2011.08.16 02:06:24.081,0.76873,0.76879,1.13,2.92
2011.08.16 02:06:24.422,0.76875,0.76885,1.13,3.00
2011.08.16 02:06:30.316,0.76877,0.76885,1.13,2.92
2011.08.16 02:06:30.542,0.76877,0.76887,1.13,1.05
2011.08.16 02:06:31.054,0.76877,0.76886,1.50,1.88
2011.08.16 02:06:31.953,0.76876,0.76886,1.13,1.88
2011.08.16 02:06:33.331,0.76879,0.76888,1.88,1.05
2011.08.16 02:06:34.221,0.76878,0.76887,1.50,1.88
2011.08.16 02:06:34.780,0.76877,0.76887,1.50,1.88
2011.08.16 02:06:35.172,0.76876,0.76884,1.88,1.50
2011.08.16 02:06:35.294,0.76873,0.76884,3.00,1.50
2011.08.16 02:06:35.901,0.76872,0.76882,1.13,1.13
2011.08.16 02:06:36.228,0.76872,0.76883,2.25,1.88
2011.08.16 02:06:40.314,0.76872,0.76884,1.50,1.05
2011.08.16 02:06:41.853,0.76872,0.76884,1.50,1.05
2011.08.16 02:06:44.597,0.76877,0.76887,2.63,1.05
2011.08.16 02:06:46.951,0.76878,0.7689,1.88,1.42
2011.08.16 02:06:47.963,0.76878,0.7689,1.88,1.42
2011.08.16 02:06:53.924,0.76879,0.7689,1.13,2.92
2011.08.16 02:06:57.722,0.76877,0.76887,1.88,1.05
2011.08.16 02:06:58.551,0.76877,0.76887,1.13,1.80
2011.08.16 02:06:59.112,0.76877,0.76887,2.25,1.05
2011.08.16 02:06:59.672,0.76877,0.76887,2.25,1.05
2011.08.16 02:07:00.123,0.76877,0.76887,2.25,1.05
2011.08.16 02:07:02.891,0.76877,0.76887,2.25,1.05
2011.08.16 02:07:03.120,0.76877,0.76887,2.25,1.05
2011.08.16 02:07:03.676,0.76881,0.76888,1.50,1.88
2011.08.16 02:07:03.793,0.76881,0.7689,1.50,2.25
2011.08.16 02:07:03.915,0.76879,0.76889,1.88,1.05
2011.08.16 02:07:04.142,0.76878,0.76889,2.63,1.05
2011.08.16 02:07:04.811,0.76878,0.76888,2.63,1.88
2011.08.16 02:07:05.345,0.76878,0.76888,2.63,1.88
2011.08.16 02:07:06.893,0.76878,0.76887,1.13,1.05
2011.08.16 02:07:08.441,0.76877,0.76887,1.13,1.05
2011.08.16 02:07:09.001,0.76876,0.76886,1.88,1.05
2011.08.16 02:07:17.978,0.76876,0.76887,2.63,1.05
2011.08.16 02:07:18.530,0.76878,0.76887,1.50,1.05
2011.08.16 02:07:33.382,0.76876,0.76887,3.75,1.05
2011.08.16 02:07:37.161,0.76876,0.76887,1.13,1.05
2011.08.16 02:07:43.862,0.76875,0.76886,6.38,1.80
2011.08.16 02:07:44.421,0.76875,0.76886,3.75,1.05
2011.08.16 02:07:49.580,0.76876,0.76887,3.00,1.80
2011.08.16 02:07:50.130,0.76876,0.76887,3.75,1.05
2011.08.16 02:07:51.583,0.76876,0.76887,1.13,1.05
2011.08.16 02:07:52.364,0.76876,0.76887,1.88,1.05
2011.08.16 02:07:57.543,0.76876,0.76887,1.50,2.55
2011.08.16 02:08:00.873,0.76876,0.76889,4.88,1.80
2011.08.16 02:08:01.431,0.76876,0.76889,7.16,1.05
2011.08.16 02:08:03.681,0.76876,0.76888,7.13,2.55
2011.08.16 02:08:15.883,0.76876,0.76888,1.88,2.55
2011.08.16 02:08:20.931,0.76876,0.76887,2.63,1.88
2011.08.16 02:08:23.361,0.76876,0.76888,4.13,2.55
2011.08.16 02:08:24.971,0.76876,0.76887,1.88,1.88
2011.08.16 02:08:27.620,0.76876,0.76887,1.88,1.88
2011.08.16 02:08:31.050,0.76876,0.76887,1.88,1.88
2011.08.16 02:08:31.598,0.76876,0.76887,2.63,1.88
2011.08.16 02:08:35.981,0.76876,0.76887,1.88,1.88
2011.08.16 02:08:36.851,0.76876,0.76888,4.13,1.88
2011.08.16 02:08:37.181,0.76877,0.76888,1.13,1.88
2011.08.16 02:08:45.482,0.76876,0.76887,3.38,1.88
2011.08.16 02:08:50.002,0.76876,0.76887,3.38,1.88
2011.08.16 02:09:02.081,0.76876,0.76887,3.75,1.88
2011.08.16 02:09:07.601,0.76875,0.76886,1.13,1.13
2011.08.16 02:09:07.723,0.76873,0.76884,2.29,1.88
2011.08.16 02:09:08.612,0.76875,0.76885,2.25,1.05
2011.08.16 02:09:09.243,0.76875,0.76885,3.00,1.05
2011.08.16 02:09:10.221,0.76875,0.76885,1.50,1.05
2011.08.16 02:09:10.547,0.76875,0.76884,1.50,2.25
2011.08.16 02:09:10.663,0.76872,0.76884,2.25,2.92
2011.08.16 02:09:11.493,0.76872,0.76883,1.13,1.13
2011.08.16 02:09:12.050,0.76871,0.76883,2.63,2.48
2011.08.16 02:09:13.323,0.76871,0.76882,2.63,2.63
2011.08.16 02:09:13.882,0.76871,0.76881,1.13,1.05
2011.08.16 02:09:38.652,0.76874,0.76882,2.10,3.00
2011.08.16 02:09:38.882,0.76874,0.76885,2.10,1.05
2011.08.16 02:09:39.442,0.76873,0.76884,1.13,1.05
2011.08.16 02:09:44.871,0.76873,0.76885,2.52,1.05
2011.08.16 02:09:45.091,0.76874,0.76887,1.88,5.02
2011.08.16 02:09:45.765,0.76877,0.76886,1.50,1.88
2011.08.16 02:09:45.993,0.76875,0.76885,2.66,1.88
2011.08.16 02:10:00.331,0.76875,0.76887,2.25,1.05
2011.08.16 02:10:06.671,0.76875,0.76888,2.25,3.30
2011.08.16 02:10:20.171,0.76875,0.76886,2.63,1.88
2011.08.16 02:10:20.622,0.76875,0.76884,2.25,1.88
2011.08.16 02:10:21.183,0.76875,0.76884,1.50,1.88
2011.08.16 02:10:21.742,0.76874,0.76884,1.88,1.88
2011.08.16 02:10:31.781,0.76874,0.76884,1.88,1.88
2011.08.16 02:10:38.806,0.76874,0.76883,1.05,1.88
2011.08.16 02:10:42.794,0.76872,0.76882,1.50,1.88
2011.08.16 02:10:43.024,0.7687,0.7688,2.63,1.88
2011.08.16 02:10:43.253,0.76868,0.76879,3.75,1.88
2011.08.16 02:10:43.811,0.76868,0.76878,1.88,1.88
2011.08.16 02:10:44.584,0.76868,0.76879,1.88,1.05
2011.08.16 02:11:00.571,0.76868,0.76879,1.13,1.05
2011.08.16 02:11:07.881,0.76867,0.76879,2.63,1.05
2011.08.16 02:11:10.291,0.76867,0.76877,1.88,1.35
2011.08.16 02:11:22.154,0.76867,0.76877,1.50,1.05
2011.08.16 02:11:31.280,0.76867,0.76877,1.50,1.05
2011.08.16 02:11:32.291,0.76867,0.76876,1.50,1.88
2011.08.16 02:11:32.512,0.76865,0.76876,1.50,1.88
2011.08.16 02:11:55.302,0.76865,0.76875,1.13,1.88
2011.08.16 02:11:55.861,0.76864,0.76878,7.13,5.55
2011.08.16 02:11:56.086,0.76865,0.76878,2.25,5.55
2011.08.16 02:11:56.738,0.76868,0.76879,1.50,1.88
2011.08.16 02:11:56.856,0.76866,0.76879,2.25,1.88
2011.08.16 02:11:59.535,0.76867,0.76878,1.50,1.05
2011.08.16 02:12:04.903,0.76864,0.76875,4.50,1.05
2011.08.16 02:12:06.342,0.76865,0.76875,1.13,1.05
2011.08.16 02:12:06.900,0.76864,0.76875,3.75,1.05
2011.08.16 02:12:07.712,0.76864,0.76875,1.88,1.05
2011.08.16 02:12:08.603,0.76864,0.76876,2.25,1.05
2011.08.16 02:12:08.941,0.76864,0.76876,2.28,1.05
2011.08.16 02:12:09.391,0.76864,0.76876,2.28,1.05
2011.08.16 02:12:09.886,0.76864,0.76876,2.25,1.05
2011.08.16 02:12:10.221,0.76864,0.76876,2.25,1.05
2011.08.16 02:12:10.442,0.76864,0.76876,2.28,1.05
2011.08.16 02:12:10.782,0.76865,0.76877,1.13,1.80
2011.08.16 02:12:16.372,0.76867,0.76877,1.13,1.80
2011.08.16 02:12:18.305,0.76867,0.76878,1.88,1.42
2011.08.16 02:12:18.861,0.76867,0.76878,2.25,1.05
2011.08.16 02:12:28.581,0.76866,0.76876,3.38,1.13
2011.08.16 02:12:29.141,0.76866,0.76876,1.13,1.50
2011.08.16 02:12:33.383,0.76866,0.76875,1.13,1.50
2011.08.16 02:12:33.941,0.76866,0.76876,1.13,2.10
2011.08.16 02:12:55.122,0.76866,0.76877,1.13,6.00
2011.08.16 02:12:55.244,0.76866,0.76878,1.13,1.80
2011.08.16 02:13:06.901,0.76866,0.76879,3.23,2.92
2011.08.16 02:13:07.012,0.76868,0.76879,1.50,2.17
2011.08.16 02:13:07.570,0.76868,0.76879,1.50,2.17
2011.08.16 02:13:12.593,0.76867,0.76878,1.13,2.55
2011.08.16 02:13:13.107,0.76867,0.76877,1.13,1.80
2011.08.16 02:14:07.723,0.76865,0.76877,2.63,1.80
2011.08.16 02:14:19.342,0.76867,0.76878,2.63,1.05
2011.08.16 02:14:19.901,0.76868,0.76878,1.13,1.05
2011.08.16 02:14:20.491,0.76868,0.76878,1.13,1.05
2011.08.16 02:14:21.042,0.76868,0.76878,1.13,1.05
2011.08.16 02:14:21.603,0.76867,0.76877,2.63,2.55
2011.08.16 02:14:21.894,0.76867,0.76877,1.88,2.55
2011.08.16 02:14:22.463,0.76867,0.76877,1.13,1.80
2011.08.16 02:14:25.712,0.76867,0.76877,1.88,1.05
2011.08.16 02:14:41.522,0.76867,0.76877,1.13,1.05
2011.08.16 02:15:02.692,0.76867,0.76877,1.88,1.05
2011.08.16 02:15:03.252,0.76868,0.76877,1.13,1.05
2011.08.16 02:15:03.595,0.76871,0.7688,3.23,2.17
2011.08.16 02:15:03.717,0.76871,0.76882,5.48,1.42
2011.08.16 02:15:03.836,0.76873,0.76883,1.88,2.25
2011.08.16 02:15:04.066,0.76875,0.76885,1.50,1.80
2011.08.16 02:15:04.622,0.76875,0.76886,3.00,1.05
2011.08.16 02:15:06.192,0.76876,0.76887,1.88,2.92
2011.08.16 02:15:06.698,0.76876,0.76887,1.88,3.67
2011.08.16 02:15:07.697,0.76876,0.76887,2.63,1.13
2011.08.16 02:15:08.255,0.76876,0.76886,1.13,1.50
2011.08.16 02:15:12.407,0.76876,0.76886,1.13,1.50
2011.08.16 02:15:27.356,0.76875,0.76886,2.25,2.17
2011.08.16 02:15:40.143,0.76876,0.76887,2.63,2.55
2011.08.16 02:16:22.803,0.76877,0.76888,1.50,1.05
2011.08.16 02:16:23.364,0.76876,0.76888,1.88,1.05
2011.08.16 02:16:23.923,0.76877,0.76888,3.15,1.05
2011.08.16 02:16:39.866,0.76877,0.76889,2.25,1.05
2011.08.16 02:16:53.786,0.76877,0.76888,1.13,1.05
2011.08.16 02:16:54.222,0.76876,0.76888,4.13,1.05
2011.08.16 02:17:13.463,0.76876,0.76888,1.88,1.05
2011.08.16 02:17:13.862,0.76876,0.76887,2.25,1.05
2011.08.16 02:17:33.154,0.76875,0.76886,2.40,2.55
2011.08.16 02:17:34.253,0.76876,0.76886,1.13,1.05
2011.08.16 02:17:43.032,0.7688,0.76889,1.13,1.05
2011.08.16 02:17:43.264,0.76881,0.7689,1.13,1.13
2011.08.16 02:17:44.151,0.76879,0.76891,3.38,1.88
2011.08.16 02:17:54.225,0.76879,0.76891,1.50,1.88
2011.08.16 02:17:59.003,0.76879,0.76891,3.38,3.38
2011.08.16 02:17:59.562,0.76879,0.7689,1.13,2.63
2011.08.16 02:18:24.404,0.76877,0.76889,2.63,1.13
2011.08.16 02:18:24.978,0.76877,0.76889,1.88,1.80
2011.08.16 02:18:33.322,0.76878,0.76889,1.50,1.05
2011.08.16 02:18:43.192,0.76878,0.76888,1.50,1.88
2011.08.16 02:18:45.062,0.76877,0.76887,1.50,1.88
2011.08.16 02:18:50.185,0.76875,0.76886,1.88,2.25
2011.08.16 02:18:50.303,0.76875,0.76885,1.13,1.13
2011.08.16 02:19:00.834,0.76874,0.76885,1.88,2.63
2011.08.16 02:19:01.063,0.76872,0.76884,4.13,1.88
2011.08.16 02:19:01.625,0.76873,0.76884,2.63,1.13
2011.08.16 02:19:12.294,0.76876,0.76885,1.88,2.63
2011.08.16 02:19:12.414,0.76876,0.76887,2.25,1.42
2011.08.16 02:19:12.931,0.76876,0.76888,2.25,2.17
2011.08.16 02:19:31.723,0.76876,0.76887,1.13,1.80
2011.08.16 02:19:32.064,0.76874,0.76884,1.50,1.88
2011.08.16 02:19:35.263,0.76872,0.76883,2.25,3.38
2011.08.16 02:19:35.492,0.76872,0.76883,2.25,4.05
2011.08.16 02:19:37.075,0.76872,0.76881,1.13,1.88
2011.08.16 02:19:40.971,0.76872,0.76882,1.13,2.63
2011.08.16 02:19:46.004,0.76872,0.76881,1.13,1.88
2011.08.16 02:19:49.089,0.76869,0.7688,2.25,2.63
2011.08.16 02:19:49.202,0.76869,0.7688,1.50,2.63
2011.08.16 02:19:49.982,0.76868,0.76878,1.88,1.88
2011.08.16 02:20:09.732,0.76867,0.76878,1.50,3.00
2011.08.16 02:20:10.284,0.76867,0.76878,3.38,2.63
2011.08.16 02:20:11.992,0.76867,0.76879,4.13,1.13
2011.08.16 02:20:22.733,0.76867,0.76878,3.38,2.63
2011.08.16 02:20:27.132,0.76867,0.76879,4.88,2.63
2011.08.16 02:20:31.847,0.76867,0.76878,4.13,1.88
2011.08.16 02:20:33.062,0.76867,0.76878,1.13,3.00
2011.08.16 02:20:42.622,0.76868,0.76878,1.13,1.88
2011.08.16 02:20:53.636,0.76868,0.76879,2.25,1.88
2011.08.16 02:21:00.555,0.76867,0.76879,4.50,3.38
2011.08.16 02:21:04.273,0.76867,0.76879,4.13,1.88
2011.08.16 02:21:04.831,0.76868,0.7688,1.13,3.67
2011.08.16 02:21:15.584,0.76868,0.76878,1.13,1.88
2011.08.16 02:21:15.703,0.76867,0.76878,1.13,2.25
2011.08.16 02:21:16.262,0.76865,0.76877,3.00,3.30
2011.08.16 02:21:26.223,0.76865,0.76877,3.38,1.05
2011.08.16 02:21:29.862,0.76865,0.76876,3.38,1.88
2011.08.16 02:21:30.971,0.76865,0.76877,3.38,1.05
2011.08.16 02:21:33.834,0.76865,0.76877,3.00,2.55
2011.08.16 02:21:44.351,0.76866,0.76878,1.50,2.92
2011.08.16 02:21:44.902,0.76866,0.76878,2.25,2.92
2011.08.16 02:21:54.843,0.76867,0.76878,1.50,2.17
2011.08.16 02:21:56.274,0.76868,0.7688,3.38,3.38
2011.08.16 02:22:05.234,0.7687,0.76881,1.88,2.55
2011.08.16 02:22:05.684,0.76872,0.76884,2.10,2.17
2011.08.16 02:22:05.915,0.76873,0.76884,1.88,2.17
2011.08.16 02:22:06.588,0.76873,0.76884,1.88,2.17
2011.08.16 02:22:09.053,0.76873,0.76884,1.88,2.17
2011.08.16 02:22:11.964,0.76871,0.76883,3.38,1.13
2011.08.16 02:22:12.305,0.7687,0.76881,1.13,2.55
2011.08.16 02:22:14.984,0.76871,0.76882,2.63,2.55
2011.08.16 02:22:15.435,0.76873,0.76883,1.88,1.80
2011.08.16 02:22:15.773,0.76875,0.76886,3.38,1.42
2011.08.16 02:22:15.895,0.76875,0.76887,3.38,1.80
2011.08.16 02:22:16.452,0.76876,0.76887,1.13,1.13
2011.08.16 02:22:19.074,0.76877,0.76888,3.00,2.17
2011.08.16 02:22:19.193,0.76878,0.7689,1.13,2.63
2011.08.16 02:22:19.424,0.76879,0.76891,1.13,3.67
2011.08.16 02:22:20.403,0.7688,0.76891,1.88,2.63
2011.08.16 02:22:22.316,0.76884,0.76893,1.50,1.65
2011.08.16 02:22:22.435,0.76884,0.76894,1.50,4.50
2011.08.16 02:22:22.554,0.76885,0.76896,2.25,1.80
2011.08.16 02:22:22.674,0.76883,0.76896,2.25,4.05
2011.08.16 02:22:23.015,0.76882,0.76894,3.38,5.63
2011.08.16 02:22:23.465,0.76882,0.76892,1.13,1.13
2011.08.16 02:22:24.021,0.76882,0.76893,1.13,3.67
2011.08.16 02:22:24.467,0.7688,0.76891,6.38,1.13
2011.08.16 02:22:26.012,0.76881,0.76891,1.50,1.13
2011.08.16 02:22:26.236,0.76885,0.76896,1.88,3.67
2011.08.16 02:22:26.786,0.76883,0.76895,2.63,1.80
2011.08.16 02:22:26.908,0.76881,0.76893,3.75,2.55
2011.08.16 02:22:27.465,0.76881,0.76894,3.75,1.05
2011.08.16 02:22:28.024,0.76881,0.76893,2.25,1.80
2011.08.16 02:22:28.582,0.7688,0.76892,2.25,2.55
2011.08.16 02:22:44.194,0.76885,0.76893,2.51,1.05
2011.08.16 02:22:44.316,0.7689,0.76897,1.88,3.75
2011.08.16 02:22:44.435,0.76892,0.76903,1.88,2.17
2011.08.16 02:22:44.555,0.76894,0.76903,1.88,1.80
2011.08.16 02:22:45.003,0.76895,0.76903,1.88,1.42
2011.08.16 02:22:45.564,0.76894,0.76904,1.88,2.17
2011.08.16 02:22:46.632,0.76895,0.76904,1.88,1.42
2011.08.16 02:22:47.632,0.76892,0.76903,2.63,2.25
2011.08.16 02:22:49.602,0.76892,0.76903,1.13,2.63
2011.08.16 02:22:51.303,0.76892,0.76903,1.13,2.63
2011.08.16 02:22:52.023,0.76892,0.76903,2.63,1.88
2011.08.16 02:22:52.582,0.76892,0.76903,1.13,3.00
2011.08.16 02:22:54.463,0.76892,0.76903,1.13,1.13
2011.08.16 02:22:54.813,0.76893,0.76903,2.10,1.13
2011.08.16 02:22:55.045,0.76896,0.76908,1.13,1.58
2011.08.16 02:22:55.165,0.76897,0.76909,1.13,2.70
2011.08.16 02:22:55.289,0.76898,0.7691,1.13,3.00
2011.08.16 02:22:55.625,0.769,0.76912,1.13,4.13
2011.08.16 02:22:56.184,0.76899,0.76911,3.00,3.00
2011.08.16 02:22:56.806,0.769,0.76911,3.38,1.42
2011.08.16 02:22:57.362,0.76901,0.76912,1.13,4.88
2011.08.16 02:22:58.034,0.769,0.7691,1.50,1.88
2011.08.16 02:22:58.483,0.76899,0.7691,1.50,3.30
2011.08.16 02:22:59.044,0.76899,0.76908,1.13,1.88
2011.08.16 02:22:59.274,0.76899,0.7691,1.13,5.55
2011.08.16 02:22:59.613,0.76897,0.76909,1.50,1.42
2011.08.16 02:23:00.173,0.76896,0.76907,1.13,1.13
2011.08.16 02:23:00.734,0.76895,0.76905,1.88,1.88
2011.08.16 02:23:01.077,0.76893,0.76903,2.25,1.88
2011.08.16 02:23:01.414,0.76891,0.76902,1.88,1.88
2011.08.16 02:23:07.175,0.76891,0.76904,1.50,3.38
2011.08.16 02:23:07.405,0.76894,0.76905,1.13,1.80
2011.08.16 02:23:07.742,0.76896,0.76908,2.25,2.63
2011.08.16 02:23:08.514,0.76897,0.76908,2.63,1.13
2011.08.16 02:23:09.844,0.76896,0.76905,1.50,2.63
2011.08.16 02:23:10.073,0.76895,0.76906,1.88,1.88
2011.08.16 02:23:11.253,0.76894,0.76905,1.13,2.63
2011.08.16 02:23:11.485,0.76893,0.76903,1.50,4.88
2011.08.16 02:23:11.856,0.76891,0.76901,1.50,1.88
2011.08.16 02:23:12.450,0.7689,0.76901,1.13,1.88
2011.08.16 02:23:13.005,0.76891,0.76902,1.88,2.25
2011.08.16 02:23:18.584,0.76892,0.76903,1.13,4.13
2011.08.16 02:23:23.474,0.76894,0.76905,1.13,4.27
2011.08.16 02:23:23.817,0.76896,0.76906,1.88,1.50
2011.08.16 02:23:24.145,0.76896,0.76907,1.88,1.13
2011.08.16 02:23:24.702,0.76897,0.76907,1.13,1.13
2011.08.16 02:23:29.745,0.76896,0.76907,2.25,2.63
2011.08.16 02:23:30.085,0.76895,0.76907,3.75,1.13
2011.08.16 02:23:30.533,0.76893,0.76903,1.50,1.13
2011.08.16 02:23:30.656,0.76891,0.76903,2.63,1.50
2011.08.16 02:23:31.213,0.76891,0.76903,1.88,2.25
2011.08.16 02:23:31.663,0.76891,0.76903,2.63,2.25
2011.08.16 02:23:32.065,0.76897,0.76908,1.88,1.42
2011.08.16 02:23:32.195,0.769,0.7691,1.88,1.05
2011.08.16 02:23:36.543,0.76905,0.76911,1.13,1.88
2011.08.16 02:23:36.667,0.76905,0.76915,1.88,1.80
2011.08.16 02:23:36.786,0.76906,0.76917,1.13,4.57
2011.08.16 02:23:36.908,0.76906,0.76919,1.50,4.05
2011.08.16 02:23:37.027,0.76906,0.76917,1.13,1.88
2011.08.16 02:23:37.144,0.76905,0.76917,1.13,2.26
2011.08.16 02:23:37.374,0.76902,0.76916,5.63,4.88
2011.08.16 02:23:37.680,0.76904,0.76916,1.88,4.88
2011.08.16 02:23:38.015,0.76903,0.76914,2.25,1.13
2011.08.16 02:23:40.112,0.76903,0.76914,2.25,1.13
2011.08.16 02:23:41.992,0.76901,0.76912,1.13,1.88
2011.08.16 02:23:42.224,0.76903,0.76912,2.63,1.50
2011.08.16 02:23:42.565,0.76902,0.76913,1.13,1.13
2011.08.16 02:23:43.682,0.76902,0.76913,1.13,2.63
2011.08.16 02:23:47.287,0.76901,0.76912,1.50,1.88
2011.08.16 02:23:48.104,0.769,0.76911,1.88,1.13
2011.08.16 02:23:48.661,0.76899,0.76911,3.00,1.42
2011.08.16 02:23:50.991,0.76899,0.76911,1.50,1.80
2011.08.16 02:23:54.653,0.76898,0.76907,1.50,2.55
2011.08.16 02:23:55.983,0.76897,0.76906,1.13,1.58
2011.08.16 02:23:56.324,0.76892,0.76901,1.13,1.05
2011.08.16 02:23:56.773,0.76892,0.76903,3.63,1.42
2011.08.16 02:23:57.001,0.76893,0.76904,1.13,1.88
2011.08.16 02:23:57.112,0.76894,0.76904,1.88,1.88
2011.08.16 02:23:57.666,0.76896,0.76906,1.13,3.75
2011.08.16 02:23:58.003,0.76897,0.76906,1.13,3.37
2011.08.16 02:23:58.457,0.76899,0.76907,1.13,1.58
2011.08.16 02:23:58.792,0.76899,0.76906,1.13,2.25
2011.08.16 02:23:58.903,0.76899,0.76907,1.13,1.20
2011.08.16 02:23:59.023,0.76899,0.76905,1.13,2.25
2011.08.16 02:23:59.622,0.76898,0.76907,1.13,1.95
2011.08.16 02:23:59.737,0.769,0.76907,2.63,1.95
2011.08.16 02:23:59.970,0.76902,0.76913,2.25,3.30
2011.08.16 02:24:00.089,0.769,0.76913,1.88,4.05
2011.08.16 02:24:00.205,0.76901,0.76913,1.88,3.30
2011.08.16 02:24:00.543,0.76901,0.76912,1.13,1.42
2011.08.16 02:24:01.656,0.76902,0.76913,2.63,1.05
2011.08.16 02:24:02.211,0.76901,0.76913,1.88,3.30
2011.08.16 02:24:02.873,0.76902,0.76913,2.63,2.55
2011.08.16 02:24:03.436,0.76902,0.76914,5.48,1.05
2011.08.16 02:24:05.435,0.76902,0.76913,4.16,1.42
2011.08.16 02:24:05.992,0.76902,0.76913,1.50,1.42
2011.08.16 02:24:06.542,0.76899,0.76911,3.75,1.13
2011.08.16 02:24:07.093,0.769,0.76913,1.13,2.17
2011.08.16 02:24:07.872,0.76901,0.76913,1.88,2.17
2011.08.16 02:24:09.246,0.76903,0.76914,2.25,2.17
2011.08.16 02:24:09.584,0.76905,0.76915,1.13,1.05
2011.08.16 02:24:12.472,0.76904,0.76917,4.91,1.13
2011.08.16 02:24:16.303,0.76904,0.76917,5.66,3.23
2011.08.16 02:24:16.644,0.76904,0.76916,2.25,1.13
2011.08.16 02:24:17.752,0.76903,0.76916,7.35,1.13
2011.08.16 02:24:26.904,0.76904,0.76916,2.63,1.13
2011.08.16 02:24:27.461,0.76905,0.76916,2.25,1.13
2011.08.16 02:24:31.283,0.76904,0.76912,2.25,1.13
2011.08.16 02:24:31.405,0.76903,0.76912,3.75,1.13
2011.08.16 02:24:31.964,0.76901,0.76912,1.88,1.50
2011.08.16 02:24:32.522,0.769,0.76912,1.50,1.50
2011.08.16 02:24:36.553,0.76901,0.76912,1.13,1.50
2011.08.16 02:24:37.113,0.76902,0.76914,10.01,1.13
2011.08.16 02:24:37.672,0.76904,0.76915,3.23,2.55
2011.08.16 02:24:49.324,0.76903,0.76914,2.25,1.13
2011.08.16 02:24:49.663,0.76901,0.76913,4.13,2.63
2011.08.16 02:24:50.555,0.76901,0.76913,6.23,1.13
2011.08.16 02:24:50.893,0.76904,0.76914,3.00,1.88
2011.08.16 02:24:52.114,0.76904,0.76915,2.85,1.05
2011.08.16 02:24:55.433,0.76904,0.76913,2.25,1.88
2011.08.16 02:24:55.557,0.76902,0.76912,1.88,1.88
2011.08.16 02:24:56.112,0.76901,0.76912,4.13,1.88
2011.08.16 02:25:00.653,0.76901,0.76912,1.88,1.88
2011.08.16 02:25:01.212,0.769,0.76911,1.13,1.88
2011.08.16 02:25:03.023,0.76901,0.76912,1.13,1.88
2011.08.16 02:25:09.954,0.76899,0.76911,3.63,1.88
2011.08.16 02:25:10.492,0.76899,0.76911,1.73,1.88
2011.08.16 02:25:11.381,0.76899,0.76909,1.13,1.88
2011.08.16 02:25:11.712,0.76899,0.76909,2.63,1.88
2011.08.16 02:25:11.933,0.76899,0.76909,1.50,1.88
2011.08.16 02:25:16.375,0.76897,0.76909,1.91,1.88
2011.08.16 02:25:16.605,0.76897,0.76905,1.73,1.88
2011.08.16 02:25:16.834,0.76894,0.76904,1.13,1.88
2011.08.16 02:25:17.392,0.76893,0.76904,3.38,1.88
2011.08.16 02:25:17.942,0.76893,0.76904,1.50,1.88
2011.08.16 02:25:20.583,0.76894,0.76906,1.88,3.00
2011.08.16 02:25:21.604,0.76894,0.76908,2.25,4.42
2011.08.16 02:25:22.541,0.76893,0.76908,3.00,2.55
2011.08.16 02:25:24.042,0.76894,0.76908,2.25,4.42
2011.08.16 02:25:27.052,0.76894,0.76906,2.25,1.88
2011.08.16 02:25:37.425,0.76894,0.76905,1.88,2.10
2011.08.16 02:25:37.984,0.76893,0.76903,1.88,1.50
2011.08.16 02:25:40.602,0.76892,0.76903,1.13,1.50
2011.08.16 02:25:42.354,0.76891,0.76903,2.63,5.63
2011.08.16 02:25:49.183,0.76892,0.76903,1.88,3.75
2011.08.16 02:25:49.305,0.76894,0.76905,1.88,3.30
2011.08.16 02:25:49.819,0.76894,0.76907,1.88,1.50
2011.08.16 02:25:55.575,0.76894,0.76907,1.88,2.25
2011.08.16 02:25:56.482,0.76894,0.76907,1.88,1.50
2011.08.16 02:25:59.839,0.76894,0.76907,1.88,1.50
2011.08.16 02:26:00.723,0.76894,0.76906,1.88,2.63
2011.08.16 02:26:01.063,0.76893,0.76903,1.88,3.00
2011.08.16 02:26:19.522,0.76893,0.76902,1.88,1.88
2011.08.16 02:26:28.483,0.76892,0.76902,2.63,1.88
2011.08.16 02:26:45.014,0.76892,0.76902,1.13,1.50
2011.08.16 02:26:45.572,0.7689,0.76901,1.50,3.30
2011.08.16 02:26:51.732,0.7689,0.76901,1.13,1.80
2011.08.16 02:27:01.005,0.7689,0.769,1.13,1.88
2011.08.16 02:27:01.455,0.76887,0.76899,1.88,2.55
2011.08.16 02:27:01.688,0.76886,0.76897,3.38,1.13
2011.08.16 02:27:02.464,0.76887,0.76899,2.25,1.42
2011.08.16 02:27:03.230,0.76888,0.76899,3.00,1.05
2011.08.16 02:27:07.962,0.76888,0.76897,3.00,1.88
2011.08.16 02:27:08.186,0.76887,0.76897,1.13,1.88
2011.08.16 02:27:22.665,0.76887,0.76898,1.13,1.80
2011.08.16 02:27:23.223,0.76886,0.76898,3.38,1.80
2011.08.16 02:27:25.784,0.76887,0.76898,1.13,1.80
2011.08.16 02:27:26.344,0.76886,0.76898,4.13,1.80
2011.08.16 02:27:52.343,0.76887,0.76896,1.13,1.05
2011.08.16 02:27:53.252,0.76886,0.76896,3.38,1.05
2011.08.16 02:28:00.825,0.76886,0.76896,3.00,2.55
2011.08.16 02:28:00.945,0.76884,0.76896,1.88,3.30
2011.08.16 02:28:01.176,0.76882,0.76895,3.00,1.05
2011.08.16 02:28:15.635,0.76885,0.76896,1.13,3.67
2011.08.16 02:28:19.017,0.76884,0.76896,1.13,2.92
2011.08.16 02:28:21.134,0.76884,0.76894,1.13,1.73
2011.08.16 02:28:21.476,0.76882,0.76893,2.63,1.50
2011.08.16 02:28:22.033,0.76883,0.76894,2.63,1.13
2011.08.16 02:28:26.256,0.76882,0.76894,2.25,1.88
2011.08.16 02:28:26.813,0.76881,0.76893,3.00,1.13
2011.08.16 02:28:27.582,0.76881,0.76893,3.00,1.13
2011.08.16 02:28:27.915,0.76879,0.76891,1.88,1.13
2011.08.16 02:28:28.472,0.76879,0.76891,1.13,1.13
2011.08.16 02:28:29.131,0.76879,0.76891,1.88,1.13
2011.08.16 02:28:29.505,0.76878,0.76889,1.13,1.88
2011.08.16 02:28:30.062,0.76878,0.76889,1.13,2.63
2011.08.16 02:28:30.393,0.7688,0.76891,1.13,1.42
2011.08.16 02:28:35.024,0.7688,0.76891,3.38,1.42
2011.08.16 02:28:36.985,0.76878,0.76889,1.13,1.13
2011.08.16 02:28:37.325,0.76879,0.76891,1.13,2.17
2011.08.16 02:28:39.287,0.76877,0.76883,2.63,2.63
2011.08.16 02:28:39.409,0.76874,0.76882,4.53,2.55
2011.08.16 02:28:39.526,0.76872,0.76881,1.13,1.05
2011.08.16 02:28:39.865,0.76875,0.76883,1.88,1.13
2011.08.16 02:28:39.985,0.76875,0.76886,1.88,1.80
2011.08.16 02:28:40.324,0.76877,0.76887,1.88,1.80
2011.08.16 02:28:40.884,0.76877,0.76887,1.88,1.13
2011.08.16 02:28:42.284,0.76878,0.76887,2.63,1.13
2011.08.16 02:28:42.624,0.76876,0.76885,1.88,1.50
2011.08.16 02:28:42.746,0.76873,0.76883,4.13,1.13
2011.08.16 02:28:44.261,0.76867,0.76877,1.16,2.25
2011.08.16 02:28:44.488,0.76865,0.76877,1.53,1.13
2011.08.16 02:28:47.403,0.76866,0.76878,1.13,1.73
2011.08.16 02:28:49.075,0.76867,0.76878,2.25,1.13
2011.08.16 02:28:49.878,0.76866,0.76875,1.13,1.50
2011.08.16 02:28:50.217,0.76863,0.76874,1.36,1.88
2011.08.16 02:28:50.444,0.76864,0.76876,1.88,2.25
2011.08.16 02:28:51.443,0.76864,0.76876,1.88,2.25
2011.08.16 02:28:51.995,0.76862,0.76875,3.23,1.88
2011.08.16 02:28:52.444,0.76866,0.76877,1.88,1.42
2011.08.16 02:28:53.413,0.76867,0.76878,1.13,2.55
2011.08.16 02:28:53.974,0.76867,0.76879,1.88,1.05
2011.08.16 02:29:02.633,0.76867,0.76878,3.38,2.55
2011.08.16 02:29:03.203,0.76867,0.76877,2.63,3.23
2011.08.16 02:29:03.644,0.76865,0.76876,1.13,1.88
2011.08.16 02:29:04.166,0.76864,0.76876,3.23,1.88
2011.08.16 02:29:04.763,0.76864,0.76876,3.23,1.88
2011.08.16 02:29:05.287,0.76864,0.76876,3.23,1.88
2011.08.16 02:29:05.794,0.76864,0.76876,3.23,1.88
2011.08.16 02:29:06.665,0.76864,0.76874,3.23,1.88
2011.08.16 02:29:07.223,0.76863,0.76874,1.35,3.30
2011.08.16 02:29:07.750,0.76863,0.76874,1.35,3.30
2011.08.16 02:29:10.992,0.76863,0.76872,1.35,1.88
2011.08.16 02:29:12.274,0.76862,0.76872,2.48,2.55
2011.08.16 02:29:16.614,0.76862,0.76872,2.48,2.55
2011.08.16 02:29:19.462,0.76862,0.76873,2.48,1.05
2011.08.16 02:29:20.124,0.76864,0.76875,1.88,2.17
2011.08.16 02:29:20.464,0.76865,0.76877,1.88,3.30
2011.08.16 02:29:21.024,0.76866,0.76877,1.88,1.80
2011.08.16 02:29:24.965,0.76865,0.76877,2.63,2.55
2011.08.16 02:29:27.294,0.76866,0.76877,1.88,2.55
2011.08.16 02:29:27.418,0.76871,0.7688,1.13,4.13
2011.08.16 02:29:27.755,0.76869,0.7688,1.88,2.63
2011.08.16 02:29:28.313,0.76867,0.7688,2.25,2.48
2011.08.16 02:29:30.084,0.76867,0.76878,1.50,2.63
2011.08.16 02:29:31.163,0.76866,0.76878,1.88,3.38
2011.08.16 02:29:32.430,0.76868,0.76878,1.50,4.88
2011.08.16 02:29:32.654,0.76867,0.76878,1.50,2.10
2011.08.16 02:29:32.775,0.76866,0.76878,2.25,1.50
2011.08.16 02:29:34.120,0.76867,0.76878,2.25,1.50
2011.08.16 02:29:38.214,0.76867,0.76877,1.50,2.63
2011.08.16 02:29:38.449,0.76866,0.76877,1.13,2.63
2011.08.16 02:29:42.564,0.76869,0.76878,1.88,1.88
2011.08.16 02:29:42.687,0.76868,0.76878,1.13,1.50
2011.08.16 02:29:43.026,0.76865,0.76878,5.63,2.92
2011.08.16 02:29:43.593,0.76865,0.76878,5.63,2.17
2011.08.16 02:29:44.036,0.76865,0.76877,5.63,1.88
2011.08.16 02:29:47.739,0.76869,0.76878,1.88,1.80
2011.08.16 02:29:48.179,0.76865,0.76877,3.38,1.13
2011.08.16 02:29:49.615,0.76865,0.76878,3.38,5.02
2011.08.16 02:29:52.804,0.76866,0.76878,1.50,2.17
2011.08.16 02:29:53.875,0.7687,0.76878,1.13,1.80
2011.08.16 02:29:53.997,0.76872,0.76882,2.25,4.88
2011.08.16 02:29:54.116,0.76869,0.76881,1.73,2.25
2011.08.16 02:29:54.673,0.76869,0.76881,1.13,2.55
2011.08.16 02:29:58.547,0.76867,0.76879,1.50,2.55
2011.08.16 02:29:59.103,0.76866,0.76878,1.50,2.55
2011.08.16 02:30:01.480,0.76868,0.76878,1.88,1.80
2011.08.16 02:30:01.815,0.76869,0.7688,1.50,4.05
2011.08.16 02:30:02.191,0.76867,0.7688,1.50,6.30
2011.08.16 02:30:02.643,0.76866,0.76879,4.88,2.92
2011.08.16 02:30:05.175,0.76865,0.76877,1.88,1.80
2011.08.16 02:30:08.073,0.76865,0.76875,1.13,1.05
2011.08.16 02:30:09.344,0.76863,0.76874,2.10,1.05
2011.08.16 02:30:09.706,0.76863,0.76874,1.35,1.80
2011.08.16 02:30:10.505,0.76864,0.76874,2.25,1.42
2011.08.16 02:30:11.062,0.76865,0.76876,1.50,1.42
2011.08.16 02:30:20.180,0.76869,0.76877,1.88,1.13
2011.08.16 02:30:20.306,0.76869,0.76879,2.63,1.50
2011.08.16 02:30:20.430,0.76867,0.76876,1.13,1.05
2011.08.16 02:30:20.763,0.76863,0.76873,2.10,1.88
2011.08.16 02:30:21.207,0.7686,0.76872,3.38,1.05
2011.08.16 02:30:38.604,0.76866,0.76873,1.88,1.80
2011.08.16 02:30:38.836,0.76867,0.76876,1.50,6.23
2011.08.16 02:30:39.065,0.76866,0.76877,1.88,1.50
2011.08.16 02:30:50.148,0.76866,0.76876,1.88,1.13
2011.08.16 02:30:50.377,0.76866,0.76877,3.00,1.42
2011.08.16 02:31:13.415,0.76865,0.76876,1.50,3.38
2011.08.16 02:31:13.756,0.76862,0.76873,1.13,1.13
2011.08.16 02:31:16.855,0.7686,0.76872,2.63,1.13
2011.08.16 02:31:30.017,0.7686,0.76872,2.63,5.10
2011.08.16 02:31:30.586,0.7686,0.7687,2.63,1.13
2011.08.16 02:31:43.486,0.76859,0.7687,1.13,2.63
2011.08.16 02:31:43.604,0.76859,0.7687,1.13,2.63
2011.08.16 02:31:44.284,0.76858,0.76869,1.88,5.25
2011.08.16 02:31:44.507,0.76856,0.76868,1.16,2.63
2011.08.16 02:31:44.627,0.76858,0.7687,1.13,3.00
2011.08.16 02:31:45.075,0.7686,0.7687,1.13,1.05
2011.08.16 02:31:46.077,0.76858,0.76867,1.50,1.50
2011.08.16 02:31:46.199,0.76858,0.76867,1.88,1.13
2011.08.16 02:31:46.754,0.76856,0.76867,1.13,1.88
2011.08.16 02:31:50.706,0.76854,0.76864,1.88,1.13
2011.08.16 02:31:50.830,0.76854,0.76864,1.13,1.13
2011.08.16 02:31:51.383,0.76852,0.76862,1.88,1.80
2011.08.16 02:31:52.186,0.76853,0.76862,1.13,1.42
2011.08.16 02:31:52.416,0.76855,0.76863,1.13,1.42
2011.08.16 02:31:52.756,0.76855,0.76865,1.13,1.05
2011.08.16 02:31:54.416,0.76855,0.76866,2.63,1.80
2011.08.16 02:31:57.356,0.76854,0.76865,1.88,2.55
2011.08.16 02:31:57.477,0.76854,0.76864,1.13,3.00
2011.08.16 02:31:58.034,0.76853,0.76862,1.13,1.42
2011.08.16 02:31:58.584,0.76851,0.76861,1.88,1.50
2011.08.16 02:31:58.705,0.76849,0.76858,1.50,1.13
2011.08.16 02:31:58.826,0.76844,0.76855,2.78,1.13
2011.08.16 02:31:58.945,0.76845,0.76853,1.28,1.13
2011.08.16 02:31:59.069,0.76844,0.76853,1.50,1.13
2011.08.16 02:31:59.298,0.76846,0.76855,1.13,1.50
2011.08.16 02:31:59.417,0.76846,0.76857,1.13,1.42
2011.08.16 02:31:59.645,0.76847,0.76859,3.00,1.80
2011.08.16 02:32:01.325,0.76849,0.76859,1.88,1.80
2011.08.16 02:32:01.449,0.76848,0.76858,1.13,2.40
2011.08.16 02:32:02.004,0.76846,0.76857,1.13,1.35
2011.08.16 02:32:04.395,0.76848,0.76858,1.50,1.65
2011.08.16 02:32:04.846,0.76852,0.76861,1.88,3.67
2011.08.16 02:32:05.077,0.76853,0.76863,1.88,1.05
2011.08.16 02:32:05.306,0.76855,0.76865,1.13,1.80
2011.08.16 02:32:05.874,0.76855,0.76865,1.13,1.80
2011.08.16 02:32:07.417,0.76853,0.76863,1.13,1.13
2011.08.16 02:32:09.089,0.76851,0.7686,1.50,1.88
2011.08.16 02:32:09.206,0.7685,0.7686,1.50,1.88
2011.08.16 02:32:09.658,0.76848,0.76854,1.50,1.88
2011.08.16 02:32:09.775,0.76848,0.76856,1.50,1.73
2011.08.16 02:32:09.896,0.76844,0.76856,2.25,1.35
2011.08.16 02:32:10.346,0.76846,0.76858,1.50,1.42
2011.08.16 02:32:10.465,0.76847,0.76858,1.13,1.05
2011.08.16 02:32:10.805,0.76844,0.76854,2.63,1.88
2011.08.16 02:32:11.146,0.76844,0.76852,1.13,1.88
2011.08.16 02:32:11.648,0.7684,0.7685,4.50,1.88
2011.08.16 02:32:12.535,0.76841,0.76852,1.13,1.88
2011.08.16 02:32:13.094,0.7684,0.76851,3.75,1.88
2011.08.16 02:32:13.863,0.76841,0.7685,1.13,1.88
2011.08.16 02:32:16.228,0.76842,0.76853,1.88,1.80
2011.08.16 02:32:16.347,0.76845,0.76853,1.13,1.13
2011.08.16 02:32:16.688,0.76849,0.7686,2.63,1.42
2011.08.16 02:32:17.030,0.76854,0.76865,1.88,4.80
2011.08.16 02:32:18.135,0.76855,0.76865,2.63,2.92
2011.08.16 02:32:18.696,0.76856,0.76865,1.88,2.92
2011.08.16 02:32:20.635,0.76856,0.76864,1.88,1.13
2011.08.16 02:32:20.755,0.76854,0.76863,1.13,1.50
2011.08.16 02:32:21.428,0.76854,0.76864,1.13,1.13
2011.08.16 02:32:21.764,0.76855,0.76864,1.13,1.13
2011.08.16 02:32:21.994,0.76855,0.76864,1.13,1.13
2011.08.16 02:32:24.526,0.76856,0.76867,2.63,1.80
2011.08.16 02:32:24.646,0.76856,0.76868,2.63,2.47
2011.08.16 02:32:25.204,0.76857,0.76868,1.88,2.47
2011.08.16 02:32:27.685,0.76857,0.76868,1.88,2.47
2011.08.16 02:32:28.020,0.76855,0.76867,1.13,2.17
2011.08.16 02:32:33.229,0.76855,0.76867,1.13,2.17
2011.08.16 02:32:39.413,0.76854,0.76866,1.88,1.80
2011.08.16 02:32:40.708,0.76854,0.76866,2.63,1.05
2011.08.16 02:32:41.154,0.76854,0.76866,1.88,1.80
2011.08.16 02:32:41.826,0.76854,0.76867,2.48,3.67
2011.08.16 02:32:41.946,0.76856,0.76867,1.88,1.05
2011.08.16 02:32:42.503,0.76857,0.76868,1.88,1.72
2011.08.16 02:32:43.276,0.76861,0.76868,1.88,1.05
2011.08.16 02:32:43.396,0.76859,0.7687,1.13,1.46
2011.08.16 02:32:44.613,0.76856,0.76868,3.38,1.08
2011.08.16 02:32:46.787,0.76856,0.76868,3.75,2.58
2011.08.16 02:32:46.910,0.76855,0.76868,1.13,5.06
2011.08.16 02:32:47.029,0.76854,0.76863,2.25,2.25
2011.08.16 02:32:47.149,0.76852,0.76863,2.63,2.25
2011.08.16 02:32:47.376,0.76851,0.76861,1.88,1.88
2011.08.16 02:32:47.867,0.76849,0.76859,3.00,1.88
2011.08.16 02:32:48.559,0.76848,0.76858,2.25,1.05
2011.08.16 02:32:49.137,0.76847,0.76858,1.88,1.05
2011.08.16 02:32:49.702,0.76847,0.76858,1.13,2.55
2011.08.16 02:32:51.735,0.76847,0.76859,3.00,1.05
2011.08.16 02:32:52.304,0.76848,0.76859,4.88,1.05
2011.08.16 02:32:54.125,0.76849,0.7686,2.25,1.05
2011.08.16 02:32:55.459,0.76849,0.76861,3.75,1.05
2011.08.16 02:32:57.596,0.76849,0.76858,3.75,1.50
2011.08.16 02:32:57.827,0.76849,0.7686,1.13,2.02
2011.08.16 02:33:01.737,0.76849,0.7686,3.38,1.05
2011.08.16 02:33:04.256,0.7685,0.76861,2.25,1.80
2011.08.16 02:33:04.816,0.76849,0.7686,4.88,1.05
2011.08.16 02:33:05.377,0.76851,0.76862,1.88,2.92
2011.08.16 02:33:05.936,0.76852,0.76862,1.88,1.80
2011.08.16 02:33:14.625,0.76852,0.76863,3.00,1.35
2011.08.16 02:33:17.256,0.76854,0.76863,1.88,1.35
2011.08.16 02:33:17.597,0.76858,0.76866,3.38,1.42
2011.08.16 02:33:17.714,0.76858,0.76869,3.75,1.80
2011.08.16 02:33:18.266,0.76857,0.76869,1.88,1.42
2011.08.16 02:33:18.714,0.76855,0.76867,2.25,1.05
2011.08.16 02:33:23.745,0.76855,0.76866,1.13,1.05
2011.08.16 02:33:27.695,0.76858,0.76867,1.50,1.05
2011.08.16 02:33:29.025,0.76857,0.76869,1.88,2.25
2011.08.16 02:33:30.246,0.76858,0.7687,1.13,2.62
2011.08.16 02:33:30.586,0.7686,0.76871,1.88,1.80
2011.08.16 02:33:30.814,0.7686,0.76871,1.88,1.13
2011.08.16 02:33:42.144,0.76861,0.76872,1.13,4.05
2011.08.16 02:33:42.257,0.76864,0.76873,1.13,2.17
2011.08.16 02:33:42.595,0.76862,0.76872,3.00,1.13
2011.08.16 02:33:43.704,0.76862,0.76872,1.88,1.88
2011.08.16 02:33:43.926,0.76862,0.7687,1.50,1.88
2011.08.16 02:33:44.313,0.76859,0.76869,1.88,1.13
2011.08.16 02:33:44.432,0.76856,0.76869,1.50,4.88
2011.08.16 02:33:48.994,0.76856,0.76868,3.75,1.05
2011.08.16 02:33:49.655,0.76858,0.76868,1.88,1.42
2011.08.16 02:33:50.764,0.76857,0.76869,3.38,4.80
2011.08.16 02:33:51.525,0.76857,0.76867,1.13,1.73
2011.08.16 02:33:56.296,0.7686,0.76868,1.50,2.85
2011.08.16 02:33:56.417,0.76861,0.76871,1.13,3.00
2011.08.16 02:33:56.539,0.7686,0.7687,2.63,4.35
2011.08.16 02:33:56.656,0.76861,0.76873,1.13,2.25
2011.08.16 02:33:57.215,0.76861,0.76872,1.13,1.05
2011.08.16 02:33:57.871,0.76861,0.76872,1.13,1.05
2011.08.16 02:34:00.326,0.7686,0.76871,1.13,1.27
2011.08.16 02:34:00.555,0.76859,0.7687,1.13,2.63
2011.08.16 02:34:00.897,0.76858,0.76868,2.25,2.70
2011.08.16 02:34:01.017,0.76857,0.76868,1.50,2.70
2011.08.16 02:34:01.625,0.76856,0.76868,2.25,2.25
2011.08.16 02:34:12.437,0.76856,0.76867,1.50,1.05
2011.08.16 02:34:27.231,0.76856,0.76868,2.25,2.25
2011.08.16 02:34:33.928,0.76856,0.76867,1.88,1.88
2011.08.16 02:34:34.267,0.76855,0.76866,1.13,1.88
2011.08.16 02:34:39.755,0.76855,0.76866,1.13,2.33
2011.08.16 02:34:40.097,0.76852,0.76864,1.50,4.13
2011.08.16 02:34:41.996,0.76852,0.76862,1.50,1.88
2011.08.16 02:34:42.554,0.76851,0.76862,3.00,2.55
2011.08.16 02:34:45.724,0.76852,0.76862,1.13,1.05
2011.08.16 02:34:46.274,0.76852,0.76863,2.63,1.05
2011.08.16 02:34:46.604,0.76854,0.76864,1.88,2.92
2011.08.16 02:34:47.284,0.76854,0.76865,1.88,1.05
2011.08.16 02:34:50.316,0.76854,0.76864,1.88,4.41
2011.08.16 02:34:50.544,0.76853,0.76864,1.13,1.05
2011.08.16 02:34:50.766,0.76854,0.76865,1.88,1.42
2011.08.16 02:34:57.214,0.76855,0.76865,1.88,1.05
2011.08.16 02:34:57.546,0.76857,0.76866,1.88,1.42
2011.08.16 02:34:57.776,0.76857,0.76868,2.63,1.05
2011.08.16 02:34:58.334,0.76858,0.7687,1.13,2.92
2011.08.16 02:34:58.885,0.76858,0.7687,1.13,2.17
2011.08.16 02:35:01.587,0.76858,0.7687,2.63,1.50
2011.08.16 02:35:02.036,0.76858,0.76871,2.63,3.38
2011.08.16 02:35:02.376,0.76858,0.7687,3.75,2.92
2011.08.16 02:35:02.717,0.76859,0.7687,2.63,2.17
2011.08.16 02:35:03.605,0.76859,0.7687,1.13,1.42
2011.08.16 02:35:04.842,0.76861,0.76871,1.88,2.17
2011.08.16 02:35:04.959,0.7686,0.76871,1.88,2.17
2011.08.16 02:35:07.536,0.76862,0.76871,1.88,1.42
2011.08.16 02:35:07.876,0.76861,0.76873,1.50,1.42
2011.08.16 02:35:08.654,0.76861,0.76873,3.38,1.05
2011.08.16 02:35:12.637,0.7686,0.76872,3.00,1.05
2011.08.16 02:35:16.027,0.76862,0.76872,2.25,1.05
2011.08.16 02:35:16.147,0.76863,0.76874,1.50,2.55
2011.08.16 02:35:18.056,0.76863,0.76874,1.88,1.05
2011.08.16 02:35:18.289,0.76863,0.76874,4.13,1.05
2011.08.16 02:35:18.520,0.76863,0.76876,3.75,4.80
2011.08.16 02:35:18.638,0.76863,0.76876,3.75,4.80
2011.08.16 02:35:19.147,0.76866,0.76876,1.50,1.05
2011.08.16 02:35:20.243,0.76866,0.76876,1.50,1.05
2011.08.16 02:35:21.606,0.76864,0.76876,2.63,1.42
2011.08.16 02:35:21.726,0.76864,0.76874,2.25,1.88
2011.08.16 02:35:21.954,0.76864,0.76876,1.50,3.67
2011.08.16 02:35:22.504,0.76863,0.76875,1.50,1.88
2011.08.16 02:35:23.964,0.76862,0.76875,2.25,3.30
2011.08.16 02:35:24.075,0.76862,0.76873,2.25,1.88
2011.08.16 02:35:33.375,0.76866,0.76873,1.50,1.50
2011.08.16 02:35:33.607,0.76866,0.76875,2.25,1.05
2011.08.16 02:35:33.947,0.76866,0.76878,2.25,4.80
2011.08.16 02:35:34.505,0.76869,0.76879,1.50,3.67
2011.08.16 02:35:47.205,0.76867,0.76879,3.00,3.67
2011.08.16 02:35:47.765,0.76866,0.76877,1.88,1.88
2011.08.16 02:35:48.445,0.76864,0.76876,2.25,2.92
2011.08.16 02:35:49.444,0.76864,0.76876,1.50,2.92
2011.08.16 02:35:51.884,0.76863,0.76876,1.88,3.52
2011.08.16 02:35:53.156,0.76863,0.76874,1.88,1.88
2011.08.16 02:36:02.326,0.76861,0.76873,3.00,3.00
2011.08.16 02:36:02.884,0.76861,0.76873,3.00,1.13
2011.08.16 02:36:06.574,0.76861,0.76873,3.00,1.13
2011.08.16 02:36:07.136,0.76863,0.76874,2.25,2.17
2011.08.16 02:36:07.795,0.76863,0.76874,2.25,1.05
2011.08.16 02:36:24.046,0.76863,0.76873,1.50,1.13
2011.08.16 02:36:39.051,0.76862,0.76873,1.88,1.13
2011.08.16 02:36:43.795,0.76862,0.76874,2.63,2.55
2011.08.16 02:36:49.015,0.76861,0.76873,1.13,1.05
2011.08.16 02:36:49.575,0.76861,0.76873,1.50,4.05
2011.08.16 02:36:50.134,0.7686,0.76872,1.50,2.25
2011.08.16 02:36:50.355,0.7686,0.76872,1.50,2.25
2011.08.16 02:36:50.584,0.7686,0.7687,1.50,2.55
2011.08.16 02:36:51.465,0.7686,0.76868,1.50,1.88
2011.08.16 02:36:51.915,0.76858,0.7687,2.63,1.88
2011.08.16 02:37:15.824,0.76859,0.76871,1.88,1.13
2011.08.16 02:37:15.950,0.76861,0.76872,2.63,1.13
2011.08.16 02:37:16.069,0.76862,0.76874,3.00,1.80
2011.08.16 02:37:16.296,0.76865,0.76876,1.88,1.80
2011.08.16 02:37:16.636,0.76867,0.76878,1.88,1.05
2011.08.16 02:37:17.195,0.76867,0.76878,2.63,1.13
2011.08.16 02:37:30.744,0.76867,0.76877,2.63,2.10
2011.08.16 02:37:31.076,0.76865,0.76873,1.50,2.25
2011.08.16 02:37:31.196,0.76864,0.76873,1.50,2.25
2011.08.16 02:37:31.426,0.76862,0.76873,1.88,2.25
2011.08.16 02:37:31.985,0.76862,0.76873,1.88,2.25
2011.08.16 02:37:35.335,0.76862,0.76874,2.63,3.52
2011.08.16 02:37:35.895,0.76863,0.76874,2.63,1.65
2011.08.16 02:37:37.152,0.76863,0.76874,1.13,1.65
2011.08.16 02:37:38.575,0.76863,0.76875,3.38,3.52
2011.08.16 02:37:39.576,0.76864,0.76875,1.88,3.30
2011.08.16 02:37:40.145,0.76865,0.76875,1.13,2.63
2011.08.16 02:37:45.865,0.76864,0.76875,1.88,3.38
2011.08.16 02:37:46.886,0.76866,0.76875,1.13,2.25
2011.08.16 02:38:01.434,0.76868,0.76878,1.13,5.48
2011.08.16 02:38:01.546,0.76868,0.76878,1.13,2.63
2011.08.16 02:38:06.575,0.76868,0.76879,1.13,2.25
2011.08.16 02:38:07.134,0.76869,0.7688,1.13,4.73
2011.08.16 02:38:07.355,0.76869,0.7688,1.88,4.73
2011.08.16 02:38:14.348,0.76869,0.7688,1.13,4.13
2011.08.16 02:38:28.886,0.76869,0.7688,1.13,4.97
2011.08.16 02:38:30.566,0.76867,0.76876,1.88,3.23
2011.08.16 02:38:30.796,0.76864,0.76873,1.50,1.13
2011.08.16 02:38:31.026,0.76861,0.76873,1.50,4.88
2011.08.16 02:38:31.916,0.76864,0.76873,1.13,2.25
2011.08.16 02:38:32.036,0.76864,0.76876,5.63,1.88
2011.08.16 02:38:32.156,0.76867,0.76877,2.25,1.42
2011.08.16 02:38:32.716,0.76868,0.76879,1.13,2.92
2011.08.16 02:38:46.376,0.76868,0.76879,1.13,1.80
2011.08.16 02:39:04.338,0.76868,0.76879,2.63,2.17
2011.08.16 02:39:08.890,0.76868,0.76879,1.13,2.25
2011.08.16 02:39:19.366,0.76867,0.76878,1.13,1.88
2011.08.16 02:39:32.565,0.76867,0.76878,1.50,3.98
2011.08.16 02:39:32.906,0.76866,0.76874,1.50,1.13
2011.08.16 02:39:39.935,0.76865,0.76875,1.13,1.65
2011.08.16 02:39:40.488,0.76866,0.76876,1.88,1.13
2011.08.16 02:39:40.612,0.76867,0.76878,1.13,2.25
2011.08.16 02:39:46.015,0.76867,0.76879,2.63,4.80
2011.08.16 02:39:51.465,0.76868,0.7688,2.25,1.05
2011.08.16 02:39:52.025,0.76869,0.76881,1.88,3.30
2011.08.16 02:39:52.459,0.76869,0.76879,1.13,2.63
2011.08.16 02:39:53.035,0.76869,0.76879,1.13,1.13
2011.08.16 02:39:53.707,0.7687,0.76881,1.13,4.42
2011.08.16 02:39:56.056,0.7687,0.76881,2.63,2.92
2011.08.16 02:39:58.415,0.7687,0.7688,1.13,1.13
2011.08.16 02:40:00.818,0.7687,0.76881,1.13,1.80
2011.08.16 02:40:01.267,0.76872,0.76884,1.88,6.90
2011.08.16 02:40:07.505,0.76871,0.76883,1.13,2.25
2011.08.16 02:40:08.283,0.76871,0.76883,1.13,2.25
2011.08.16 02:40:08.804,0.76871,0.76883,1.13,1.50
2011.08.16 02:40:10.336,0.76871,0.76883,1.13,2.25
2011.08.16 02:40:12.534,0.76871,0.76883,2.63,1.88
2011.08.16 02:40:13.125,0.76871,0.76883,2.63,1.88
2011.08.16 02:40:13.248,0.76873,0.76883,1.88,1.13
2011.08.16 02:40:13.699,0.76875,0.76884,1.88,1.50
2011.08.16 02:40:13.816,0.76875,0.76885,1.88,1.13
2011.08.16 02:40:16.257,0.76874,0.76885,2.63,1.50
2011.08.16 02:40:16.814,0.76874,0.76884,1.13,1.88
2011.08.16 02:40:19.425,0.76874,0.76885,2.63,2.25
2011.08.16 02:40:20.384,0.76873,0.76885,1.13,2.25
2011.08.16 02:40:21.427,0.76877,0.76888,1.13,1.88
2011.08.16 02:40:21.987,0.76876,0.76888,3.75,1.05
2011.08.16 02:40:22.106,0.76878,0.76888,1.88,1.05
2011.08.16 02:40:22.337,0.76879,0.7689,1.88,1.42
2011.08.16 02:40:24.988,0.76879,0.76887,2.63,2.25
2011.08.16 02:40:25.107,0.76877,0.76889,1.50,2.63
2011.08.16 02:40:27.772,0.76877,0.76887,2.25,1.88
2011.08.16 02:40:27.997,0.76875,0.76886,1.88,1.88
2011.08.16 02:40:31.545,0.76876,0.76887,1.88,1.13
2011.08.16 02:40:31.667,0.76876,0.76888,3.75,1.42
2011.08.16 02:40:31.785,0.76879,0.76888,1.88,1.05
2011.08.16 02:40:32.115,0.76878,0.76889,1.13,3.00
2011.08.16 02:40:34.075,0.76878,0.76889,2.63,3.00
2011.08.16 02:40:35.186,0.76879,0.7689,1.88,1.88
2011.08.16 02:40:36.226,0.76878,0.7689,2.63,1.88
2011.08.16 02:40:36.349,0.76878,0.76889,1.88,1.13
2011.08.16 02:40:36.576,0.76878,0.7689,2.63,3.38
2011.08.16 02:40:38.128,0.76877,0.76887,1.50,1.50
2011.08.16 02:40:38.468,0.76873,0.76884,1.16,4.13
2011.08.16 02:40:38.809,0.76872,0.76884,1.50,5.55
2011.08.16 02:40:39.917,0.7687,0.76875,2.63,1.88
2011.08.16 02:40:40.295,0.76866,0.76873,1.50,2.63
2011.08.16 02:40:40.518,0.76862,0.76873,2.03,3.00
2011.08.16 02:40:41.076,0.76864,0.76877,2.63,2.25
2011.08.16 02:40:41.196,0.76866,0.76877,1.88,1.50
2011.08.16 02:40:41.539,0.76868,0.76879,1.88,2.63
2011.08.16 02:40:42.095,0.76869,0.7688,1.13,2.63
2011.08.16 02:40:42.645,0.76869,0.76881,3.38,2.25
2011.08.16 02:40:43.087,0.76871,0.76883,1.13,2.25
2011.08.16 02:40:43.864,0.76871,0.76883,2.63,1.88
2011.08.16 02:40:44.525,0.76871,0.76883,2.63,3.75
2011.08.16 02:40:44.976,0.7687,0.76882,1.88,1.88
2011.08.16 02:40:45.425,0.7687,0.76879,1.50,1.13
2011.08.16 02:40:45.756,0.76867,0.76878,2.25,1.13
2011.08.16 02:40:47.665,0.76867,0.7688,1.13,4.88
2011.08.16 02:40:48.114,0.76867,0.76879,1.13,1.50
2011.08.16 02:40:48.887,0.76866,0.76876,1.88,1.13
2011.08.16 02:40:49.224,0.76866,0.76874,1.88,1.50
2011.08.16 02:40:49.338,0.76866,0.76877,1.88,4.88
2011.08.16 02:40:49.654,0.76867,0.76878,1.13,1.13
2011.08.16 02:40:51.586,0.76868,0.7688,1.13,2.63
2011.08.16 02:40:52.365,0.76868,0.76879,1.13,2.63
2011.08.16 02:40:57.584,0.76867,0.76878,1.88,1.88
2011.08.16 02:40:57.697,0.76866,0.76874,1.50,1.50
2011.08.16 02:40:57.816,0.76865,0.76874,1.88,1.50
2011.08.16 02:41:16.920,0.76861,0.7687,2.25,1.88
2011.08.16 02:41:17.039,0.76861,0.76867,1.50,1.88
2011.08.16 02:41:17.269,0.76858,0.76866,1.50,1.13
2011.08.16 02:41:17.390,0.76857,0.76866,1.50,3.00
2011.08.16 02:41:17.619,0.76856,0.76868,1.88,2.92
2011.08.16 02:41:20.557,0.76855,0.76867,1.50,2.25
2011.08.16 02:41:20.896,0.76856,0.76868,1.50,2.17
2011.08.16 02:41:22.344,0.76856,0.76867,1.50,1.88
2011.08.16 02:41:23.396,0.76856,0.76868,1.50,1.42
2011.08.16 02:41:25.565,0.76856,0.76867,1.88,1.13
2011.08.16 02:41:26.127,0.76854,0.76866,2.70,1.88
2011.08.16 02:41:33.698,0.76856,0.76868,2.66,3.67
2011.08.16 02:41:33.817,0.76858,0.76868,4.13,1.42
2011.08.16 02:41:34.157,0.7686,0.76871,1.88,1.42
2011.08.16 02:41:34.608,0.76859,0.76871,1.88,2.92
2011.08.16 02:41:34.726,0.76859,0.76869,1.88,1.88
2011.08.16 02:41:35.071,0.76858,0.76871,1.16,5.55
2011.08.16 02:41:36.448,0.76857,0.76866,1.53,1.88
2011.08.16 02:41:36.678,0.76855,0.76866,2.63,1.88
2011.08.16 02:41:38.696,0.76856,0.76868,1.13,2.17
2011.08.16 02:41:38.926,0.76856,0.76868,1.91,2.17
2011.08.16 02:41:39.047,0.76858,0.76868,1.88,1.80
2011.08.16 02:41:39.276,0.76859,0.7687,2.63,1.05
2011.08.16 02:41:40.515,0.76859,0.7687,1.88,1.05
2011.08.16 02:41:42.188,0.76857,0.76867,1.13,1.88
2011.08.16 02:41:42.416,0.76856,0.76867,1.88,3.38
2011.08.16 02:41:43.305,0.76857,0.76867,2.63,1.50
2011.08.16 02:41:43.857,0.76858,0.7687,3.00,1.80
2011.08.16 02:41:43.975,0.76859,0.76871,1.13,4.05
2011.08.16 02:41:46.261,0.7686,0.7687,1.88,1.13
2011.08.16 02:41:47.277,0.7686,0.7687,1.50,3.00
2011.08.16 02:41:47.397,0.76859,0.7687,1.13,3.00
2011.08.16 02:41:47.955,0.76859,0.7687,1.13,1.13
2011.08.16 02:41:49.595,0.76856,0.76866,1.91,1.13
2011.08.16 02:41:49.718,0.76856,0.76866,1.13,1.13
2011.08.16 02:41:50.274,0.76856,0.76866,1.13,1.13
2011.08.16 02:41:50.608,0.76857,0.76869,5.63,1.42
2011.08.16 02:41:50.837,0.76858,0.7687,1.50,1.42
2011.08.16 02:41:51.396,0.76858,0.7687,1.50,2.17
2011.08.16 02:41:51.955,0.76858,0.76869,1.50,2.63
2011.08.16 02:41:52.505,0.76858,0.7687,1.50,2.17
2011.08.16 02:41:54.056,0.76858,0.76869,1.13,2.63
2011.08.16 02:41:55.346,0.76857,0.76866,1.50,2.25
2011.08.16 02:41:55.579,0.76857,0.76868,1.88,1.13
2011.08.16 02:41:55.899,0.76856,0.76868,4.13,1.13
2011.08.16 02:41:56.456,0.76857,0.76869,2.25,1.50
2011.08.16 02:41:57.566,0.76859,0.7687,1.88,2.63
2011.08.16 02:41:59.576,0.76859,0.7687,2.25,5.48
2011.08.16 02:41:59.917,0.76855,0.76866,1.88,2.63
2011.08.16 02:42:00.151,0.76852,0.76863,1.88,1.88
2011.08.16 02:42:00.817,0.76853,0.76864,1.88,1.13
2011.08.16 02:42:01.049,0.76853,0.76865,4.13,4.05
2011.08.16 02:42:01.497,0.76855,0.76867,1.13,3.38
2011.08.16 02:42:02.706,0.76855,0.76867,3.38,1.13
2011.08.16 02:42:03.376,0.76856,0.76867,2.25,1.13
2011.08.16 02:42:03.934,0.76857,0.76869,1.13,4.80
2011.08.16 02:42:04.156,0.76856,0.76867,1.50,3.38
2011.08.16 02:42:04.716,0.76857,0.76868,1.13,2.63
2011.08.16 02:42:06.638,0.76855,0.76866,1.13,3.67
2011.08.16 02:42:07.196,0.76855,0.76865,1.13,1.13
2011.08.16 02:42:07.812,0.76855,0.76866,1.13,4.42
2011.08.16 02:42:08.367,0.76855,0.76866,5.63,1.42
2011.08.16 02:42:08.816,0.76857,0.76869,1.13,5.55
2011.08.16 02:42:10.277,0.76856,0.76867,1.88,2.63
2011.08.16 02:42:10.397,0.76856,0.76867,1.13,3.30
2011.08.16 02:42:11.837,0.76855,0.76867,1.88,3.15
2011.08.16 02:42:12.394,0.76856,0.76867,1.50,1.42
2011.08.16 02:42:12.836,0.76856,0.76869,1.50,6.30
2011.08.16 02:42:13.907,0.76856,0.76865,1.13,1.50
2011.08.16 02:42:14.026,0.76855,0.76865,1.50,1.50
2011.08.16 02:42:14.147,0.76855,0.76866,1.50,2.25
2011.08.16 02:42:15.254,0.76855,0.76866,1.50,3.75
2011.08.16 02:42:18.547,0.76855,0.76867,3.38,1.13
2011.08.16 02:42:19.107,0.76855,0.76868,3.38,3.67
2011.08.16 02:42:20.456,0.76855,0.76865,3.38,1.13
2011.08.16 02:42:21.016,0.76855,0.76866,1.13,2.63
2011.08.16 02:42:22.017,0.76855,0.76868,2.63,4.80
2011.08.16 02:42:22.575,0.76856,0.76868,2.63,1.80
2011.08.16 02:42:25.498,0.76856,0.76868,4.13,1.05
2011.08.16 02:42:26.054,0.76858,0.76869,1.13,2.92
2011.08.16 02:42:26.969,0.76856,0.76865,1.50,1.50
2011.08.16 02:42:27.307,0.76855,0.76865,2.63,1.35
2011.08.16 02:42:27.867,0.76855,0.76865,1.88,1.35
2011.08.16 02:42:28.646,0.76856,0.76867,2.25,1.88
2011.08.16 02:42:29.266,0.76858,0.76868,1.88,1.88
2011.08.16 02:42:32.996,0.76857,0.76868,2.63,1.50
2011.08.16 02:42:34.996,0.76857,0.7687,3.75,2.55
2011.08.16 02:42:37.219,0.76859,0.76871,1.13,1.50
2011.08.16 02:42:41.246,0.76859,0.76872,2.63,5.55
2011.08.16 02:42:43.198,0.76857,0.76867,2.66,1.13
2011.08.16 02:42:43.541,0.76853,0.76863,1.50,3.00
2011.08.16 02:42:43.659,0.76853,0.76863,1.50,3.00
2011.08.16 02:42:43.886,0.7685,0.76862,4.13,1.13
2011.08.16 02:42:44.447,0.76851,0.76862,2.25,1.05
2011.08.16 02:42:45.005,0.76852,0.76863,1.13,3.00
2011.08.16 02:42:46.447,0.76853,0.76863,1.13,1.13
2011.08.16 02:42:52.664,0.76853,0.76863,1.13,1.73
2011.08.16 02:42:52.775,0.76851,0.76861,1.91,1.88
2011.08.16 02:42:53.327,0.7685,0.76861,1.13,2.63
2011.08.16 02:42:56.388,0.7685,0.76861,1.50,2.63
2011.08.16 02:43:02.037,0.7685,0.76856,1.13,1.13
2011.08.16 02:43:02.157,0.76848,0.76856,2.70,1.88
2011.08.16 02:43:02.279,0.76846,0.76856,1.13,1.13
2011.08.16 02:43:02.834,0.76846,0.76857,1.13,1.88
2011.08.16 02:43:03.275,0.76847,0.76858,1.88,1.13
2011.08.16 02:43:03.935,0.76848,0.7686,2.63,1.42
2011.08.16 02:43:05.495,0.76848,0.76861,2.63,2.17
2011.08.16 02:43:06.047,0.7685,0.76861,1.88,1.50
2011.08.16 02:43:06.605,0.7685,0.76861,1.88,2.25
2011.08.16 02:43:07.156,0.76849,0.76861,2.63,3.75
2011.08.16 02:43:07.714,0.7685,0.76861,3.00,1.13
2011.08.16 02:43:08.265,0.76852,0.76862,1.88,1.13
2011.08.16 02:43:10.497,0.76852,0.76862,2.63,1.13
2011.08.16 02:43:11.055,0.76853,0.76862,2.63,1.13
2011.08.16 02:43:12.285,0.76853,0.76862,2.63,1.13
2011.08.16 02:43:12.725,0.76853,0.76862,1.13,1.13
2011.08.16 02:43:31.315,0.76853,0.76863,2.25,2.25
2011.08.16 02:43:31.437,0.76855,0.76865,1.13,1.13
2011.08.16 02:43:31.996,0.76854,0.76867,5.63,2.17
2011.08.16 02:43:34.156,0.76855,0.76867,1.50,2.17
2011.08.16 02:43:40.508,0.76855,0.76865,1.13,1.88
2011.08.16 02:43:40.847,0.76854,0.76863,1.88,1.50
2011.08.16 02:43:41.393,0.76854,0.76863,1.13,1.50
2011.08.16 02:43:44.096,0.76854,0.76863,1.13,1.50
2011.08.16 02:43:46.415,0.76854,0.76863,1.13,1.50
2011.08.16 02:43:46.923,0.76854,0.76864,1.13,3.23
2011.08.16 02:43:47.987,0.76853,0.76863,1.13,1.88
2011.08.16 02:43:48.766,0.76852,0.76862,2.63,1.13
2011.08.16 02:43:54.875,0.76853,0.76862,1.13,1.13
2011.08.16 02:44:27.885,0.76853,0.76863,2.63,3.67
2011.08.16 02:44:31.695,0.76854,0.76864,1.88,1.13
2011.08.16 02:44:31.808,0.76855,0.76865,1.50,1.13
2011.08.16 02:44:31.926,0.76855,0.76867,2.25,1.13
2011.08.16 02:44:32.267,0.76857,0.76868,1.13,2.55
2011.08.16 02:44:32.826,0.76857,0.76868,1.13,2.55
2011.08.16 02:44:35.879,0.76856,0.76865,1.50,1.13
2011.08.16 02:44:36.217,0.76854,0.76865,1.88,1.13
2011.08.16 02:44:36.336,0.76854,0.76864,1.50,1.88
2011.08.16 02:44:36.858,0.76855,0.76865,1.13,1.13
2011.08.16 02:44:48.255,0.76854,0.76865,1.88,1.13
2011.08.16 02:44:48.808,0.76855,0.76867,1.50,2.92
2011.08.16 02:44:48.926,0.76855,0.76867,2.25,2.17
2011.08.16 02:44:49.485,0.76857,0.76869,1.50,1.42
2011.08.16 02:44:50.476,0.76857,0.76869,1.50,1.42
2011.08.16 02:44:51.917,0.76857,0.76866,1.13,1.13
2011.08.16 02:44:52.256,0.76854,0.76865,1.88,1.88
2011.08.16 02:44:55.752,0.76856,0.76867,1.50,2.92
2011.08.16 02:44:56.196,0.76857,0.76867,1.88,1.05
2011.08.16 02:44:56.535,0.76857,0.7687,2.63,1.42
2011.08.16 02:44:57.307,0.76858,0.76868,1.13,2.25
2011.08.16 02:44:57.538,0.76855,0.76866,3.00,1.13
2011.08.16 02:44:58.097,0.76853,0.76865,2.63,1.05
2011.08.16 02:44:58.327,0.76852,0.76864,3.75,1.88
2011.08.16 02:45:03.469,0.76852,0.76863,3.00,1.13
2011.08.16 02:45:03.812,0.76842,0.76847,3.75,3.38
2011.08.16 02:45:03.931,0.76834,0.76844,1.50,3.75
2011.08.16 02:45:04.053,0.76832,0.76841,1.50,2.33
2011.08.16 02:45:04.169,0.76825,0.76839,1.13,1.65
2011.08.16 02:45:04.507,0.76823,0.76835,1.13,1.42
2011.08.16 02:45:05.286,0.76823,0.76837,1.13,1.05
2011.08.16 02:45:05.853,0.76823,0.76837,2.28,1.05
2011.08.16 02:45:06.190,0.76825,0.76839,1.88,2.40
2011.08.16 02:45:08.207,0.76826,0.76839,3.75,1.65
2011.08.16 02:45:08.549,0.76834,0.76845,4.76,2.25
2011.08.16 02:45:08.669,0.76836,0.76847,1.88,1.42
2011.08.16 02:45:08.789,0.76838,0.7685,1.88,1.05
2011.08.16 02:45:09.017,0.76839,0.76852,3.00,1.42
2011.08.16 02:45:09.559,0.7684,0.76851,1.50,1.05
2011.08.16 02:45:09.896,0.76839,0.76852,1.13,3.67
2011.08.16 02:45:10.018,0.7684,0.76852,2.25,1.42
2011.08.16 02:45:12.377,0.76841,0.76852,1.13,1.42
2011.08.16 02:45:12.935,0.76841,0.76853,1.88,1.13
2011.08.16 02:45:14.257,0.76841,0.76853,3.00,1.13
2011.08.16 02:45:14.819,0.76843,0.76853,1.13,1.13
2011.08.16 02:45:15.375,0.76844,0.76854,1.13,3.00
2011.08.16 02:45:22.257,0.76844,0.76854,2.63,3.00
2011.08.16 02:45:22.489,0.76844,0.76856,3.38,2.17
2011.08.16 02:45:22.828,0.76844,0.76855,2.63,2.17
2011.08.16 02:45:23.722,0.76846,0.76856,1.88,1.42
2011.08.16 02:45:24.670,0.76849,0.7686,1.88,1.05
2011.08.16 02:45:25.252,0.76849,0.7686,1.88,1.05
2011.08.16 02:45:26.145,0.7685,0.7686,1.88,1.05
2011.08.16 02:45:30.945,0.76849,0.7686,2.63,1.42
2011.08.16 02:45:33.917,0.76848,0.7686,2.25,1.42
2011.08.16 02:45:34.474,0.76849,0.7686,2.63,2.17
2011.08.16 02:45:38.697,0.76848,0.76858,1.88,1.88
2011.08.16 02:45:39.038,0.76848,0.76857,1.13,1.42
2011.08.16 02:45:39.157,0.76848,0.7686,1.88,1.80
2011.08.16 02:45:39.717,0.76848,0.76861,4.13,2.92
2011.08.16 02:45:43.769,0.7685,0.76857,1.88,1.50
2011.08.16 02:45:44.217,0.7685,0.76861,1.88,3.30
2011.08.16 02:45:57.319,0.7685,0.76859,1.88,2.25
2011.08.16 02:45:57.440,0.76848,0.76858,1.13,1.13
2011.08.16 02:45:57.557,0.76849,0.7686,1.88,1.88
2011.08.16 02:45:57.676,0.76849,0.7686,1.88,1.13
2011.08.16 02:45:58.347,0.76848,0.76859,1.50,1.88
2011.08.16 02:46:01.567,0.76848,0.76859,2.63,1.50
2011.08.16 02:46:09.879,0.76847,0.76859,1.88,3.60
2011.08.16 02:46:13.607,0.76846,0.76859,4.88,3.67
2011.08.16 02:46:32.561,0.76848,0.76859,1.88,1.05
2011.08.16 02:46:32.791,0.76849,0.76862,2.25,6.38
2011.08.16 02:46:33.282,0.76849,0.76859,1.88,1.88
2011.08.16 02:46:33.510,0.76848,0.76857,3.75,1.88
2011.08.16 02:46:34.066,0.76848,0.76858,3.00,1.88
2011.08.16 02:46:41.057,0.76848,0.7686,3.00,2.48
2011.08.16 02:46:44.825,0.76848,0.76861,3.38,4.27
2011.08.16 02:46:45.828,0.76848,0.76859,3.38,1.88
2011.08.16 02:46:48.095,0.76848,0.7686,3.38,2.48
2011.08.16 02:46:50.027,0.76849,0.7686,1.50,2.48
2011.08.16 02:46:50.566,0.7685,0.76861,1.88,3.00
2011.08.16 02:46:52.265,0.7685,0.76859,1.88,1.50
2011.08.16 02:46:52.488,0.76846,0.76859,5.63,3.75
2011.08.16 02:46:52.607,0.76847,0.76857,1.13,1.88
2011.08.16 02:46:53.184,0.76847,0.76857,1.88,1.88
2011.08.16 02:46:53.736,0.76847,0.76857,2.63,1.88
2011.08.16 02:46:54.408,0.76847,0.76858,3.38,1.88
2011.08.16 02:46:54.639,0.76848,0.76861,2.25,2.55
2011.08.16 02:46:55.087,0.7685,0.76861,2.25,1.13
2011.08.16 02:46:58.906,0.7685,0.76861,2.25,2.48
2011.08.16 02:46:59.265,0.76848,0.76858,1.50,4.13
2011.08.16 02:46:59.597,0.76845,0.76855,1.13,1.88
2011.08.16 02:47:04.896,0.76845,0.76855,2.63,1.88
2011.08.16 02:47:05.020,0.76847,0.76858,1.13,1.65
2011.08.16 02:47:05.575,0.76847,0.76859,2.63,3.75
2011.08.16 02:47:09.575,0.76848,0.76857,1.50,1.88
2011.08.16 02:47:10.125,0.76847,0.76856,1.50,1.88
2011.08.16 02:47:11.496,0.76846,0.76856,1.88,1.88
2011.08.16 02:47:18.919,0.76846,0.76854,1.88,1.13
2011.08.16 02:47:19.477,0.76847,0.76857,1.13,1.42
2011.08.16 02:47:30.189,0.76847,0.76856,1.13,1.88
2011.08.16 02:47:30.750,0.76846,0.76855,1.50,1.88
2011.08.16 02:47:31.310,0.76845,0.76855,4.13,1.88
2011.08.16 02:47:56.647,0.76846,0.76856,1.13,1.05
2011.08.16 02:47:57.205,0.76847,0.76857,1.13,2.55
2011.08.16 02:48:10.992,0.76847,0.76855,1.13,1.88
2011.08.16 02:48:11.107,0.76844,0.76854,3.03,1.13
2011.08.16 02:48:11.663,0.76842,0.76853,1.13,1.50
2011.08.16 02:48:12.224,0.76842,0.76853,1.13,1.50
2011.08.16 02:48:31.893,0.76844,0.76854,1.13,1.13
2011.08.16 02:48:34.767,0.76844,0.76855,1.88,2.55
2011.08.16 02:48:35.384,0.76845,0.76856,1.88,1.05
2011.08.16 02:48:37.056,0.76844,0.76856,3.38,1.05
2011.08.16 02:48:37.177,0.76843,0.76853,1.88,1.50
2011.08.16 02:48:37.405,0.76842,0.76853,1.13,3.67
2011.08.16 02:48:37.637,0.76841,0.76851,1.13,1.88
2011.08.16 02:48:37.864,0.7684,0.76851,1.13,1.88
2011.08.16 02:48:40.684,0.76839,0.76852,3.38,2.92
2011.08.16 02:48:42.345,0.76839,0.76851,3.38,1.88
2011.08.16 02:48:42.697,0.7684,0.76852,1.13,2.77
2011.08.16 02:48:43.254,0.7684,0.76852,3.38,1.65
2011.08.16 02:48:44.844,0.76841,0.76853,2.63,1.42
2011.08.16 02:48:50.716,0.76841,0.76854,2.63,2.92
2011.08.16 02:48:51.716,0.76841,0.76854,1.13,2.92
2011.08.16 02:48:53.238,0.76841,0.76854,1.88,2.92
2011.08.16 02:48:53.355,0.76844,0.76854,1.88,1.42
2011.08.16 02:48:53.912,0.76844,0.76856,1.88,2.92
2011.08.16 02:48:58.373,0.76846,0.76856,1.50,2.55
2011.08.16 02:48:58.606,0.76847,0.76858,1.13,1.05
2011.08.16 02:48:59.164,0.76847,0.76858,1.88,1.05
2011.08.16 02:49:00.623,0.76847,0.76857,1.13,1.42
2011.08.16 02:49:00.736,0.76845,0.76856,1.76,3.00
2011.08.16 02:49:00.964,0.76844,0.76856,3.00,3.67
2011.08.16 02:49:18.768,0.76843,0.76856,4.13,3.67
2011.08.16 02:49:18.887,0.76845,0.76856,1.13,2.55
2011.08.16 02:49:20.583,0.76843,0.76856,3.38,2.92
2011.08.16 02:49:20.925,0.76843,0.76854,3.00,1.88
2011.08.16 02:49:21.586,0.76842,0.76854,1.88,1.50
2011.08.16 02:49:24.073,0.76843,0.76854,2.63,1.50
2011.08.16 02:49:39.547,0.76843,0.76854,2.63,2.85
2011.08.16 02:49:44.764,0.76842,0.76852,1.50,1.88
2011.08.16 02:49:44.993,0.76839,0.7685,1.88,4.13
2011.08.16 02:49:45.907,0.7684,0.7685,3.38,2.25
2011.08.16 02:49:46.029,0.7684,0.76852,3.38,3.00
2011.08.16 02:49:46.145,0.76842,0.76852,1.88,3.00
2011.08.16 02:49:46.373,0.76842,0.76853,1.88,2.55
2011.08.16 02:49:47.578,0.76843,0.76853,1.13,2.55
2011.08.16 02:49:53.954,0.76843,0.76852,2.63,1.42
2011.08.16 02:49:56.844,0.76841,0.76849,1.50,1.13
2011.08.16 02:49:56.966,0.76839,0.76849,1.88,1.50
2011.08.16 02:49:58.076,0.7684,0.76851,1.13,1.80
2011.08.16 02:50:00.205,0.76841,0.76851,1.88,1.13
2011.08.16 02:50:00.544,0.76843,0.76852,1.88,1.42
2011.08.16 02:50:08.234,0.76843,0.76852,1.88,2.17
2011.08.16 02:50:11.306,0.76842,0.76851,2.63,1.50
2011.08.16 02:50:27.487,0.76842,0.76852,1.13,2.92
2011.08.16 02:50:41.886,0.76845,0.76854,1.50,5.92
2011.08.16 02:50:42.010,0.76845,0.76855,1.13,1.13
2011.08.16 02:50:42.125,0.76842,0.76855,2.25,1.13
2011.08.16 02:50:44.414,0.76841,0.76855,5.66,2.63
2011.08.16 02:50:44.535,0.76841,0.76852,2.63,1.50
2011.08.16 02:50:47.284,0.76844,0.76854,3.23,1.80
2011.08.16 02:50:47.625,0.76845,0.76855,1.13,1.80
2011.08.16 02:50:47.745,0.76844,0.76855,3.00,1.80
2011.08.16 02:50:48.382,0.76843,0.76854,5.66,1.05
2011.08.16 02:50:53.546,0.76844,0.76854,1.13,1.05
2011.08.16 02:50:53.993,0.76847,0.76857,1.50,1.05
2011.08.16 02:51:09.184,0.76844,0.76856,5.63,2.63
2011.08.16 02:51:12.765,0.76844,0.76853,1.88,1.13
2011.08.16 02:51:13.334,0.76841,0.76854,3.00,4.05
2011.08.16 02:51:13.675,0.76841,0.76852,1.13,1.13
2011.08.16 02:51:14.815,0.7684,0.76852,2.25,2.25
2011.08.16 02:51:15.374,0.7684,0.76851,1.13,1.13
2011.08.16 02:51:21.275,0.7684,0.76852,1.50,1.13
2011.08.16 02:51:29.249,0.76841,0.76852,1.13,1.88
2011.08.16 02:51:34.957,0.76842,0.76854,1.50,2.17
2011.08.16 02:51:36.244,0.76842,0.76853,1.50,2.55
2011.08.16 02:51:36.804,0.76842,0.76852,1.13,1.50
2011.08.16 02:51:49.380,0.76842,0.76852,1.13,1.13
2011.08.16 02:52:07.485,0.76842,0.76853,1.13,1.05
2011.08.16 02:52:10.454,0.76841,0.76853,3.00,1.13
2011.08.16 02:52:44.972,0.76842,0.76853,1.13,1.80
2011.08.16 02:52:57.474,0.76843,0.76853,1.13,3.30
2011.08.16 02:52:58.063,0.76843,0.76853,1.13,1.05
2011.08.16 02:52:59.960,0.76844,0.76854,1.13,1.05
2011.08.16 02:53:00.297,0.76844,0.76856,3.00,1.42
2011.08.16 02:53:00.844,0.76844,0.76856,3.00,1.42
2011.08.16 02:53:01.902,0.76844,0.76856,3.00,1.42
2011.08.16 02:53:02.808,0.76843,0.76855,1.13,4.05
2011.08.16 02:53:10.844,0.76842,0.76853,3.00,2.63
2011.08.16 02:53:12.224,0.76843,0.76854,1.88,3.00
2011.08.16 02:53:13.986,0.76843,0.76855,1.13,7.42
2011.08.16 02:53:14.324,0.76841,0.76852,1.88,1.13
2011.08.16 02:53:14.869,0.76843,0.76853,1.13,2.63
2011.08.16 02:53:15.866,0.76842,0.76854,2.25,3.00
2011.08.16 02:53:16.645,0.76842,0.76853,1.20,1.50
2011.08.16 02:53:17.194,0.76842,0.76853,1.20,1.50
2011.08.16 02:53:18.953,0.76842,0.76853,2.63,1.13
2011.08.16 02:53:20.493,0.76843,0.76854,1.88,2.25
2011.08.16 02:53:20.824,0.76843,0.76855,4.13,1.80
2011.08.16 02:53:22.269,0.76844,0.76855,1.50,3.67
2011.08.16 02:53:22.715,0.76844,0.76855,1.50,1.42
2011.08.16 02:53:23.164,0.76844,0.76855,1.13,2.55
2011.08.16 02:53:24.430,0.76843,0.76854,1.13,1.13
2011.08.16 02:53:26.304,0.76843,0.76854,1.13,1.13
2011.08.16 02:53:41.914,0.76843,0.76854,1.13,1.88
2011.08.16 02:53:50.864,0.76843,0.76854,1.13,1.88
2011.08.16 02:53:54.625,0.76843,0.76854,1.13,1.88
2011.08.16 02:53:56.594,0.76843,0.76854,1.13,1.88
2011.08.16 02:54:00.123,0.76843,0.76854,1.13,1.88
2011.08.16 02:54:02.323,0.76843,0.76854,1.13,1.88
2011.08.16 02:54:02.685,0.76844,0.76855,1.50,1.65
2011.08.16 02:54:02.917,0.76846,0.76856,2.63,1.05
2011.08.16 02:54:03.035,0.76847,0.76857,1.50,1.05
2011.08.16 02:54:06.167,0.76846,0.76856,2.25,1.88
2011.08.16 02:54:07.055,0.76844,0.76855,1.88,1.88
2011.08.16 02:54:07.283,0.76844,0.76855,1.13,2.55
2011.08.16 02:54:08.164,0.76844,0.76854,1.13,2.63
2011.08.16 02:54:08.727,0.76844,0.76855,3.38,1.42
2011.08.16 02:54:14.164,0.76844,0.76855,1.13,2.92
2011.08.16 02:54:35.535,0.76843,0.76853,1.13,1.13
2011.08.16 02:54:36.093,0.76843,0.76853,1.13,1.88
2011.08.16 02:54:46.897,0.76843,0.76852,1.13,3.00
2011.08.16 02:54:47.456,0.76842,0.76852,1.88,3.00
2011.08.16 02:55:10.106,0.7684,0.76851,1.50,2.25
2011.08.16 02:55:10.334,0.76839,0.76851,1.50,2.25
2011.08.16 02:55:10.895,0.76839,0.76851,1.50,4.50
2011.08.16 02:55:11.454,0.76839,0.76851,1.50,2.25
2011.08.16 02:55:18.914,0.76839,0.76851,1.50,2.25
2011.08.16 02:55:19.576,0.76839,0.76851,1.50,3.00
2011.08.16 02:55:35.596,0.76839,0.76851,3.00,2.63
2011.08.16 02:55:48.318,0.76843,0.76852,1.13,1.42
2011.08.16 02:55:48.657,0.76841,0.76852,2.63,2.17
2011.08.16 02:55:56.264,0.7684,0.76852,2.25,4.27
2011.08.16 02:55:57.596,0.76838,0.76849,3.38,1.88
2011.08.16 02:55:58.154,0.76838,0.76849,1.13,2.55
2011.08.16 02:56:05.065,0.76836,0.76848,4.53,1.88
2011.08.16 02:56:14.764,0.76836,0.76847,1.13,1.05
2011.08.16 02:56:17.764,0.76836,0.76847,1.13,1.80
2011.08.16 02:56:18.106,0.76833,0.76842,3.75,1.88
2011.08.16 02:56:19.216,0.76832,0.76842,1.50,2.55
2011.08.16 02:56:19.774,0.76831,0.76842,1.88,3.30
2011.08.16 02:56:21.584,0.76832,0.76842,1.50,1.05
2011.08.16 02:56:25.764,0.76831,0.76842,2.63,1.05
2011.08.16 02:56:29.486,0.76831,0.76841,1.88,2.55
2011.08.16 02:56:32.864,0.76832,0.76843,1.50,1.80
2011.08.16 02:56:33.864,0.76831,0.76841,1.13,1.05
2011.08.16 02:56:33.986,0.76832,0.76843,1.50,1.13
2011.08.16 02:56:34.547,0.76832,0.76844,1.50,3.30
2011.08.16 02:56:38.015,0.76836,0.76844,1.13,1.42
2011.08.16 02:56:38.244,0.76836,0.76847,1.13,2.55
2011.08.16 02:56:41.423,0.76836,0.76847,1.88,1.88
2011.08.16 02:56:41.645,0.76839,0.7685,2.25,1.42
2011.08.16 02:56:42.204,0.7684,0.76851,1.13,1.42
2011.08.16 02:56:43.112,0.7684,0.76851,1.88,1.42
2011.08.16 02:56:53.986,0.7684,0.76851,1.50,1.88
2011.08.16 02:56:54.543,0.76839,0.7685,1.50,1.35
2011.08.16 02:57:00.325,0.76839,0.76849,1.50,1.73
2011.08.16 02:57:02.387,0.76839,0.76849,1.50,1.13
2011.08.16 02:57:02.727,0.76839,0.76847,1.50,1.50
2011.08.16 02:57:03.289,0.76837,0.76848,1.50,1.88
2011.08.16 02:57:03.407,0.76836,0.76846,1.13,1.13
2011.08.16 02:57:05.985,0.76834,0.76845,2.25,1.50
2011.08.16 02:57:18.597,0.76834,0.76845,3.00,1.50
2011.08.16 02:57:19.375,0.76835,0.76845,1.88,2.17
2011.08.16 02:57:19.824,0.76835,0.76845,1.88,2.17
2011.08.16 02:57:20.264,0.76834,0.76845,1.50,1.42
2011.08.16 02:57:24.925,0.76834,0.76845,1.13,4.05
2011.08.16 02:57:29.786,0.76833,0.76844,2.25,1.80
2011.08.16 02:57:30.015,0.76832,0.76844,1.50,2.17
2011.08.16 02:57:30.591,0.76832,0.76843,1.50,2.55
2011.08.16 02:57:35.123,0.76832,0.76843,3.00,1.05
2011.08.16 02:57:38.714,0.76831,0.76841,2.25,2.63
2011.08.16 02:57:39.277,0.7683,0.76838,1.13,1.88
2011.08.16 02:57:39.507,0.76828,0.76838,1.88,1.88
2011.08.16 02:57:39.845,0.76828,0.7684,1.50,2.25
2011.08.16 02:57:43.425,0.76829,0.7684,1.88,2.25
2011.08.16 02:57:45.426,0.76829,0.76842,3.00,3.30
2011.08.16 02:57:47.234,0.7683,0.76842,1.88,2.92
2011.08.16 02:57:47.795,0.7683,0.76841,2.63,1.42
2011.08.16 02:57:56.546,0.76828,0.76836,1.50,1.88
2011.08.16 02:57:56.861,0.7683,0.76841,4.88,3.52
2011.08.16 02:57:56.980,0.76831,0.76841,2.25,1.42
2011.08.16 02:57:57.978,0.76831,0.76843,3.00,3.00
2011.08.16 02:58:02.494,0.76831,0.76842,3.00,1.13
2011.08.16 02:58:02.828,0.7683,0.76837,1.13,1.50
2011.08.16 02:58:03.059,0.7683,0.76842,3.00,1.13
2011.08.16 02:58:04.675,0.76831,0.76843,1.88,3.67
2011.08.16 02:58:07.794,0.7683,0.76843,3.75,4.05
2011.08.16 02:58:13.495,0.76831,0.76843,2.63,1.05
2011.08.16 02:58:21.693,0.76832,0.76843,3.75,1.05
2011.08.16 02:58:22.355,0.76833,0.76844,1.88,1.42
2011.08.16 02:58:25.173,0.76833,0.76845,1.88,4.80
2011.08.16 02:58:26.266,0.76833,0.7684,2.63,2.17
2011.08.16 02:58:26.495,0.76833,0.76844,1.88,1.05
2011.08.16 02:58:26.614,0.76832,0.76843,2.63,2.55
2011.08.16 02:58:30.004,0.76832,0.76844,3.38,1.05
2011.08.16 02:58:31.255,0.76832,0.76841,1.50,1.88
2011.08.16 02:58:31.607,0.76831,0.76842,2.63,1.42
2011.08.16 02:58:42.337,0.76832,0.76845,2.25,4.80
2011.08.16 02:58:45.266,0.76833,0.76844,3.38,1.42
2011.08.16 02:58:46.356,0.76833,0.76842,1.13,1.50
2011.08.16 02:58:46.589,0.76832,0.76843,1.88,1.42
2011.08.16 02:58:51.927,0.76832,0.76843,1.13,4.05
2011.08.16 02:58:52.486,0.76832,0.76843,1.13,1.05
2011.08.16 02:58:53.787,0.76832,0.76843,1.88,1.05
2011.08.16 02:58:55.805,0.76832,0.76843,1.88,1.05
2011.08.16 02:58:56.257,0.76831,0.76842,1.13,1.88
2011.08.16 02:58:57.695,0.7683,0.76841,2.63,1.88
2011.08.16 02:59:02.123,0.76829,0.7684,4.73,1.88
2011.08.16 02:59:02.460,0.76827,0.76837,1.13,1.42
2011.08.16 02:59:02.794,0.76828,0.76837,2.25,1.05
2011.08.16 02:59:03.017,0.76829,0.76839,1.50,1.13
2011.08.16 02:59:03.248,0.7683,0.76842,4.88,1.05
2011.08.16 02:59:05.104,0.76831,0.76843,1.50,1.05
2011.08.16 02:59:06.642,0.7683,0.76843,7.16,1.05
2011.08.16 02:59:08.675,0.76833,0.76844,1.50,1.80
2011.08.16 02:59:11.707,0.76833,0.76844,2.25,1.05
2011.08.16 02:59:14.166,0.76833,0.7684,1.50,1.88
2011.08.16 02:59:14.515,0.76833,0.76843,2.25,1.05
2011.08.16 02:59:22.645,0.76831,0.76839,2.48,2.17
2011.08.16 02:59:22.984,0.7683,0.76837,1.50,1.42
2011.08.16 02:59:23.095,0.76831,0.76839,2.63,1.42
2011.08.16 02:59:23.325,0.76831,0.76841,2.63,1.42
2011.08.16 02:59:25.584,0.76831,0.76841,1.13,1.80
2011.08.16 02:59:32.755,0.76831,0.76841,3.38,1.42
2011.08.16 02:59:36.334,0.76832,0.76839,2.25,1.13
2011.08.16 02:59:36.458,0.76829,0.76839,6.75,2.55
2011.08.16 02:59:37.009,0.76831,0.76842,2.25,1.05
2011.08.16 02:59:37.874,0.7683,0.76842,4.88,1.05
2011.08.16 02:59:41.357,0.76831,0.76842,1.13,1.05
2011.08.16 02:59:45.366,0.76831,0.76838,1.13,1.42
2011.08.16 02:59:45.596,0.7683,0.76841,1.88,1.05
2011.08.16 02:59:45.825,0.76831,0.76842,1.13,1.42
2011.08.16 02:59:46.167,0.76832,0.76843,3.75,1.05
2011.08.16 02:59:56.758,0.76832,0.76839,1.13,1.42
2011.08.16 02:59:57.338,0.76832,0.76839,1.88,1.42
2011.08.16 02:59:59.989,0.7683,0.76839,3.38,1.42
