2017.01.20 17:00:00.080,1.15042,1.15044,1.00,1.16
2017.01.20 17:00:00.283,1.15043,1.15046,1.50,1.00
2017.01.20 17:00:00.658,1.15043,1.15048,1.00,3.37
2017.01.20 17:00:01.113,1.15047,1.15048,1.00,1.12
2017.01.20 17:00:01.366,1.1505,1.15054,1.00,1.12
2017.01.20 17:00:02.019,1.1505,1.15055,1.50,1.31
2017.01.20 17:00:03.373,1.1505,1.15053,1.00,1.00
2017.01.20 17:00:03.571,1.1505,1.15056,1.00,5.81
2017.01.20 17:00:04.010,1.15052,1.15056,1.50,5.06
2017.01.20 17:00:04.313,1.15057,1.15061,1.50,3.56
2017.01.20 17:00:04.415,1.15057,1.15061,1.00,1.19
2017.01.20 17:00:05.567,1.15054,1.15056,1.00,2.81
2017.01.20 17:00:05.618,1.1505,1.15055,5.62,2.44
2017.01.20 17:00:05.669,1.1505,1.15054,1.50,3.19
2017.01.20 17:00:05.771,1.15048,1.15051,1.00,1.50
2017.01.20 17:00:06.177,1.15048,1.15053,1.50,3.37
2017.01.20 17:00:06.516,1.15051,1.15053,1.00,1.69
2017.01.20 17:00:06.668,1.15051,1.15055,2.62,1.00
2017.01.20 17:00:06.820,1.15053,1.15056,2.25,2.62
2017.01.20 17:00:07.077,1.15056,1.1506,1.12,1.00
2017.01.20 17:00:07.678,1.15057,1.15061,1.00,2.81
2017.01.20 17:00:07.958,1.15061,1.15062,1.00,1.12
2017.01.20 17:00:08.161,1.15061,1.15065,1.00,1.19
2017.01.20 17:00:08.569,1.15062,1.15066,1.00,1.31
2017.01.20 17:00:08.620,1.15065,1.15067,1.00,1.50
2017.01.20 17:00:08.671,1.15064,1.15068,1.50,1.69
2017.01.20 17:00:09.182,1.15065,1.15069,1.00,2.44
2017.01.20 17:00:09.640,1.15067,1.15069,1.00,3.94
2017.01.20 17:00:09.944,1.15077,1.15078,1.00,3.75
2017.01.20 17:00:09.996,1.15077,1.1508,1.00,2.06
2017.01.20 17:00:10.148,1.15075,1.15078,1.12,1.69
2017.01.20 17:00:10.618,1.15076,1.1508,1.00,2.44
2017.01.20 17:00:10.770,1.15079,1.1508,1.00,1.00
2017.01.20 17:00:10.821,1.1508,1.15084,1.50,3.45
2017.01.20 17:00:10.873,1.15082,1.15084,1.00,2.32
2017.01.20 17:00:10.924,1.15084,1.15087,1.50,1.12
2017.01.20 17:00:11.026,1.15085,1.15089,1.00,4.50
2017.01.20 17:00:11.128,1.15087,1.15089,1.00,2.81
2017.01.20 17:00:11.432,1.15098,1.15099,1.12,1.50
2017.01.20 17:00:11.483,1.15099,1.15102,1.50,3.75
2017.01.20 17:00:11.534,1.15094,1.15099,3.00,7.50
2017.01.20 17:00:11.586,1.15096,1.15103,3.00,1.25
2017.01.20 17:00:11.637,1.15097,1.151,1.37,1.50
2017.01.20 17:00:11.953,1.15101,1.15105,1.87,1.87
2017.01.20 17:00:12.066,1.15104,1.15107,1.00,4.87
2017.01.20 17:00:12.117,1.15105,1.15108,1.50,1.69
2017.01.20 17:00:12.269,1.15108,1.15109,1.50,4.31
2017.01.20 17:00:12.573,1.151,1.15101,1.50,3.00
2017.01.20 17:00:12.674,1.15099,1.15101,1.00,1.00
2017.01.20 17:00:12.876,1.15099,1.15102,1.50,2.25
2017.01.20 17:00:13.211,1.1511,1.15113,1.25,1.37
2017.01.20 17:00:13.515,1.15116,1.15118,1.12,1.00
2017.01.20 17:00:13.610,1.15115,1.15121,1.69,4.50
2017.01.20 17:00:13.662,1.15115,1.15118,1.19,1.00
2017.01.20 17:00:13.969,1.15124,1.15126,1.12,9.75
2017.01.20 17:00:14.244,1.15128,1.15129,1.00,1.00
2017.01.20 17:00:14.549,1.15126,1.15127,1.12,1.12
2017.01.20 17:00:14.853,1.15113,1.15114,13.50,1.00
2017.01.20 17:00:14.955,1.15113,1.15115,1.50,3.75
2017.01.20 17:00:15.006,1.15111,1.15115,4.69,3.75
2017.01.20 17:00:15.322,1.15106,1.15109,1.87,1.50
2017.01.20 17:00:15.383,1.15104,1.15106,3.75,1.20
2017.01.20 17:00:15.535,1.15099,1.15103,5.62,4.12
2017.01.20 17:00:15.636,1.15101,1.15103,1.25,4.87
2017.01.20 17:00:15.688,1.15099,1.15103,1.25,4.87
2017.01.20 17:00:15.789,1.151,1.15102,1.69,1.00
2017.01.20 17:00:15.840,1.151,1.15105,2.44,1.87
2017.01.20 17:00:16.664,1.15102,1.15105,1.00,1.00
2017.01.20 17:00:16.794,1.15106,1.15107,1.00,1.50
2017.01.20 17:00:16.947,1.15115,1.15121,2.44,4.87
2017.01.20 17:00:17.067,1.15117,1.15121,1.00,2.25
2017.01.20 17:00:17.220,1.15119,1.15121,1.00,1.00
2017.01.20 17:00:17.523,1.15122,1.15124,1.00,1.45
2017.01.20 17:00:17.675,1.15125,1.15128,1.00,3.00
2017.01.20 17:00:17.777,1.15124,1.15129,4.50,2.62
2017.01.20 17:00:18.293,1.15125,1.15129,1.00,2.25
2017.01.20 17:00:18.423,1.15128,1.1513,1.25,2.25
2017.01.20 17:00:18.474,1.15131,1.15132,1.00,1.00
2017.01.20 17:00:18.525,1.15129,1.1513,1.50,1.00
2017.01.20 17:00:18.716,1.15124,1.15129,5.06,6.00
2017.01.20 17:00:18.818,1.15124,1.15129,1.31,6.75
2017.01.20 17:00:20.137,1.15123,1.15129,2.06,3.75
2017.01.20 17:00:20.658,1.15123,1.15129,1.69,4.50
2017.01.20 17:00:20.767,1.15122,1.15124,1.12,3.25
2017.01.20 17:00:20.971,1.1512,1.15122,1.50,3.75
2017.01.20 17:00:21.022,1.15115,1.1512,1.50,3.00
2017.01.20 17:00:21.123,1.15114,1.1512,1.25,4.50
2017.01.20 17:00:21.435,1.15116,1.1512,1.19,1.50
2017.01.20 17:00:22.366,1.15116,1.15121,2.06,1.20
2017.01.20 17:00:22.619,1.15113,1.15121,3.19,1.87
2017.01.20 17:00:22.831,1.15117,1.15121,1.19,1.50
2017.01.20 17:00:22.882,1.15116,1.1512,1.00,1.12
2017.01.20 17:00:23.388,1.15115,1.15122,1.25,8.47
2017.01.20 17:00:23.548,1.15115,1.15122,1.31,6.75
2017.01.20 17:00:24.180,1.15115,1.1512,2.06,1.00
2017.01.20 17:00:24.699,1.15117,1.15122,1.50,5.62
2017.01.20 17:00:25.595,1.15115,1.15117,1.69,3.25
2017.01.20 17:00:25.647,1.15113,1.15115,1.50,1.00
2017.01.20 17:00:25.720,1.15108,1.15109,3.56,1.35
2017.01.20 17:00:25.789,1.15105,1.15106,9.00,1.00
2017.01.20 17:00:25.841,1.15104,1.15108,4.12,3.00
2017.01.20 17:00:25.943,1.15104,1.15109,1.25,1.37
2017.01.20 17:00:26.184,1.15108,1.15109,1.25,2.25
2017.01.20 17:00:26.337,1.15118,1.1512,1.00,1.30
2017.01.20 17:00:26.489,1.15115,1.15121,1.12,1.87
2017.01.20 17:00:26.540,1.15117,1.1512,4.12,1.00
2017.01.20 17:00:26.641,1.15112,1.15119,4.87,1.50
2017.01.20 17:00:26.742,1.15113,1.1512,1.12,4.50
2017.01.20 17:00:27.248,1.15113,1.15119,1.69,1.50
2017.01.20 17:00:27.451,1.15114,1.1512,1.31,1.12
2017.01.20 17:00:27.649,1.15113,1.15115,1.50,1.00
2017.01.20 17:00:27.954,1.15102,1.15105,7.50,1.00
2017.01.20 17:00:28.055,1.151,1.15105,2.51,1.00
2017.01.20 17:00:28.106,1.15103,1.15106,1.19,1.00
2017.01.20 17:00:28.360,1.15106,1.15109,1.00,2.62
2017.01.20 17:00:28.825,1.15103,1.15109,3.56,2.62
2017.01.20 17:00:29.372,1.15103,1.15109,2.44,3.00
2017.01.20 17:00:30.169,1.15104,1.15109,1.19,1.50
2017.01.20 17:00:30.722,1.15107,1.15111,1.69,4.87
2017.01.20 17:00:31.275,1.15107,1.1511,1.31,1.00
2017.01.20 17:00:31.825,1.15107,1.15111,1.31,1.12
2017.01.20 17:00:32.129,1.15109,1.15113,1.19,1.12
2017.01.20 17:00:32.495,1.15111,1.15116,1.19,4.87
2017.01.20 17:00:32.595,1.15111,1.15117,1.31,3.82
2017.01.20 17:00:33.093,1.15111,1.15115,1.31,1.00
2017.01.20 17:00:33.246,1.15108,1.15114,1.69,3.00
2017.01.20 17:00:33.348,1.15108,1.15113,1.19,2.25
2017.01.20 17:00:33.762,1.15112,1.15115,1.12,5.72
2017.01.20 17:00:33.864,1.15112,1.15115,2.62,1.12
2017.01.20 17:00:34.077,1.15111,1.15117,3.19,2.32
2017.01.20 17:00:34.990,1.15112,1.15117,2.06,2.32
2017.01.20 17:00:35.042,1.15115,1.15117,1.00,1.57
2017.01.20 17:00:35.347,1.15122,1.15125,1.12,1.12
2017.01.20 17:00:35.863,1.1512,1.15126,4.69,1.12
2017.01.20 17:00:36.318,1.15126,1.15127,1.69,1.00
2017.01.20 17:00:36.622,1.1513,1.15132,1.31,1.00
2017.01.20 17:00:36.673,1.1513,1.15134,1.31,1.50
2017.01.20 17:00:36.757,1.1513,1.15136,2.81,1.50
2017.01.20 17:00:36.817,1.15134,1.15136,2.44,1.50
2017.01.20 17:00:36.970,1.1514,1.15143,1.00,2.62
2017.01.20 17:00:37.120,1.15138,1.1514,1.37,1.12
2017.01.20 17:00:37.172,1.15133,1.15137,1.12,2.25
2017.01.20 17:00:37.476,1.15133,1.15136,1.00,1.00
2017.01.20 17:00:37.729,1.15132,1.15134,1.00,1.37
2017.01.20 17:00:37.831,1.15128,1.15132,1.31,1.00
2017.01.20 17:00:38.475,1.15132,1.15133,1.00,1.12
2017.01.20 17:00:38.763,1.15128,1.15133,2.06,1.12
2017.01.20 17:00:39.298,1.15129,1.15135,2.44,3.00
2017.01.20 17:00:39.479,1.15131,1.15135,1.19,3.00
2017.01.20 17:00:39.683,1.15134,1.15139,1.69,1.50
2017.01.20 17:00:40.006,1.15136,1.1514,1.00,2.25
2017.01.20 17:00:40.158,1.15136,1.15141,1.50,1.12
2017.01.20 17:00:40.361,1.15134,1.15139,1.19,1.12
2017.01.20 17:00:41.708,1.15134,1.15141,3.19,2.62
2017.01.20 17:00:42.450,1.15137,1.15141,1.00,1.12
2017.01.20 17:00:43.193,1.15137,1.15142,1.69,2.62
2017.01.20 17:00:43.577,1.15136,1.1514,1.19,1.50
2017.01.20 17:00:43.920,1.1513,1.15134,4.12,2.62
2017.01.20 17:00:43.971,1.15129,1.15133,1.25,1.50
2017.01.20 17:00:44.022,1.15129,1.1513,1.00,1.00
2017.01.20 17:00:44.174,1.15128,1.15133,1.25,2.62
2017.01.20 17:00:44.376,1.15128,1.15134,2.06,2.62
2017.01.20 17:00:44.881,1.1513,1.15135,1.00,3.75
2017.01.20 17:00:45.417,1.15129,1.15135,1.00,4.50
2017.01.20 17:00:45.927,1.1513,1.15135,1.00,4.50
2017.01.20 17:00:46.464,1.15129,1.15131,1.50,1.00
2017.01.20 17:00:46.826,1.15125,1.15128,4.31,1.00
2017.01.20 17:00:46.877,1.15124,1.15129,2.06,3.00
2017.01.20 17:00:47.618,1.15126,1.15129,1.00,3.75
2017.01.20 17:00:49.147,1.15127,1.15129,2.29,2.25
2017.01.20 17:00:49.301,1.1513,1.15135,1.25,7.88
2017.01.20 17:00:49.402,1.1513,1.15135,1.25,4.13
2017.01.20 17:00:50.192,1.15129,1.15132,1.12,1.00
2017.01.20 17:00:50.735,1.15128,1.15133,1.69,1.87
2017.01.20 17:00:51.159,1.1513,1.15133,1.00,1.12
2017.01.20 17:00:51.669,1.1513,1.15133,1.69,1.00
2017.01.20 17:00:52.927,1.1513,1.15135,1.69,6.00
2017.01.20 17:00:54.415,1.15129,1.15131,2.44,3.25
2017.01.20 17:00:54.570,1.15126,1.15129,5.81,3.00
2017.01.20 17:00:54.722,1.15124,1.15128,3.19,1.00
2017.01.20 17:00:54.773,1.15122,1.15123,2.25,2.25
2017.01.20 17:00:55.044,1.15121,1.15122,1.87,2.63
2017.01.20 17:00:55.545,1.15118,1.15122,1.00,3.00
2017.01.20 17:00:56.343,1.15117,1.15122,1.31,3.00
2017.01.20 17:00:56.699,1.15116,1.15119,1.54,1.50
2017.01.20 17:00:56.750,1.15115,1.15121,1.69,4.12
2017.01.20 17:00:56.801,1.15117,1.15121,1.19,2.62
2017.01.20 17:00:56.969,1.15118,1.15122,1.69,3.00
2017.01.20 17:00:57.853,1.15121,1.15123,1.00,1.50
2017.01.20 17:00:57.904,1.15121,1.15124,2.44,3.00
2017.01.20 17:00:58.006,1.15121,1.15126,1.31,1.00
2017.01.20 17:00:58.158,1.1512,1.15123,3.00,1.00
2017.01.20 17:00:58.462,1.15117,1.15122,2.10,4.50
2017.01.20 17:00:58.801,1.1512,1.15123,1.25,1.00
2017.01.20 17:00:59.105,1.1512,1.15123,1.31,2.25
2017.01.20 17:00:59.410,1.15114,1.15116,1.50,1.37
2017.01.20 17:00:59.917,1.15114,1.1512,2.06,3.00
2017.01.20 17:01:00.666,1.15114,1.1512,2.06,2.62
2017.01.20 17:01:01.863,1.15117,1.1512,1.00,1.37
2017.01.20 17:01:02.596,1.15114,1.15116,1.36,1.00
2017.01.20 17:01:02.933,1.15107,1.15111,2.06,1.50
2017.01.20 17:01:03.117,1.1511,1.15112,1.19,1.00
2017.01.20 17:01:03.168,1.15112,1.15114,1.19,3.00
2017.01.20 17:01:03.371,1.15111,1.15114,2.06,1.00
2017.01.20 17:01:04.484,1.15111,1.15116,1.00,2.44
2017.01.20 17:01:04.650,1.15113,1.15117,1.00,5.06
2017.01.20 17:01:04.751,1.15113,1.15117,1.07,1.31
2017.01.20 17:01:05.909,1.15113,1.15118,1.37,1.31
2017.01.20 17:01:08.712,1.15111,1.15115,1.12,2.06
2017.01.20 17:01:08.864,1.15108,1.15115,3.56,3.56
2017.01.20 17:01:09.067,1.15111,1.15116,1.25,5.62
2017.01.20 17:01:09.169,1.15111,1.15117,1.31,2.06
2017.01.20 17:01:09.693,1.15111,1.15117,1.00,2.44
2017.01.20 17:01:09.946,1.15108,1.15115,5.44,3.19
2017.01.20 17:01:10.521,1.15108,1.15114,3.94,1.31
2017.01.20 17:01:11.820,1.15107,1.15113,6.18,1.50
2017.01.20 17:01:12.124,1.15102,1.15105,4.87,1.00
2017.01.20 17:01:12.175,1.15101,1.15105,1.31,1.12
2017.01.20 17:01:12.687,1.15099,1.15105,1.30,4.31
2017.01.20 17:01:13.152,1.15099,1.15102,1.95,1.00
2017.01.20 17:01:13.360,1.15096,1.15101,3.37,1.87
2017.01.20 17:01:13.563,1.15097,1.15103,2.25,2.44
2017.01.20 17:01:14.105,1.15097,1.15102,2.17,1.25
2017.01.20 17:01:16.430,1.151,1.15104,1.50,1.87
2017.01.20 17:01:16.582,1.15102,1.15107,1.00,1.31
2017.01.20 17:01:17.093,1.15101,1.15106,1.50,3.37
2017.01.20 17:01:17.609,1.151,1.15105,4.50,1.00
2017.01.20 17:01:18.147,1.15098,1.15101,6.34,1.25
2017.01.20 17:01:18.250,1.15098,1.15101,1.00,3.19
2017.01.20 17:01:18.440,1.15096,1.15101,1.12,3.19
2017.01.20 17:01:18.979,1.15095,1.15101,4.31,1.25
2017.01.20 17:01:19.801,1.15099,1.15102,1.00,4.31
2017.01.20 17:01:19.902,1.151,1.15103,3.75,1.00
2017.01.20 17:01:19.953,1.15102,1.15104,1.50,1.50
2017.01.20 17:01:20.054,1.15104,1.15107,1.00,2.81
2017.01.20 17:01:20.207,1.15104,1.15109,1.12,3.19
2017.01.20 17:01:23.575,1.15108,1.15109,1.00,1.00
2017.01.20 17:01:23.728,1.15107,1.15111,5.25,1.31
2017.01.20 17:01:24.550,1.15107,1.15109,1.00,1.19
2017.01.20 17:01:24.703,1.15101,1.15105,1.87,1.00
2017.01.20 17:01:24.805,1.151,1.15106,7.12,1.69
2017.01.20 17:01:25.308,1.15101,1.15107,1.05,6.56
2017.01.20 17:01:25.880,1.151,1.15106,5.77,1.69
2017.01.20 17:01:26.405,1.15106,1.15107,3.22,1.12
2017.01.20 17:01:26.659,1.15111,1.15114,3.82,1.00
2017.01.20 17:01:26.710,1.15111,1.15117,3.45,2.81
2017.01.20 17:01:26.760,1.15111,1.15115,1.57,1.19
2017.01.20 17:01:26.811,1.15109,1.15114,5.25,1.69
2017.01.20 17:01:26.862,1.15109,1.15112,2.62,1.25
2017.01.20 17:01:26.964,1.15107,1.15112,3.37,1.25
2017.01.20 17:01:28.661,1.15108,1.15113,2.25,2.06
2017.01.20 17:01:28.712,1.1511,1.15113,1.00,1.25
2017.01.20 17:01:28.903,1.1511,1.15116,1.00,4.69
2017.01.20 17:01:30.168,1.1511,1.15114,1.12,1.00
2017.01.20 17:01:30.271,1.15109,1.15112,1.12,1.00
2017.01.20 17:01:30.799,1.15108,1.15113,1.50,1.25
2017.01.20 17:01:31.308,1.15108,1.15112,1.12,1.00
2017.01.20 17:01:31.654,1.15107,1.15111,1.37,1.69
2017.01.20 17:01:31.843,1.15105,1.15109,1.12,1.00
2017.01.20 17:01:31.898,1.15104,1.15106,3.00,1.12
2017.01.20 17:01:32.101,1.15106,1.1511,1.00,1.31
2017.01.20 17:01:33.211,1.15105,1.15109,1.87,1.25
2017.01.20 17:01:33.262,1.15104,1.15107,1.00,1.25
2017.01.20 17:01:33.440,1.15101,1.15107,3.37,2.44
2017.01.20 17:01:33.744,1.15103,1.15107,1.00,1.87
2017.01.20 17:01:34.283,1.15103,1.15109,5.25,2.06
2017.01.20 17:01:34.815,1.15104,1.15109,1.00,2.81
2017.01.20 17:01:35.316,1.15103,1.15108,1.50,1.31
2017.01.20 17:01:36.657,1.15103,1.15109,1.50,3.94
2017.01.20 17:01:36.961,1.15102,1.15107,1.50,3.19
2017.01.20 17:01:37.485,1.15103,1.15107,1.00,1.25
2017.01.20 17:01:38.054,1.15102,1.15107,4.12,1.25
2017.01.20 17:01:38.407,1.15107,1.15108,1.00,2.06
2017.01.20 17:01:38.458,1.15107,1.15109,1.00,1.00
2017.01.20 17:01:38.555,1.15109,1.1511,1.50,1.50
2017.01.20 17:01:38.707,1.15109,1.15113,2.62,1.25
2017.01.20 17:01:43.070,1.15109,1.15113,3.75,1.00
2017.01.20 17:01:45.967,1.1511,1.15112,1.00,1.05
2017.01.20 17:01:46.069,1.15107,1.15109,1.50,1.00
2017.01.20 17:01:46.122,1.15106,1.15111,2.25,5.06
2017.01.20 17:01:46.206,1.15104,1.15109,3.75,3.94
2017.01.20 17:01:46.554,1.15109,1.1511,1.50,2.62
2017.01.20 17:01:46.605,1.15109,1.1511,1.50,1.12
2017.01.20 17:01:46.707,1.15109,1.15113,3.00,1.00
2017.01.20 17:01:47.056,1.15112,1.15114,1.00,1.00
2017.01.20 17:01:47.210,1.15119,1.15123,2.25,1.37
2017.01.20 17:01:47.312,1.15119,1.15125,3.75,3.56
2017.01.20 17:01:48.919,1.15121,1.15124,1.00,1.25
2017.01.20 17:01:49.185,1.15118,1.15122,3.37,1.69
2017.01.20 17:01:49.489,1.15112,1.15115,1.37,1.12
2017.01.20 17:01:49.660,1.15112,1.15119,3.75,11.44
2017.01.20 17:01:50.007,1.15117,1.1512,1.00,5.66
2017.01.20 17:01:50.108,1.15116,1.15122,3.75,1.69
2017.01.20 17:01:50.625,1.15117,1.15122,1.12,1.69
2017.01.20 17:01:52.321,1.15116,1.1512,3.37,2.10
2017.01.20 17:01:52.851,1.15117,1.15122,1.00,6.33
2017.01.20 17:01:54.890,1.15118,1.15122,1.00,5.29
2017.01.20 17:01:55.206,1.15119,1.15122,1.75,5.29
2017.01.20 17:01:55.358,1.15115,1.1512,1.87,4.54
2017.01.20 17:01:55.801,1.15112,1.15114,4.50,1.19
2017.01.20 17:01:55.853,1.15109,1.15114,4.87,5.06
2017.01.20 17:01:55.954,1.15109,1.15113,1.00,2.44
2017.01.20 17:01:57.248,1.15108,1.15113,1.50,2.81
2017.01.20 17:01:57.443,1.1511,1.15113,1.00,2.44
2017.01.20 17:01:57.767,1.15119,1.15121,1.00,1.12
2017.01.20 17:01:59.474,1.1512,1.15121,1.87,1.25
2017.01.20 17:02:01.534,1.15121,1.15123,1.00,2.06
2017.01.20 17:02:01.782,1.15127,1.15129,1.00,11.29
2017.01.20 17:02:01.833,1.15128,1.15129,1.50,1.50
2017.01.20 17:02:01.938,1.15129,1.15132,1.00,3.41
2017.01.20 17:02:04.630,1.1513,1.15132,1.00,3.79
2017.01.20 17:02:04.681,1.15127,1.1513,1.87,3.04
2017.01.20 17:02:04.783,1.15125,1.15129,2.62,1.25
2017.01.20 17:02:04.885,1.15123,1.15128,3.37,1.00
2017.01.20 17:02:05.088,1.15122,1.15126,4.12,1.00
2017.01.20 17:02:05.389,1.15125,1.15128,1.00,1.69
2017.01.20 17:02:05.931,1.15124,1.15129,1.50,4.31
2017.01.20 17:02:06.623,1.15125,1.15129,1.00,3.56
2017.01.20 17:02:07.054,1.15127,1.15129,1.00,1.31
2017.01.20 17:02:07.217,1.15129,1.1513,1.00,1.25
2017.01.20 17:02:08.317,1.1513,1.15131,1.00,1.25
2017.01.20 17:02:08.924,1.15129,1.15131,2.25,1.19
2017.01.20 17:02:09.470,1.1513,1.15131,1.50,1.25
2017.01.20 17:02:10.195,1.15129,1.15131,2.25,1.19
2017.01.20 17:02:10.744,1.15129,1.15132,1.50,4.54
2017.01.20 17:02:11.018,1.15126,1.1513,2.62,2.10
2017.01.20 17:02:11.761,1.15128,1.1513,1.00,2.10
2017.01.20 17:02:12.288,1.15127,1.1513,2.25,2.10
2017.01.20 17:02:13.841,1.15127,1.15131,1.50,2.29
2017.01.20 17:02:14.144,1.1513,1.15133,1.50,1.12
2017.01.20 17:02:15.513,1.15132,1.15133,1.00,2.85
2017.01.20 17:02:16.048,1.15132,1.15134,1.87,1.00
2017.01.20 17:02:16.352,1.15138,1.15142,2.62,7.16
2017.01.20 17:02:16.992,1.15144,1.15146,1.50,7.31
2017.01.20 17:02:17.527,1.15145,1.15147,1.37,1.25
2017.01.20 17:02:18.015,1.15147,1.15148,3.37,5.25
2017.01.20 17:02:18.282,1.15156,1.15159,1.00,1.00
2017.01.20 17:02:18.334,1.15159,1.15161,1.12,1.25
2017.01.20 17:02:18.640,1.15163,1.15166,3.00,3.75
2017.01.20 17:02:18.691,1.15163,1.15167,3.00,1.00
2017.01.20 17:02:18.742,1.15167,1.15168,1.00,2.25
2017.01.20 17:02:19.047,1.15161,1.15163,4.50,3.94
2017.01.20 17:02:19.098,1.15161,1.15163,1.00,3.94
2017.01.20 17:02:19.317,1.15161,1.15163,1.12,2.44
2017.01.20 17:02:19.368,1.15163,1.15165,6.75,1.50
2017.01.20 17:02:19.419,1.15165,1.15166,3.19,1.00
2017.01.20 17:02:19.571,1.15177,1.15179,1.00,5.62
2017.01.20 17:02:19.723,1.15179,1.15181,1.00,1.50
2017.01.20 17:02:19.774,1.15179,1.15183,1.00,5.70
2017.01.20 17:02:19.877,1.15172,1.15175,1.12,1.00
2017.01.20 17:02:20.401,1.15171,1.15173,1.50,3.75
2017.01.20 17:02:20.728,1.15175,1.15177,1.50,3.75
2017.01.20 17:02:21.035,1.15171,1.15172,1.50,3.37
2017.01.20 17:02:21.375,1.15168,1.1517,6.00,1.50
2017.01.20 17:02:21.680,1.15157,1.15158,8.81,1.00
2017.01.20 17:02:21.731,1.15158,1.15162,1.50,3.37
2017.01.20 17:02:21.833,1.15162,1.15163,1.50,4.39
2017.01.20 17:02:21.934,1.15163,1.15168,3.19,3.75
2017.01.20 17:02:22.036,1.15163,1.15168,2.62,1.69
2017.01.20 17:02:22.670,1.15165,1.1517,1.87,1.69
2017.01.20 17:02:23.075,1.15165,1.15168,1.00,1.00
2017.01.20 17:02:23.278,1.15163,1.15167,1.12,1.12
2017.01.20 17:02:23.469,1.15161,1.15163,1.12,1.00
2017.01.20 17:02:23.672,1.15163,1.15166,1.00,1.12
2017.01.20 17:02:23.774,1.15164,1.15169,2.06,4.31
2017.01.20 17:02:23.882,1.15164,1.1517,3.19,2.06
2017.01.20 17:02:24.403,1.15165,1.1517,1.37,2.81
2017.01.20 17:02:24.998,1.15164,1.15169,1.69,1.00
2017.01.20 17:02:25.302,1.15169,1.15171,1.00,6.37
2017.01.20 17:02:25.404,1.1517,1.15172,1.25,1.00
2017.01.20 17:02:25.456,1.15172,1.15175,1.50,1.50
2017.01.20 17:02:25.760,1.15175,1.15179,1.50,1.31
2017.01.20 17:02:25.810,1.15172,1.15177,3.37,1.19
2017.01.20 17:02:25.862,1.15171,1.15175,1.87,1.50
2017.01.20 17:02:26.317,1.15173,1.15177,1.19,2.25
2017.01.20 17:02:26.419,1.15171,1.15177,2.35,1.50
2017.01.20 17:02:26.471,1.15175,1.15177,1.00,1.00
2017.01.20 17:02:26.623,1.15175,1.15181,1.50,3.37
2017.01.20 17:02:26.775,1.15175,1.1518,1.00,5.10
2017.01.20 17:02:27.124,1.15162,1.15165,7.50,1.00
2017.01.20 17:02:27.220,1.15158,1.15165,3.94,2.44
2017.01.20 17:02:27.322,1.1516,1.15166,1.00,3.94
2017.01.20 17:02:27.424,1.15162,1.15166,1.25,3.00
2017.01.20 17:02:27.736,1.15167,1.1517,1.50,1.00
2017.01.20 17:02:28.243,1.15167,1.15176,22.50,1.57
2017.01.20 17:02:28.788,1.15168,1.15176,1.00,1.57
2017.01.20 17:02:29.077,1.15173,1.15177,1.00,1.50
2017.01.20 17:02:29.229,1.15173,1.15179,1.87,2.06
2017.01.20 17:02:30.602,1.15174,1.1518,1.00,4.69
2017.01.20 17:02:30.810,1.15176,1.1518,1.50,1.69
2017.01.20 17:02:31.330,1.15175,1.1518,2.62,1.19
2017.01.20 17:02:31.635,1.15175,1.15177,8.99,1.25
2017.01.20 17:02:31.737,1.15175,1.15178,2.25,1.00
2017.01.20 17:02:31.838,1.15174,1.1518,1.50,4.31
2017.01.20 17:02:31.972,1.15174,1.15181,1.87,3.94
2017.01.20 17:02:32.487,1.15174,1.15181,2.44,5.44
2017.01.20 17:02:33.773,1.15175,1.15181,1.50,4.69
2017.01.20 17:02:33.914,1.15175,1.15181,2.44,3.75
2017.01.20 17:02:33.987,1.15176,1.15182,1.31,1.87
2017.01.20 17:02:35.349,1.15179,1.15183,1.25,1.12
2017.01.20 17:02:35.751,1.15175,1.15181,4.31,1.50
2017.01.20 17:02:35.802,1.15174,1.15181,7.24,1.50
2017.01.20 17:02:36.921,1.15181,1.15182,1.00,1.12
2017.01.20 17:02:37.074,1.1518,1.15186,1.69,1.20
2017.01.20 17:02:37.589,1.1518,1.15185,2.44,1.00
2017.01.20 17:02:38.116,1.1518,1.15186,1.69,2.02
2017.01.20 17:02:40.688,1.15184,1.15187,1.00,1.31
2017.01.20 17:02:41.093,1.15182,1.15187,3.37,1.19
2017.01.20 17:02:41.144,1.15183,1.15188,1.25,1.12
2017.01.20 17:02:41.433,1.15186,1.15188,1.00,1.00
2017.01.20 17:02:41.585,1.15186,1.15191,1.50,2.06
2017.01.20 17:02:41.940,1.15188,1.15191,1.50,1.50
2017.01.20 17:02:42.244,1.15189,1.15193,2.25,1.19
2017.01.20 17:02:42.438,1.15189,1.15192,1.00,3.94
2017.01.20 17:02:42.489,1.15185,1.15191,1.75,3.75
2017.01.20 17:02:42.591,1.15184,1.1519,1.00,3.07
2017.01.20 17:02:42.693,1.15183,1.1519,1.69,11.92
2017.01.20 17:02:43.199,1.15186,1.1519,1.00,8.43
2017.01.20 17:02:43.504,1.15192,1.15197,1.50,5.06
2017.01.20 17:02:43.606,1.15192,1.15197,3.00,1.31
2017.01.20 17:02:43.787,1.15194,1.15198,1.00,1.54
2017.01.20 17:02:43.909,1.15192,1.15198,1.50,3.19
2017.01.20 17:02:44.415,1.15193,1.15198,3.07,1.19
2017.01.20 17:02:44.567,1.15197,1.15199,1.00,1.12
2017.01.20 17:02:44.872,1.15191,1.15194,4.57,1.62
2017.01.20 17:02:45.191,1.15198,1.15201,1.00,1.72
2017.01.20 17:02:45.343,1.15196,1.15201,4.05,2.66
2017.01.20 17:02:45.445,1.15195,1.15196,2.92,2.25
2017.01.20 17:02:45.750,1.15185,1.15187,3.75,1.00
2017.01.20 17:02:45.802,1.15181,1.15184,2.62,1.00
2017.01.20 17:02:46.004,1.15181,1.15184,1.12,1.00
2017.01.20 17:02:46.055,1.15183,1.15184,1.00,1.00
2017.01.20 17:02:46.106,1.15183,1.15188,1.87,3.75
2017.01.20 17:02:46.582,1.15185,1.15188,1.12,1.50
2017.01.20 17:02:46.886,1.15197,1.15198,1.00,1.00
2017.01.20 17:02:46.988,1.15197,1.15202,1.50,8.62
2017.01.20 17:02:47.187,1.15194,1.15196,1.50,2.70
2017.01.20 17:02:47.290,1.1519,1.15195,2.06,4.12
2017.01.20 17:02:47.529,1.15194,1.15197,1.19,16.72
2017.01.20 17:02:47.602,1.15194,1.15198,6.56,7.49
2017.01.20 17:02:47.653,1.15197,1.152,1.00,2.10
2017.01.20 17:02:47.705,1.15197,1.152,1.00,2.85
2017.01.20 17:02:47.857,1.15196,1.15201,1.62,6.22
2017.01.20 17:02:48.382,1.15195,1.152,2.81,4.35
2017.01.20 17:02:48.893,1.15195,1.15201,2.81,3.37
2017.01.20 17:02:49.210,1.15193,1.15196,1.50,1.12
2017.01.20 17:02:49.312,1.1519,1.15195,2.44,5.62
2017.01.20 17:02:49.565,1.1519,1.15193,1.19,1.00
2017.01.20 17:02:49.919,1.15192,1.15194,1.19,1.12
2017.01.20 17:02:50.477,1.15185,1.1519,1.69,1.37
2017.01.20 17:02:50.528,1.15185,1.1519,1.69,1.12
2017.01.20 17:02:50.832,1.15189,1.15191,1.00,1.50
2017.01.20 17:02:50.984,1.15188,1.15194,3.94,1.50
2017.01.20 17:02:51.138,1.15187,1.15192,5.81,1.00
2017.01.20 17:02:51.189,1.15186,1.15192,2.44,1.00
2017.01.20 17:02:52.081,1.15188,1.15192,1.25,1.00
2017.01.20 17:02:52.132,1.1519,1.15192,1.69,1.00
2017.01.20 17:02:52.234,1.15192,1.15195,1.00,4.50
2017.01.20 17:02:52.286,1.15194,1.15196,1.00,3.00
2017.01.20 17:02:52.388,1.15196,1.15198,1.25,1.00
2017.01.20 17:02:52.488,1.15197,1.15199,1.00,1.00
2017.01.20 17:02:52.820,1.15196,1.15198,1.69,1.50
2017.01.20 17:02:53.209,1.1519,1.15193,1.25,1.00
2017.01.20 17:02:53.668,1.1519,1.15195,1.25,1.50
2017.01.20 17:02:53.820,1.15192,1.15196,1.00,3.00
2017.01.20 17:02:54.023,1.15193,1.15198,2.44,1.50
2017.01.20 17:02:54.147,1.15191,1.15192,1.12,1.00
2017.01.20 17:02:54.467,1.15186,1.15188,1.00,1.50
2017.01.20 17:02:54.518,1.15182,1.15187,2.44,1.87
2017.01.20 17:02:54.671,1.15181,1.15182,1.87,1.00
2017.01.20 17:02:54.976,1.15183,1.15185,1.25,3.75
2017.01.20 17:02:55.028,1.15184,1.15186,1.19,1.00
2017.01.20 17:02:55.383,1.15182,1.15185,3.19,1.50
2017.01.20 17:02:55.433,1.15183,1.15185,1.50,1.00
2017.01.20 17:02:55.535,1.1518,1.15185,3.19,1.00
2017.01.20 17:02:56.103,1.1518,1.15186,2.81,1.39
2017.01.20 17:02:56.305,1.15185,1.15188,1.00,1.12
2017.01.20 17:02:56.508,1.15187,1.15192,1.69,1.12
2017.01.20 17:02:57.019,1.15189,1.15192,1.00,1.00
2017.01.20 17:02:57.124,1.15189,1.1519,1.00,1.00
2017.01.20 17:02:57.328,1.1518,1.15183,1.69,1.00
2017.01.20 17:02:57.563,1.1518,1.15185,1.69,1.12
2017.01.20 17:02:57.664,1.15182,1.15187,1.00,1.87
2017.01.20 17:02:58.162,1.1518,1.15185,8.44,1.50
2017.01.20 17:02:58.314,1.15177,1.15182,3.56,3.37
2017.01.20 17:02:58.365,1.15178,1.15179,1.25,1.00
2017.01.20 17:02:58.416,1.15175,1.15179,5.06,1.00
2017.01.20 17:02:58.979,1.15175,1.15179,2.06,1.00
2017.01.20 17:02:59.529,1.15177,1.15181,1.25,1.00
2017.01.20 17:02:59.630,1.15178,1.15182,1.69,3.37
2017.01.20 17:02:59.732,1.15178,1.15183,2.81,2.25
2017.01.20 17:02:59.912,1.15178,1.15181,2.81,1.00
2017.01.20 17:03:00.446,1.15176,1.15179,2.81,1.00
2017.01.20 17:03:00.497,1.15177,1.15182,1.62,4.87
2017.01.20 17:03:00.599,1.1518,1.15184,1.00,4.12
2017.01.20 17:03:00.752,1.15182,1.15186,1.25,1.00
2017.01.20 17:03:02.397,1.15181,1.15182,1.87,1.00
2017.01.20 17:03:02.528,1.15176,1.15179,1.00,1.00
2017.01.20 17:03:03.115,1.15175,1.15179,1.50,1.00
2017.01.20 17:03:04.175,1.15175,1.15177,1.50,1.00
2017.01.20 17:03:04.690,1.15176,1.15178,1.50,1.50
2017.01.20 17:03:05.132,1.15175,1.1518,1.87,1.25
2017.01.20 17:03:05.234,1.15177,1.1518,1.00,1.00
2017.01.20 17:03:05.607,1.15176,1.15178,2.06,1.00
2017.01.20 17:03:05.917,1.15174,1.15177,1.62,1.00
2017.01.20 17:03:06.424,1.15173,1.15176,2.81,1.00
2017.01.20 17:03:06.831,1.15171,1.15173,3.00,1.19
2017.01.20 17:03:06.882,1.15169,1.1517,2.62,1.50
2017.01.20 17:03:06.985,1.15168,1.15169,4.50,1.00
2017.01.20 17:03:07.087,1.15169,1.15173,1.87,1.37
2017.01.20 17:03:07.290,1.15169,1.15174,2.62,1.69
2017.01.20 17:03:07.874,1.15172,1.15175,1.00,3.75
2017.01.20 17:03:08.077,1.15174,1.15177,1.50,1.00
2017.01.20 17:03:08.482,1.15173,1.15174,1.00,1.00
2017.01.20 17:03:08.817,1.15164,1.15166,1.50,2.25
2017.01.20 17:03:08.901,1.15157,1.15161,4.87,1.50
2017.01.20 17:03:09.078,1.15159,1.15163,1.00,1.12
2017.01.20 17:03:09.130,1.15164,1.15166,2.10,10.12
2017.01.20 17:03:09.232,1.15166,1.15168,1.50,1.00
2017.01.20 17:03:09.486,1.1516,1.15163,1.50,1.00
2017.01.20 17:03:09.537,1.15159,1.15161,2.25,1.00
2017.01.20 17:03:09.638,1.15156,1.15161,2.81,1.00
2017.01.20 17:03:10.188,1.15155,1.15156,1.00,1.00
2017.01.20 17:03:10.341,1.15152,1.15155,1.19,1.00
2017.01.20 17:03:10.798,1.15152,1.15154,1.00,1.37
2017.01.20 17:03:11.116,1.15165,1.1517,1.75,13.96
2017.01.20 17:03:11.168,1.15166,1.15168,1.00,1.00
2017.01.20 17:03:11.220,1.15166,1.15169,1.00,1.12
2017.01.20 17:03:11.272,1.15163,1.15167,1.69,1.00
2017.01.20 17:03:11.323,1.15162,1.15167,2.44,1.12
2017.01.20 17:03:11.375,1.15161,1.15165,1.31,1.12
2017.01.20 17:03:11.780,1.15159,1.15161,1.00,1.00
2017.01.20 17:03:12.085,1.15155,1.15161,1.69,2.25
2017.01.20 17:03:13.278,1.15154,1.15157,1.69,1.50
2017.01.20 17:03:13.330,1.15153,1.15155,1.00,1.00
2017.01.20 17:03:13.432,1.15155,1.15157,1.25,1.00
2017.01.20 17:03:13.744,1.15149,1.15152,7.50,2.25
2017.01.20 17:03:13.952,1.15147,1.15151,1.19,1.87
2017.01.20 17:03:14.263,1.15146,1.15147,4.12,1.00
2017.01.20 17:03:14.365,1.15141,1.15146,5.81,1.00
2017.01.20 17:03:14.416,1.15141,1.15146,1.31,1.12
2017.01.20 17:03:15.021,1.15141,1.15146,1.25,1.87
2017.01.20 17:03:15.072,1.1514,1.15143,1.50,2.25
2017.01.20 17:03:15.391,1.15133,1.15136,1.87,1.87
2017.01.20 17:03:15.442,1.15131,1.15133,1.12,1.00
2017.01.20 17:03:15.567,1.15132,1.15134,1.00,2.25
2017.01.20 17:03:15.874,1.15147,1.15149,2.12,2.25
2017.01.20 17:03:15.976,1.15147,1.15151,1.75,1.12
2017.01.20 17:03:16.229,1.15146,1.15148,1.00,1.00
2017.01.20 17:03:16.280,1.15145,1.15147,1.32,1.00
2017.01.20 17:03:16.333,1.15142,1.15143,4.87,1.00
2017.01.20 17:03:16.420,1.15137,1.15143,5.11,1.69
2017.01.20 17:03:16.735,1.15142,1.15143,1.00,1.00
2017.01.20 17:03:16.938,1.15144,1.15148,1.00,1.31
2017.01.20 17:03:16.990,1.15143,1.15146,1.87,1.00
2017.01.20 17:03:17.142,1.1514,1.15146,2.81,2.06
2017.01.20 17:03:17.294,1.1514,1.15144,2.81,1.00
2017.01.20 17:03:17.901,1.15138,1.15141,8.81,1.50
2017.01.20 17:03:18.004,1.15138,1.1514,1.00,1.25
2017.01.20 17:03:18.088,1.15135,1.1514,1.37,1.31
2017.01.20 17:03:18.279,1.15134,1.1514,2.81,1.69
2017.01.20 17:03:18.434,1.15138,1.15141,2.70,4.87
2017.01.20 17:03:18.590,1.15138,1.15143,1.50,1.69
2017.01.20 17:03:18.743,1.15137,1.1514,2.06,1.00
2017.01.20 17:03:18.997,1.15134,1.1514,1.87,3.19
2017.01.20 17:03:19.762,1.15134,1.1514,1.87,3.19
2017.01.20 17:03:19.864,1.15134,1.1514,1.50,3.19
2017.01.20 17:03:21.925,1.15136,1.15141,1.50,8.14
2017.01.20 17:03:21.976,1.15138,1.15141,2.70,4.87
2017.01.20 17:03:22.073,1.15138,1.15141,1.37,1.12
2017.01.20 17:03:22.326,1.15138,1.1514,7.69,1.37
2017.01.20 17:03:22.428,1.1514,1.15146,1.50,5.81
2017.01.20 17:03:22.497,1.15142,1.15146,2.25,4.87
2017.01.20 17:03:22.607,1.15143,1.15147,2.44,1.12
2017.01.20 17:03:22.760,1.15143,1.15145,1.00,1.00
2017.01.20 17:03:22.811,1.1514,1.15145,2.47,1.50
2017.01.20 17:03:23.329,1.15142,1.15146,1.50,1.57
2017.01.20 17:03:23.431,1.15142,1.15147,2.25,2.06
2017.01.20 17:03:23.966,1.15142,1.15147,1.00,3.19
2017.01.20 17:03:24.568,1.15141,1.15147,2.25,3.94
2017.01.20 17:03:25.168,1.15142,1.15147,1.50,1.31
2017.01.20 17:03:26.640,1.15149,1.1515,1.00,9.19
2017.01.20 17:03:26.742,1.15149,1.15151,2.44,1.00
2017.01.20 17:03:26.793,1.15149,1.15153,1.31,1.00
2017.01.20 17:03:27.016,1.15146,1.15153,5.62,4.69
2017.01.20 17:03:27.488,1.1515,1.15154,1.00,5.62
2017.01.20 17:03:27.640,1.1515,1.15155,1.00,2.81
2017.01.20 17:03:27.741,1.15149,1.15154,1.31,2.25
2017.01.20 17:03:28.047,1.15146,1.15151,1.31,2.44
2017.01.20 17:03:28.438,1.15147,1.15152,2.25,1.31
2017.01.20 17:03:28.489,1.15147,1.15151,1.00,1.69
2017.01.20 17:03:28.591,1.15144,1.1515,2.81,3.56
2017.01.20 17:03:28.642,1.15144,1.15147,1.00,1.00
2017.01.20 17:03:28.745,1.1514,1.15145,1.69,1.00
2017.01.20 17:03:29.257,1.1514,1.15145,1.25,2.25
2017.01.20 17:03:29.308,1.15144,1.15146,1.00,2.81
2017.01.20 17:03:29.511,1.15147,1.15151,2.25,1.31
2017.01.20 17:03:30.330,1.15146,1.1515,5.25,1.35
2017.01.20 17:03:30.406,1.15145,1.15147,1.87,1.25
2017.01.20 17:03:30.661,1.15136,1.1514,1.00,1.00
2017.01.20 17:03:31.169,1.15136,1.15143,4.12,5.44
2017.01.20 17:03:31.577,1.15139,1.15143,3.00,2.25
2017.01.20 17:03:31.729,1.15143,1.15148,1.50,1.31
2017.01.20 17:03:32.237,1.15144,1.15147,1.00,3.00
2017.01.20 17:03:32.644,1.15148,1.15152,3.37,1.25
2017.01.20 17:03:32.698,1.15149,1.15155,2.06,2.44
2017.01.20 17:03:32.804,1.15153,1.15155,1.00,1.50
2017.01.20 17:03:32.906,1.15155,1.15157,2.25,1.50
2017.01.20 17:03:33.007,1.15155,1.15161,4.50,3.37
2017.01.20 17:03:33.210,1.15155,1.15159,1.00,1.72
2017.01.20 17:03:33.544,1.15153,1.15157,6.56,1.00
2017.01.20 17:03:33.646,1.15151,1.15157,2.25,4.50
2017.01.20 17:03:34.103,1.15151,1.15155,4.50,1.05
2017.01.20 17:03:34.407,1.15158,1.15162,1.12,6.56
2017.01.20 17:03:34.559,1.15158,1.15162,3.75,1.25
2017.01.20 17:03:35.015,1.15156,1.1516,1.50,2.44
2017.01.20 17:03:35.320,1.15156,1.15159,1.00,1.50
2017.01.20 17:03:35.513,1.15154,1.15159,2.44,1.50
2017.01.20 17:03:36.009,1.15152,1.15157,3.37,1.25
2017.01.20 17:03:36.112,1.15151,1.15155,1.12,1.25
2017.01.20 17:03:36.597,1.15149,1.15154,1.74,1.12
2017.01.20 17:03:37.191,1.15152,1.15154,1.69,1.12
2017.01.20 17:03:37.344,1.15154,1.15158,1.31,2.62
2017.01.20 17:03:37.441,1.15156,1.15161,1.87,1.69
2017.01.20 17:03:37.744,1.15154,1.15159,1.69,1.12
2017.01.20 17:03:39.531,1.15154,1.15159,1.00,2.92
2017.01.20 17:03:39.634,1.15153,1.15156,1.00,1.25
2017.01.20 17:03:39.941,1.15155,1.1516,1.87,1.69
2017.01.20 17:03:40.245,1.15156,1.15161,1.25,1.12
2017.01.20 17:03:41.875,1.15156,1.15162,2.25,1.69
2017.01.20 17:03:42.152,1.15161,1.15166,1.00,18.56
2017.01.20 17:03:42.204,1.15162,1.15163,1.00,1.12
2017.01.20 17:03:42.255,1.15164,1.15166,1.48,2.25
2017.01.20 17:03:42.513,1.15169,1.1517,1.00,1.87
2017.01.20 17:03:42.564,1.15171,1.15172,1.00,1.12
2017.01.20 17:03:42.666,1.15174,1.15176,1.00,1.50
2017.01.20 17:03:42.844,1.15173,1.15177,1.50,1.12
2017.01.20 17:03:43.089,1.15172,1.15174,1.50,1.00
2017.01.20 17:03:43.191,1.15169,1.15173,2.80,1.00
2017.01.20 17:03:43.496,1.15171,1.15173,1.00,1.12
2017.01.20 17:03:43.800,1.15175,1.15177,1.00,1.00
2017.01.20 17:03:44.671,1.15175,1.1518,1.50,2.44
2017.01.20 17:03:44.945,1.15174,1.15177,2.62,1.00
2017.01.20 17:03:46.387,1.15174,1.15176,1.00,1.00
2017.01.20 17:03:46.489,1.15172,1.15176,1.50,1.50
2017.01.20 17:03:46.590,1.15172,1.15173,1.00,1.00
2017.01.20 17:03:46.692,1.15169,1.15173,2.10,1.50
2017.01.20 17:03:46.793,1.1517,1.15174,1.60,2.06
2017.01.20 17:03:47.101,1.15174,1.15179,2.81,2.25
2017.01.20 17:03:47.253,1.15173,1.15176,4.69,1.00
2017.01.20 17:03:47.589,1.15171,1.15172,1.50,1.50
2017.01.20 17:03:48.217,1.15172,1.15174,3.79,4.50
2017.01.20 17:03:48.268,1.15175,1.15176,1.69,1.50
2017.01.20 17:03:48.590,1.1518,1.15182,1.00,2.44
2017.01.20 17:03:48.745,1.15186,1.15187,1.00,3.75
2017.01.20 17:03:48.855,1.15188,1.15191,1.50,4.99
2017.01.20 17:03:48.907,1.15189,1.15191,1.50,1.31
2017.01.20 17:03:49.238,1.15186,1.15187,1.00,1.69
2017.01.20 17:03:49.289,1.15184,1.15187,1.50,2.59
2017.01.20 17:03:49.569,1.15185,1.15188,1.50,8.10
2017.01.20 17:03:49.772,1.15194,1.15196,1.00,2.66
2017.01.20 17:03:49.823,1.15191,1.15193,1.50,1.00
2017.01.20 17:03:49.874,1.15191,1.15192,1.87,1.00
2017.01.20 17:03:49.975,1.15194,1.15195,1.00,7.09
2017.01.20 17:03:50.251,1.15191,1.15194,1.50,1.87
2017.01.20 17:03:50.403,1.15188,1.15189,1.00,1.00
2017.01.20 17:03:50.707,1.15192,1.15194,2.25,1.00
2017.01.20 17:03:50.758,1.15196,1.15197,1.00,1.31
2017.01.20 17:03:51.133,1.15191,1.15194,5.25,2.44
2017.01.20 17:03:51.184,1.1519,1.15192,2.25,1.25
2017.01.20 17:03:51.235,1.1519,1.15192,1.37,2.06
2017.01.20 17:03:51.428,1.15186,1.15188,1.00,1.69
2017.01.20 17:03:51.682,1.15186,1.15192,1.50,12.52
2017.01.20 17:03:51.835,1.15189,1.15192,1.00,8.25
2017.01.20 17:03:51.886,1.1519,1.15194,1.00,7.31
2017.01.20 17:03:51.938,1.15192,1.15193,1.00,1.00
2017.01.20 17:03:52.091,1.15193,1.15197,1.50,1.31
2017.01.20 17:03:52.192,1.15192,1.15195,1.00,1.19
2017.01.20 17:03:52.395,1.15189,1.15194,1.12,3.19
2017.01.20 17:03:52.626,1.15191,1.15194,1.00,3.19
2017.01.20 17:03:52.930,1.15196,1.15197,1.00,1.12
2017.01.20 17:03:53.183,1.15194,1.15197,1.00,1.12
2017.01.20 17:03:53.689,1.15193,1.15197,2.25,1.87
2017.01.20 17:03:53.791,1.15191,1.15196,1.00,7.31
2017.01.20 17:03:54.159,1.15189,1.15194,1.87,1.69
2017.01.20 17:03:54.501,1.15192,1.15195,1.00,5.06
2017.01.20 17:03:55.007,1.1519,1.15195,1.50,1.69
2017.01.20 17:03:56.014,1.1519,1.15193,1.87,1.00
2017.01.20 17:03:56.116,1.15188,1.15193,1.69,1.87
2017.01.20 17:03:56.624,1.15189,1.15192,1.00,1.12
2017.01.20 17:03:57.130,1.15188,1.15192,1.69,1.12
2017.01.20 17:03:58.373,1.15188,1.15191,1.69,1.00
2017.01.20 17:03:58.526,1.15186,1.15191,1.00,2.81
2017.01.20 17:03:58.917,1.15185,1.15188,1.12,3.19
2017.01.20 17:03:59.071,1.15182,1.15187,1.00,3.19
2017.01.20 17:03:59.590,1.15181,1.15187,1.50,3.56
2017.01.20 17:04:00.141,1.15182,1.15187,1.00,2.06
2017.01.20 17:04:00.765,1.15181,1.15186,1.87,2.06
2017.01.20 17:04:01.499,1.1518,1.15185,3.94,1.00
2017.01.20 17:04:02.059,1.1518,1.15186,4.69,1.69
2017.01.20 17:04:03.774,1.15182,1.15188,1.00,8.06
2017.01.20 17:04:03.921,1.15186,1.15188,1.00,3.00
2017.01.20 17:04:04.124,1.15189,1.15192,1.00,1.31
2017.01.20 17:04:04.226,1.15187,1.15192,1.16,1.31
2017.01.20 17:04:04.750,1.15188,1.15191,3.00,1.00
2017.01.20 17:04:05.011,1.15187,1.15189,2.00,1.50
2017.01.20 17:04:05.164,1.15181,1.15186,5.06,1.50
2017.01.20 17:04:05.368,1.15181,1.15184,1.19,1.00
2017.01.20 17:04:05.723,1.15182,1.15187,1.54,3.00
2017.01.20 17:04:05.774,1.15186,1.15188,1.00,1.50
2017.01.20 17:04:05.927,1.15187,1.15191,3.97,1.00
2017.01.20 17:04:06.028,1.15189,1.15193,1.12,1.19
2017.01.20 17:04:06.079,1.15189,1.15194,2.06,1.12
2017.01.20 17:04:06.410,1.15188,1.15193,1.37,3.19
2017.01.20 17:04:06.562,1.15185,1.15191,4.20,1.31
2017.01.20 17:04:06.613,1.15185,1.15187,2.14,1.00
2017.01.20 17:04:07.072,1.15183,1.15185,1.12,1.00
2017.01.20 17:04:07.653,1.1518,1.15185,1.25,1.87
2017.01.20 17:04:08.186,1.1518,1.15184,1.25,1.50
2017.01.20 17:04:08.964,1.15179,1.15185,1.31,1.87
2017.01.20 17:04:09.469,1.15179,1.15185,1.19,2.62
2017.01.20 17:04:09.520,1.15179,1.15184,1.19,1.12
2017.01.20 17:04:10.086,1.15176,1.1518,5.06,1.00
2017.01.20 17:04:10.137,1.15174,1.1518,4.31,2.00
2017.01.20 17:04:10.441,1.1517,1.15173,1.00,2.06
2017.01.20 17:04:10.593,1.15163,1.15165,1.50,1.37
2017.01.20 17:04:10.644,1.1516,1.15162,2.62,1.87
2017.01.20 17:04:10.695,1.15158,1.15162,1.37,3.00
2017.01.20 17:04:10.797,1.1516,1.15163,1.55,1.37
2017.01.20 17:04:10.848,1.1516,1.15164,1.74,1.00
2017.01.20 17:04:11.507,1.1516,1.15165,1.00,1.50
2017.01.20 17:04:11.558,1.15158,1.15162,2.70,1.37
2017.01.20 17:04:14.031,1.15158,1.15159,2.32,1.12
2017.01.20 17:04:14.812,1.15157,1.15159,1.00,2.62
2017.01.20 17:04:14.965,1.15154,1.15158,1.31,3.37
2017.01.20 17:04:16.137,1.15153,1.15156,1.25,1.50
2017.01.20 17:04:16.598,1.15157,1.15158,1.69,2.62
2017.01.20 17:04:16.803,1.1516,1.15164,3.56,1.12
2017.01.20 17:04:17.208,1.15161,1.15162,1.00,1.00
2017.01.20 17:04:17.353,1.15158,1.1516,1.76,1.50
2017.01.20 17:04:17.455,1.15156,1.15157,1.00,1.00
2017.01.20 17:04:18.930,1.15156,1.15158,1.00,1.00
2017.01.20 17:04:19.031,1.15155,1.1516,1.75,2.06
2017.01.20 17:04:20.537,1.15155,1.1516,2.62,1.25
2017.01.20 17:04:21.166,1.15155,1.15159,1.75,1.00
2017.01.20 17:04:23.731,1.15156,1.1516,2.25,1.25
2017.01.20 17:04:24.353,1.15156,1.15159,2.25,1.00
2017.01.20 17:04:24.743,1.15155,1.15159,1.87,1.00
2017.01.20 17:04:25.274,1.15156,1.1516,2.25,1.25
2017.01.20 17:04:26.610,1.15156,1.15159,1.12,1.00
2017.01.20 17:04:27.042,1.15155,1.15156,1.12,1.00
2017.01.20 17:04:27.294,1.1515,1.15153,1.69,1.00
2017.01.20 17:04:27.776,1.15149,1.15151,1.69,1.00
2017.01.20 17:04:27.928,1.15148,1.1515,1.00,1.00
2017.01.20 17:04:28.080,1.15148,1.15152,1.00,1.50
2017.01.20 17:04:28.485,1.1515,1.15154,2.25,2.62
2017.01.20 17:04:28.990,1.1515,1.15154,1.87,1.00
2017.01.20 17:04:29.498,1.1515,1.15155,2.62,1.69
2017.01.20 17:04:30.912,1.15151,1.15155,3.04,1.00
2017.01.20 17:04:31.487,1.15152,1.15155,4.91,1.00
2017.01.20 17:04:31.639,1.15157,1.1516,3.22,1.00
2017.01.20 17:04:31.690,1.15157,1.15162,4.72,1.31
2017.01.20 17:04:32.242,1.15157,1.15162,5.66,1.00
2017.01.20 17:04:33.129,1.15156,1.15158,3.75,1.69
2017.01.20 17:04:33.180,1.15152,1.15153,1.12,1.00
2017.01.20 17:04:33.231,1.15149,1.15152,4.87,1.00
2017.01.20 17:04:33.282,1.15147,1.15151,7.31,1.00
2017.01.20 17:04:33.384,1.15147,1.15151,2.44,1.12
2017.01.20 17:04:33.968,1.15148,1.15151,1.12,1.00
2017.01.20 17:04:34.537,1.15147,1.15152,2.06,1.50
2017.01.20 17:04:37.356,1.15148,1.15152,1.50,1.50
2017.01.20 17:04:37.928,1.15148,1.15152,5.29,1.00
2017.01.20 17:04:38.146,1.15148,1.15154,5.44,1.87
2017.01.20 17:04:38.248,1.15152,1.15154,1.50,1.00
2017.01.20 17:04:38.349,1.15153,1.15157,4.54,1.00
2017.01.20 17:04:38.857,1.15153,1.15156,1.69,1.00
2017.01.20 17:04:38.953,1.15152,1.15156,1.12,1.69
2017.01.20 17:04:39.055,1.15149,1.15154,2.44,3.75
2017.01.20 17:04:39.362,1.15147,1.15151,1.12,1.50
2017.01.20 17:04:40.373,1.15148,1.15152,2.85,1.69
2017.01.20 17:04:40.525,1.1515,1.15155,1.00,2.44
2017.01.20 17:04:40.677,1.1515,1.15152,1.12,1.00
2017.01.20 17:04:40.779,1.15147,1.15151,1.69,1.00
2017.01.20 17:04:41.083,1.15145,1.15149,2.25,1.00
2017.01.20 17:04:41.184,1.15143,1.15149,2.44,1.31
2017.01.20 17:04:41.499,1.15145,1.1515,2.44,1.12
2017.01.20 17:04:41.818,1.15147,1.15151,1.30,1.25
2017.01.20 17:04:42.330,1.15145,1.15149,2.00,1.00
2017.01.20 17:04:42.382,1.15144,1.15149,2.44,1.50
2017.01.20 17:04:42.621,1.15144,1.15147,1.00,1.31
2017.01.20 17:04:42.672,1.15142,1.15147,1.50,3.19
2017.01.20 17:04:42.774,1.15142,1.15146,1.50,2.25
2017.01.20 17:04:43.077,1.15146,1.15149,1.00,1.69
2017.01.20 17:04:43.255,1.15144,1.15149,4.69,1.25
2017.01.20 17:04:43.638,1.15143,1.15146,1.87,1.50
2017.01.20 17:04:43.943,1.15131,1.15132,4.87,1.00
2017.01.20 17:04:43.994,1.15127,1.15132,1.69,1.00
2017.01.20 17:04:44.378,1.15127,1.1513,1.25,1.00
2017.01.20 17:04:44.479,1.15124,1.15128,1.12,1.87
2017.01.20 17:04:44.697,1.15126,1.15128,1.00,1.12
2017.01.20 17:04:44.899,1.15127,1.1513,1.50,1.00
2017.01.20 17:04:44.960,1.15125,1.15128,1.00,2.61
2017.01.20 17:04:45.063,1.1512,1.15125,4.31,1.00
2017.01.20 17:04:45.165,1.15118,1.15123,2.62,3.56
2017.01.20 17:04:45.267,1.15113,1.1512,1.56,5.81
2017.01.20 17:04:45.393,1.15113,1.15115,1.00,1.00
2017.01.20 17:04:45.730,1.15103,1.15105,1.37,1.00
2017.01.20 17:04:46.037,1.15094,1.15097,1.50,1.12
2017.01.20 17:04:46.088,1.15095,1.15097,1.50,1.50
2017.01.20 17:04:46.191,1.15088,1.15089,1.12,1.00
2017.01.20 17:04:46.293,1.15086,1.15089,1.00,1.37
2017.01.20 17:04:46.446,1.15088,1.15089,1.50,1.00
2017.01.20 17:04:46.497,1.1509,1.15091,1.00,1.12
2017.01.20 17:04:46.549,1.15094,1.15098,1.00,1.31
2017.01.20 17:04:46.789,1.15093,1.15095,1.25,1.00
2017.01.20 17:04:46.840,1.15093,1.15095,1.25,1.00
2017.01.20 17:04:46.943,1.1509,1.15092,1.00,1.20
2017.01.20 17:04:46.994,1.15088,1.15089,1.12,1.00
2017.01.20 17:04:47.077,1.15084,1.15089,1.25,3.00
2017.01.20 17:04:47.280,1.15083,1.15088,1.19,1.75
2017.01.20 17:04:47.587,1.15074,1.15079,3.19,3.37
2017.01.20 17:04:47.943,1.15074,1.15075,1.00,1.25
2017.01.20 17:04:48.106,1.15069,1.15073,1.37,1.50
2017.01.20 17:04:48.158,1.15065,1.15068,4.87,1.00
2017.01.20 17:04:48.464,1.15063,1.1507,1.90,12.00
2017.01.20 17:04:48.515,1.15066,1.15068,2.70,1.87
2017.01.20 17:04:48.566,1.15072,1.15074,1.00,9.75
2017.01.20 17:04:48.618,1.15072,1.15074,1.84,1.37
2017.01.20 17:04:48.669,1.15074,1.15078,1.00,1.50
2017.01.20 17:04:48.720,1.15078,1.15079,1.50,1.50
2017.01.20 17:04:48.974,1.15081,1.15083,1.37,1.00
2017.01.20 17:04:49.140,1.1508,1.15087,4.50,1.25
2017.01.20 17:04:49.366,1.1508,1.15084,2.25,1.69
2017.01.20 17:04:49.569,1.15069,1.15075,1.37,1.19
2017.01.20 17:04:49.671,1.15073,1.15077,1.00,4.69
2017.01.20 17:04:49.823,1.15074,1.15079,1.00,2.06
2017.01.20 17:04:49.925,1.15073,1.15075,1.50,1.69
2017.01.20 17:04:50.078,1.15069,1.15072,3.00,1.00
2017.01.20 17:04:50.129,1.15068,1.1507,3.00,1.19
2017.01.20 17:04:50.347,1.15066,1.15072,2.55,3.79
2017.01.20 17:04:50.408,1.15065,1.15069,3.00,2.81
2017.01.20 17:04:50.661,1.15056,1.15063,2.10,1.31
2017.01.20 17:04:50.814,1.15059,1.15062,1.20,1.37
2017.01.20 17:04:51.117,1.15061,1.15064,1.50,1.69
2017.01.20 17:04:51.448,1.1506,1.15062,1.50,1.25
2017.01.20 17:04:51.772,1.15034,1.15036,1.50,1.12
2017.01.20 17:04:52.077,1.15018,1.15021,5.62,1.31
2017.01.20 17:04:52.447,1.15007,1.15008,1.13,1.50
2017.01.20 17:04:52.498,1.15008,1.15009,1.00,1.50
2017.01.20 17:04:52.549,1.15008,1.15012,1.75,1.00
2017.01.20 17:04:52.651,1.15011,1.15014,1.10,1.69
2017.01.20 17:04:52.702,1.1501,1.15013,1.00,1.69
2017.01.20 17:04:53.005,1.14974,1.14975,1.00,2.25
2017.01.20 17:04:53.339,1.14961,1.14966,1.48,1.37
2017.01.20 17:04:53.390,1.14958,1.14959,1.00,1.00
2017.01.20 17:04:53.441,1.14958,1.14961,1.00,2.25
2017.01.20 17:04:53.618,1.1495,1.14951,1.00,1.50
2017.01.20 17:04:53.720,1.14943,1.14949,1.00,1.12
2017.01.20 17:04:53.822,1.14944,1.14945,1.00,1.00
2017.01.20 17:04:53.873,1.14946,1.14948,1.00,1.00
2017.01.20 17:04:54.026,1.1494,1.14946,3.45,4.50
2017.01.20 17:04:54.309,1.14936,1.1494,3.75,1.50
2017.01.20 17:04:54.614,1.14926,1.1493,2.25,2.06
2017.01.20 17:04:54.817,1.14903,1.14911,2.25,1.00
2017.01.20 17:04:54.868,1.14907,1.14911,1.00,1.50
2017.01.20 17:04:54.919,1.14907,1.14911,1.00,1.50
2017.01.20 17:04:55.169,1.14906,1.14907,1.00,1.25
2017.01.20 17:04:55.474,1.14901,1.14902,1.00,3.37
2017.01.20 17:04:56.104,1.14873,1.14874,1.50,1.12
2017.01.20 17:04:56.156,1.14876,1.14879,1.50,1.87
2017.01.20 17:04:56.257,1.14876,1.1488,1.87,3.75
2017.01.20 17:04:56.359,1.14875,1.14878,3.00,1.50
2017.01.20 17:04:56.410,1.14873,1.1488,1.12,4.20
2017.01.20 17:04:56.512,1.14876,1.14881,1.00,4.50
2017.01.20 17:04:56.563,1.14875,1.14881,1.50,4.50
2017.01.20 17:04:56.765,1.14878,1.1488,5.25,1.37
2017.01.20 17:04:57.079,1.14875,1.14882,1.45,1.87
2017.01.20 17:04:57.333,1.14867,1.1487,4.50,1.50
2017.01.20 17:04:57.423,1.14868,1.14871,1.00,1.37
2017.01.20 17:04:57.728,1.1486,1.14867,1.81,1.69
2017.01.20 17:04:57.779,1.14858,1.14867,1.00,1.87
2017.01.20 17:04:57.881,1.14864,1.14868,1.50,1.87
2017.01.20 17:04:58.084,1.1486,1.14862,1.00,1.00
2017.01.20 17:04:58.388,1.14858,1.14862,1.00,1.56
2017.01.20 17:04:58.439,1.14858,1.14861,1.50,1.62
2017.01.20 17:04:58.491,1.14855,1.14857,1.50,1.00
2017.01.20 17:04:58.542,1.14854,1.14856,1.00,1.00
2017.01.20 17:04:58.720,1.14851,1.14853,1.00,1.00
2017.01.20 17:04:59.130,1.14838,1.14845,3.75,1.87
2017.01.20 17:04:59.241,1.14842,1.14846,1.87,2.62
2017.01.20 17:04:59.292,1.14841,1.14842,1.87,1.00
2017.01.20 17:04:59.394,1.14838,1.14844,4.12,1.00
2017.01.20 17:04:59.445,1.1484,1.14843,1.87,1.12
2017.01.20 17:04:59.547,1.14838,1.14843,3.00,1.00
2017.01.20 17:04:59.649,1.14842,1.14844,1.65,1.12
2017.01.20 17:04:59.802,1.14843,1.14846,1.00,1.12
2017.01.20 17:04:59.967,1.1484,1.14841,1.00,1.12
2017.01.20 17:05:00.020,1.14834,1.14838,3.75,1.00
2017.01.20 17:05:00.071,1.14838,1.14839,1.50,1.00
2017.01.20 17:05:00.122,1.14838,1.14841,1.00,1.31
2017.01.20 17:05:00.478,1.14839,1.14843,1.87,1.00
2017.01.20 17:05:00.630,1.14837,1.14842,1.37,1.69
2017.01.20 17:05:00.954,1.14837,1.1484,1.55,9.00
2017.01.20 17:05:01.005,1.14839,1.14841,1.00,1.00
2017.01.20 17:05:01.107,1.14841,1.14843,1.00,1.37
2017.01.20 17:05:01.158,1.14839,1.14843,3.00,1.00
2017.01.20 17:05:01.361,1.14845,1.14846,1.00,4.87
2017.01.20 17:05:01.666,1.14852,1.14857,1.60,8.24
2017.01.20 17:05:01.717,1.14856,1.1486,1.13,1.50
2017.01.20 17:05:01.845,1.14856,1.14863,2.25,1.30
2017.01.20 17:05:01.910,1.14862,1.14864,1.19,1.12
2017.01.20 17:05:02.215,1.14871,1.14872,3.00,1.00
2017.01.20 17:05:02.317,1.14863,1.14867,9.75,1.00
2017.01.20 17:05:02.419,1.14865,1.14868,2.06,1.10
2017.01.20 17:05:02.480,1.14866,1.14872,1.60,1.12
2017.01.20 17:05:02.531,1.14868,1.14874,6.00,1.95
2017.01.20 17:05:02.634,1.14868,1.1487,6.00,1.00
2017.01.20 17:05:02.686,1.14868,1.14869,1.12,1.00
2017.01.20 17:05:02.871,1.14857,1.14865,2.62,1.20
2017.01.20 17:05:02.924,1.1486,1.14865,2.92,1.10
2017.01.20 17:05:03.076,1.14862,1.14869,1.62,1.57
2017.01.20 17:05:03.534,1.14862,1.14866,1.00,3.37
2017.01.20 17:05:03.636,1.1486,1.14865,1.00,1.00
2017.01.20 17:05:03.687,1.14857,1.14862,4.87,1.26
2017.01.20 17:05:04.000,1.14855,1.1486,4.12,1.50
2017.01.20 17:05:04.051,1.14853,1.14858,1.00,4.12
2017.01.20 17:05:04.203,1.14851,1.14855,1.50,2.06
2017.01.20 17:05:04.355,1.14845,1.14852,1.12,1.12
2017.01.20 17:05:04.458,1.14852,1.14854,1.69,1.12
2017.01.20 17:05:04.559,1.14857,1.14859,1.12,1.00
2017.01.20 17:05:04.612,1.14861,1.14862,1.00,1.50
2017.01.20 17:05:04.664,1.14864,1.14867,1.12,4.12
2017.01.20 17:05:04.715,1.14864,1.14867,2.06,4.12
2017.01.20 17:05:05.046,1.14878,1.14884,1.50,5.25
2017.01.20 17:05:05.148,1.14876,1.14879,4.50,1.00
2017.01.20 17:05:05.249,1.14875,1.1488,1.47,1.00
2017.01.20 17:05:05.355,1.14876,1.14882,1.95,1.50
2017.01.20 17:05:05.457,1.14875,1.14879,1.50,3.75
2017.01.20 17:05:05.763,1.14875,1.14877,1.00,3.75
2017.01.20 17:05:06.089,1.14861,1.14862,3.00,1.00
2017.01.20 17:05:06.140,1.14857,1.14862,2.25,1.00
2017.01.20 17:05:06.192,1.14858,1.14864,1.75,1.00
2017.01.20 17:05:06.243,1.14861,1.14864,1.00,1.00
2017.01.20 17:05:06.294,1.14858,1.14864,1.00,1.00
2017.01.20 17:05:06.496,1.1486,1.14865,1.69,1.00
2017.01.20 17:05:06.700,1.14868,1.14874,1.12,1.00
2017.01.20 17:05:06.852,1.14866,1.14872,1.00,1.00
2017.01.20 17:05:07.191,1.14873,1.14879,1.00,1.00
2017.01.20 17:05:07.548,1.14875,1.1488,1.00,1.00
2017.01.20 17:05:07.852,1.149,1.14904,1.87,1.12
2017.01.20 17:05:08.004,1.14902,1.14904,1.87,4.12
2017.01.20 17:05:08.055,1.14905,1.14908,1.37,1.62
2017.01.20 17:05:08.205,1.14905,1.14908,1.37,1.00
2017.01.20 17:05:08.256,1.149,1.14905,2.25,1.00
2017.01.20 17:05:08.359,1.149,1.14904,1.56,1.00
2017.01.20 17:05:08.411,1.14905,1.1491,1.37,1.12
2017.01.20 17:05:08.462,1.14906,1.14911,1.37,1.00
2017.01.20 17:05:08.563,1.14909,1.14915,1.50,1.00
2017.01.20 17:05:08.665,1.14909,1.14917,2.25,2.44
2017.01.20 17:05:08.716,1.14913,1.14915,1.25,3.00
2017.01.20 17:05:09.020,1.14937,1.1494,2.25,8.24
2017.01.20 17:05:09.170,1.14937,1.14939,1.50,1.00
2017.01.20 17:05:09.277,1.14939,1.14941,2.25,1.00
2017.01.20 17:05:09.328,1.14941,1.14942,2.25,1.00
2017.01.20 17:05:09.480,1.1494,1.14942,2.25,1.00
2017.01.20 17:05:09.582,1.14938,1.1494,3.00,1.00
2017.01.20 17:05:09.735,1.14943,1.14944,1.50,1.50
2017.01.20 17:05:09.837,1.14931,1.14934,6.75,1.50
2017.01.20 17:05:09.939,1.14932,1.14934,2.50,1.00
2017.01.20 17:05:10.281,1.14941,1.14943,1.00,1.25
2017.01.20 17:05:10.332,1.14941,1.14944,1.00,2.25
2017.01.20 17:05:10.383,1.14939,1.14941,1.87,1.20
2017.01.20 17:05:10.687,1.14918,1.1492,4.12,2.25
2017.01.20 17:05:10.738,1.14922,1.14923,1.00,1.00
2017.01.20 17:05:10.821,1.14924,1.14926,1.12,1.00
2017.01.20 17:05:10.873,1.14923,1.14929,1.00,1.00
2017.01.20 17:05:10.924,1.14925,1.14929,1.00,1.00
2017.01.20 17:05:10.976,1.14923,1.14929,1.00,1.00
2017.01.20 17:05:11.028,1.14926,1.14927,2.62,1.00
2017.01.20 17:05:11.244,1.14929,1.14933,3.37,1.00
2017.01.20 17:05:11.295,1.14934,1.1494,4.12,1.50
2017.01.20 17:05:11.346,1.14935,1.1494,1.50,1.37
2017.01.20 17:05:11.397,1.1494,1.14942,1.12,1.37
2017.01.20 17:05:11.448,1.14942,1.14943,1.12,1.00
2017.01.20 17:05:11.499,1.1494,1.14942,1.12,1.00
2017.01.20 17:05:11.601,1.14937,1.14942,1.00,4.50
2017.01.20 17:05:11.702,1.14935,1.14942,1.12,4.12
2017.01.20 17:05:12.007,1.14935,1.14942,1.87,2.25
2017.01.20 17:05:12.281,1.14924,1.14929,1.37,4.12
2017.01.20 17:05:12.332,1.14924,1.14928,1.00,1.87
2017.01.20 17:05:12.383,1.14922,1.14926,2.25,1.50
2017.01.20 17:05:12.624,1.14923,1.14926,1.19,1.12
2017.01.20 17:05:12.931,1.14909,1.14912,1.50,2.62
2017.01.20 17:05:12.983,1.14907,1.14908,3.75,1.12
2017.01.20 17:05:13.373,1.14907,1.14911,3.75,1.12
2017.01.20 17:05:13.424,1.14903,1.14907,2.62,1.75
2017.01.20 17:05:13.526,1.14911,1.14914,2.44,1.12
2017.01.20 17:05:13.628,1.14915,1.14916,1.12,1.00
2017.01.20 17:05:13.730,1.14918,1.14927,3.94,1.12
2017.01.20 17:05:13.783,1.1492,1.14929,1.12,1.75
2017.01.20 17:05:13.834,1.14921,1.14928,3.19,1.87
2017.01.20 17:05:13.962,1.14925,1.1493,1.50,1.00
2017.01.20 17:05:14.041,1.14918,1.1492,1.12,1.19
2017.01.20 17:05:14.251,1.14892,1.14896,1.12,1.12
2017.01.20 17:05:14.352,1.14897,1.149,1.12,3.75
2017.01.20 17:05:14.453,1.14895,1.14897,1.50,1.50
2017.01.20 17:05:14.658,1.14902,1.14904,1.00,2.62
2017.01.20 17:05:14.709,1.1491,1.14912,1.37,1.12
2017.01.20 17:05:14.760,1.14911,1.14916,1.12,7.12
2017.01.20 17:05:14.811,1.14912,1.14916,1.00,2.62
2017.01.20 17:05:14.863,1.14908,1.14915,1.00,1.00
2017.01.20 17:05:14.914,1.14905,1.14912,2.06,1.00
2017.01.20 17:05:15.016,1.14904,1.14911,1.50,1.50
2017.01.20 17:05:15.067,1.14899,1.14901,1.00,1.00
2017.01.20 17:05:15.118,1.14896,1.14899,1.37,1.50
2017.01.20 17:05:15.284,1.14885,1.14888,4.50,1.25
2017.01.20 17:05:15.390,1.14882,1.14886,1.37,1.00
2017.01.20 17:05:15.491,1.14881,1.14886,1.50,1.00
2017.01.20 17:05:15.593,1.14877,1.14879,3.37,2.87
2017.01.20 17:05:15.797,1.14843,1.14851,3.19,1.37
2017.01.20 17:05:15.899,1.14848,1.14855,1.00,1.37
2017.01.20 17:05:16.000,1.14848,1.14852,1.00,1.00
2017.01.20 17:05:16.212,1.14839,1.14845,1.00,1.00
2017.01.20 17:05:16.263,1.14839,1.14841,1.00,1.00
2017.01.20 17:05:16.567,1.1483,1.14834,1.12,1.00
2017.01.20 17:05:16.619,1.1483,1.14838,1.12,1.12
2017.01.20 17:05:16.720,1.14831,1.14841,2.25,1.37
2017.01.20 17:05:16.872,1.14834,1.14842,1.00,1.87
2017.01.20 17:05:16.923,1.14837,1.14842,1.00,1.87
2017.01.20 17:05:17.142,1.14832,1.14841,1.00,1.00
2017.01.20 17:05:17.245,1.14831,1.14839,1.25,1.00
2017.01.20 17:05:17.558,1.1483,1.14836,1.00,1.00
2017.01.20 17:05:17.861,1.14838,1.14841,1.00,1.19
2017.01.20 17:05:18.167,1.14818,1.14831,5.99,1.50
2017.01.20 17:05:18.219,1.14812,1.14813,1.00,1.00
2017.01.20 17:05:18.270,1.14806,1.14811,3.00,2.25
2017.01.20 17:05:18.321,1.14806,1.14811,1.00,1.50
2017.01.20 17:05:18.524,1.14809,1.14811,1.00,1.37
2017.01.20 17:05:18.728,1.14809,1.14812,1.00,2.62
2017.01.20 17:05:18.780,1.14803,1.14804,1.00,1.69
2017.01.20 17:05:18.882,1.14795,1.14802,1.50,1.37
2017.01.20 17:05:18.933,1.14796,1.14799,1.00,1.37
2017.01.20 17:05:19.142,1.14784,1.14785,2.09,1.12
2017.01.20 17:05:19.195,1.14778,1.1478,11.25,1.00
2017.01.20 17:05:19.296,1.14775,1.14777,2.25,1.00
2017.01.20 17:05:19.348,1.14776,1.1478,1.00,1.87
2017.01.20 17:05:19.400,1.14765,1.14767,3.00,1.00
2017.01.20 17:05:19.554,1.14761,1.14764,1.50,1.37
2017.01.20 17:05:19.656,1.14757,1.14762,1.50,1.37
2017.01.20 17:05:19.744,1.14755,1.14762,1.00,1.37
2017.01.20 17:05:20.077,1.14737,1.1474,1.22,1.37
2017.01.20 17:05:20.384,1.14723,1.14725,4.12,1.00
2017.01.20 17:05:20.477,1.14721,1.14723,1.37,1.50
2017.01.20 17:05:20.529,1.14706,1.1471,10.50,1.00
2017.01.20 17:05:20.604,1.14706,1.14708,9.75,1.87
2017.01.20 17:05:20.727,1.14704,1.14707,9.00,1.00
2017.01.20 17:05:20.833,1.1471,1.14712,1.37,4.27
2017.01.20 17:05:20.886,1.14712,1.14714,3.75,1.12
2017.01.20 17:05:21.090,1.14716,1.14719,1.50,1.90
2017.01.20 17:05:21.141,1.14715,1.14719,1.37,1.00
2017.01.20 17:05:21.192,1.14715,1.14719,1.00,1.00
2017.01.20 17:05:21.243,1.14716,1.14718,1.00,1.00
2017.01.20 17:05:21.449,1.14715,1.14716,1.00,1.87
2017.01.20 17:05:21.556,1.14715,1.14718,1.12,1.19
2017.01.20 17:05:21.609,1.14714,1.14719,1.50,2.25
2017.01.20 17:05:21.661,1.14714,1.14717,1.57,1.00
2017.01.20 17:05:21.712,1.14712,1.14721,3.07,1.00
2017.01.20 17:05:21.764,1.14712,1.14719,3.07,1.00
2017.01.20 17:05:22.069,1.14729,1.14731,1.00,7.50
2017.01.20 17:05:22.120,1.14729,1.14733,1.00,1.00
2017.01.20 17:05:22.237,1.14725,1.14733,1.50,1.94
2017.01.20 17:05:22.390,1.147,1.14702,1.50,1.00
2017.01.20 17:05:22.496,1.14691,1.14693,2.25,1.19
2017.01.20 17:05:22.599,1.14697,1.14699,1.50,1.87
2017.01.20 17:05:22.715,1.14699,1.14702,1.00,1.00
2017.01.20 17:05:22.766,1.14699,1.147,1.00,1.00
2017.01.20 17:05:22.817,1.14699,1.14709,1.12,1.00
2017.01.20 17:05:22.978,1.14706,1.14712,1.20,2.62
2017.01.20 17:05:23.100,1.147,1.14712,1.12,1.19
2017.01.20 17:05:23.151,1.14702,1.14708,1.00,1.19
2017.01.20 17:05:23.457,1.14725,1.14726,1.00,4.12
2017.01.20 17:05:23.542,1.14719,1.14723,1.00,2.62
2017.01.20 17:05:23.707,1.14713,1.14719,5.42,2.62
2017.01.20 17:05:23.759,1.14712,1.14724,2.62,1.19
2017.01.20 17:05:23.810,1.14713,1.14729,1.69,2.25
2017.01.20 17:05:24.114,1.14723,1.14725,1.50,1.00
2017.01.20 17:05:24.165,1.14724,1.14728,1.12,4.39
2017.01.20 17:05:24.274,1.14722,1.14725,2.25,1.25
2017.01.20 17:05:24.325,1.14729,1.1473,1.00,1.50
2017.01.20 17:05:24.376,1.14728,1.1473,1.00,1.69
2017.01.20 17:05:24.427,1.14729,1.14733,2.25,3.00
2017.01.20 17:05:24.637,1.14722,1.14727,2.25,2.25
2017.01.20 17:05:24.841,1.14722,1.14724,1.50,2.44
2017.01.20 17:05:24.942,1.14721,1.14723,1.00,1.37
2017.01.20 17:05:24.994,1.1472,1.14723,2.25,1.37
2017.01.20 17:05:25.248,1.14718,1.14719,1.50,1.31
2017.01.20 17:05:25.504,1.14704,1.14708,1.00,1.87
2017.01.20 17:05:25.671,1.14694,1.14696,1.50,1.00
2017.01.20 17:05:25.977,1.14686,1.14688,1.00,3.37
2017.01.20 17:05:26.028,1.14684,1.14687,1.50,1.00
2017.01.20 17:05:26.130,1.14689,1.14698,1.00,1.12
2017.01.20 17:05:26.181,1.14696,1.147,1.00,1.37
2017.01.20 17:05:26.284,1.14686,1.1469,3.30,1.19
2017.01.20 17:05:26.557,1.14676,1.14678,1.00,1.00
2017.01.20 17:05:26.608,1.14677,1.14684,1.00,1.12
2017.01.20 17:05:26.659,1.14678,1.14681,1.22,3.00
2017.01.20 17:05:26.710,1.14677,1.1468,1.65,1.19
2017.01.20 17:05:26.761,1.14677,1.1468,1.00,1.19
2017.01.20 17:05:26.812,1.14673,1.14678,1.22,1.19
2017.01.20 17:05:26.864,1.14669,1.1468,1.22,3.16
2017.01.20 17:05:26.915,1.14669,1.14672,1.22,1.00
2017.01.20 17:05:26.968,1.14671,1.14674,1.20,1.19
2017.01.20 17:05:27.094,1.14665,1.14671,1.90,1.69
2017.01.20 17:05:27.145,1.14667,1.14671,1.65,1.00
2017.01.20 17:05:27.197,1.14667,1.14673,1.22,3.73
2017.01.20 17:05:27.512,1.14672,1.1468,1.56,1.85
2017.01.20 17:05:27.614,1.14675,1.1468,1.00,1.00
2017.01.20 17:05:27.766,1.14684,1.1469,1.00,1.50
2017.01.20 17:05:27.818,1.1469,1.14694,1.00,1.50
2017.01.20 17:05:28.123,1.14723,1.14725,1.22,2.25
2017.01.20 17:05:28.174,1.14721,1.14725,1.50,1.00
2017.01.20 17:05:28.472,1.14725,1.14728,1.00,1.37
2017.01.20 17:05:28.776,1.14748,1.14752,1.50,1.00
2017.01.20 17:05:28.954,1.14777,1.14779,1.00,3.75
2017.01.20 17:05:29.049,1.14777,1.14779,1.00,7.87
2017.01.20 17:05:29.153,1.14778,1.14781,1.25,1.00
2017.01.20 17:05:29.206,1.1479,1.14792,1.00,1.37
2017.01.20 17:05:29.474,1.14796,1.14801,1.20,1.00
2017.01.20 17:05:29.576,1.14794,1.14795,1.00,1.50
2017.01.20 17:05:29.711,1.14788,1.14793,1.00,1.00
2017.01.20 17:05:29.762,1.14793,1.14796,1.00,0.75
2017.01.20 17:05:29.813,1.14804,1.14806,1.00,1.50
2017.01.20 17:05:29.914,1.14805,1.14811,1.50,1.15
2017.01.20 17:05:30.280,1.14833,1.14835,4.00,1.00
2017.01.20 17:05:30.331,1.14833,1.14836,1.00,1.12
2017.01.20 17:05:30.483,1.14826,1.14827,1.50,1.00
2017.01.20 17:05:30.686,1.14826,1.14829,1.00,1.31
2017.01.20 17:05:30.817,1.1484,1.14844,1.00,1.75
2017.01.20 17:05:30.871,1.1484,1.14844,1.12,1.75
2017.01.20 17:05:31.192,1.14852,1.14855,1.00,1.50
2017.01.20 17:05:31.293,1.14856,1.14859,1.00,1.00
2017.01.20 17:05:31.346,1.14853,1.14857,1.00,1.19
2017.01.20 17:05:31.654,1.14817,1.14819,1.00,2.25
2017.01.20 17:05:31.705,1.14822,1.14823,1.12,1.25
2017.01.20 17:05:32.067,1.14805,1.14808,5.25,1.19
2017.01.20 17:05:32.125,1.14805,1.14806,1.50,1.35
2017.01.20 17:05:32.177,1.14794,1.14797,1.37,1.25
2017.01.20 17:05:32.229,1.14795,1.14797,2.62,1.19
2017.01.20 17:05:32.280,1.14792,1.14795,2.62,1.19
2017.01.20 17:05:32.331,1.14794,1.14797,1.00,1.31
2017.01.20 17:05:32.433,1.148,1.14802,1.00,1.00
2017.01.20 17:05:32.484,1.14802,1.14806,1.00,3.37
2017.01.20 17:05:32.536,1.14798,1.14801,2.25,1.25
2017.01.20 17:05:32.983,1.14807,1.14808,1.57,1.12
2017.01.20 17:05:33.059,1.14815,1.14816,1.00,1.00
2017.01.20 17:05:33.161,1.14813,1.14816,1.20,1.75
2017.01.20 17:05:33.212,1.1481,1.14816,1.57,1.75
2017.01.20 17:05:33.263,1.1481,1.14821,1.12,2.25
2017.01.20 17:05:33.314,1.14812,1.14819,1.00,1.75
2017.01.20 17:05:33.415,1.14812,1.14818,1.50,1.87
2017.01.20 17:05:33.518,1.14807,1.14818,1.68,1.87
2017.01.20 17:05:33.620,1.14809,1.14814,1.13,1.69
2017.01.20 17:05:33.722,1.14799,1.148,2.62,1.00
2017.01.20 17:05:33.773,1.14797,1.148,1.00,1.00
2017.01.20 17:05:33.824,1.14792,1.14799,1.37,1.00
2017.01.20 17:05:34.042,1.14791,1.14798,1.00,1.00
2017.01.20 17:05:34.310,1.14789,1.14798,2.25,1.00
2017.01.20 17:05:34.513,1.1479,1.14801,1.37,2.62
2017.01.20 17:05:34.717,1.14797,1.14803,2.18,1.75
2017.01.20 17:05:34.818,1.14798,1.14802,1.00,2.25
2017.01.20 17:05:34.921,1.14799,1.14803,1.69,1.00
2017.01.20 17:05:35.081,1.14793,1.148,1.06,1.69
2017.01.20 17:05:35.206,1.14785,1.14794,1.68,1.87
2017.01.20 17:05:35.308,1.14793,1.14801,1.68,1.87
2017.01.20 17:05:35.368,1.148,1.14802,1.06,3.00
2017.01.20 17:05:35.521,1.14798,1.14803,2.25,1.50
2017.01.20 17:05:35.673,1.14797,1.14803,1.50,2.44
2017.01.20 17:05:36.078,1.14764,1.14767,6.73,1.00
2017.01.20 17:05:36.131,1.14743,1.14747,1.50,1.12
2017.01.20 17:05:36.184,1.14743,1.14747,7.87,1.19
2017.01.20 17:05:36.235,1.14744,1.14748,1.12,1.62
2017.01.20 17:05:36.336,1.14746,1.14748,4.12,1.00
2017.01.20 17:05:36.438,1.14744,1.14751,4.12,2.25
2017.01.20 17:05:36.644,1.14743,1.14748,1.00,1.12
2017.01.20 17:05:36.949,1.14744,1.14748,4.12,1.00
2017.01.20 17:05:37.000,1.1475,1.14751,1.00,1.12
2017.01.20 17:05:37.091,1.1475,1.14753,4.50,1.37
2017.01.20 17:05:37.667,1.14751,1.14754,1.50,1.37
2017.01.20 17:05:37.719,1.1475,1.14754,2.62,1.12
2017.01.20 17:05:37.822,1.14748,1.14753,2.62,1.69
2017.01.20 17:05:37.925,1.14739,1.14741,1.00,1.00
2017.01.20 17:05:37.977,1.14734,1.14735,2.25,1.00
2017.01.20 17:05:38.028,1.14727,1.14733,2.62,1.25
2017.01.20 17:05:38.080,1.14724,1.14733,1.00,1.25
2017.01.20 17:05:38.130,1.14722,1.14732,1.65,1.87
2017.01.20 17:05:38.464,1.14707,1.14715,1.30,1.00
2017.01.20 17:05:38.515,1.14707,1.14712,1.00,1.87
2017.01.20 17:05:38.566,1.14708,1.14711,1.50,1.12
2017.01.20 17:05:38.667,1.14712,1.14719,1.50,1.51
2017.01.20 17:05:38.769,1.14712,1.14727,3.37,1.12
2017.01.20 17:05:38.971,1.14717,1.14727,1.50,1.94
2017.01.20 17:05:39.022,1.14715,1.14727,1.50,1.94
2017.01.20 17:05:39.124,1.14729,1.14731,2.25,2.50
2017.01.20 17:05:39.175,1.14738,1.14742,1.00,13.87
2017.01.20 17:05:39.226,1.14742,1.14743,1.00,9.75
2017.01.20 17:05:39.535,1.14758,1.14759,1.00,1.12
2017.01.20 17:05:39.688,1.14762,1.14763,1.00,1.00
2017.01.20 17:05:39.943,1.14772,1.14776,1.00,1.12
2017.01.20 17:05:40.148,1.1477,1.14778,1.00,1.25
2017.01.20 17:05:40.251,1.14776,1.14782,1.15,1.12
2017.01.20 17:05:40.356,1.14785,1.14787,1.00,1.00
2017.01.20 17:05:40.519,1.14792,1.14799,2.62,1.75
2017.01.20 17:05:40.671,1.14809,1.14813,1.50,1.50
2017.01.20 17:05:40.875,1.14795,1.14805,1.75,1.00
2017.01.20 17:05:40.977,1.14802,1.14804,1.37,1.00
2017.01.20 17:05:41.028,1.14803,1.14804,1.12,1.00
2017.01.20 17:05:41.079,1.14802,1.14804,1.00,1.00
2017.01.20 17:05:41.181,1.1481,1.14812,1.50,1.00
2017.01.20 17:05:41.232,1.1481,1.14816,1.00,1.37
2017.01.20 17:05:41.370,1.14809,1.14813,1.57,1.00
2017.01.20 17:05:41.646,1.14814,1.14821,1.00,1.50
2017.01.20 17:05:41.748,1.14817,1.14823,1.37,1.00
2017.01.20 17:05:41.901,1.14837,1.14845,1.12,2.06
2017.01.20 17:05:41.954,1.14834,1.14838,1.52,3.00
2017.01.20 17:05:42.281,1.14815,1.14822,1.20,1.12
2017.01.20 17:05:42.526,1.14816,1.14823,5.25,1.00
2017.01.20 17:05:42.876,1.1483,1.14833,2.25,1.37
2017.01.20 17:05:42.927,1.1483,1.14834,2.62,1.00
2017.01.20 17:05:42.978,1.14831,1.14835,2.62,1.69
2017.01.20 17:05:43.045,1.14831,1.14835,2.25,1.50
2017.01.20 17:05:43.097,1.14827,1.14839,1.82,3.37
2017.01.20 17:05:43.148,1.14829,1.14836,2.70,1.50
2017.01.20 17:05:43.249,1.14831,1.14841,1.00,1.37
2017.01.20 17:05:43.301,1.14831,1.14841,1.00,1.75
2017.01.20 17:05:43.402,1.14832,1.1484,1.50,1.37
2017.01.20 17:05:43.454,1.14831,1.14834,1.00,1.09
2017.01.20 17:05:43.692,1.14813,1.1482,1.45,1.00
2017.01.20 17:05:43.845,1.14812,1.14816,1.50,1.19
2017.01.20 17:05:43.896,1.14813,1.14817,1.50,1.00
2017.01.20 17:05:43.947,1.14817,1.14824,1.00,1.19
2017.01.20 17:05:44.036,1.14816,1.14821,1.00,1.25
2017.01.20 17:05:44.087,1.14811,1.1482,1.00,1.25
2017.01.20 17:05:44.138,1.14817,1.14821,1.00,1.00
2017.01.20 17:05:44.291,1.14831,1.14835,1.00,1.00
2017.01.20 17:05:44.342,1.14836,1.14837,1.00,1.00
2017.01.20 17:05:44.393,1.14836,1.14841,1.00,2.25
2017.01.20 17:05:44.444,1.14834,1.14841,1.00,3.19
2017.01.20 17:05:44.496,1.1483,1.1484,1.00,1.37
2017.01.20 17:05:44.640,1.14832,1.14835,1.00,1.00
2017.01.20 17:05:44.694,1.14839,1.14841,1.00,1.00
2017.01.20 17:05:44.796,1.14837,1.14841,1.00,1.00
2017.01.20 17:05:44.897,1.14842,1.14845,1.00,1.00
2017.01.20 17:05:45.152,1.14847,1.14849,1.00,1.00
2017.01.20 17:05:45.255,1.14832,1.14833,4.12,1.00
2017.01.20 17:05:45.360,1.14825,1.14828,2.25,1.00
2017.01.20 17:05:45.411,1.14821,1.14823,1.87,1.25
2017.01.20 17:05:45.513,1.1482,1.14824,1.87,1.56
2017.01.20 17:05:45.564,1.14818,1.1482,1.37,1.00
2017.01.20 17:05:45.615,1.14818,1.14819,1.00,1.00
2017.01.20 17:05:45.801,1.1481,1.14812,1.12,1.00
2017.01.20 17:05:46.105,1.14804,1.14809,1.69,1.12
2017.01.20 17:05:46.207,1.14811,1.14816,1.00,1.87
2017.01.20 17:05:46.258,1.14814,1.14819,1.00,1.12
2017.01.20 17:05:46.309,1.14814,1.14819,1.00,1.69
2017.01.20 17:05:46.360,1.14813,1.1482,1.00,3.19
2017.01.20 17:05:46.665,1.14798,1.14801,3.75,1.37
2017.01.20 17:05:46.717,1.14798,1.14801,3.00,1.37
2017.01.20 17:05:46.868,1.14798,1.14801,3.75,1.00
2017.01.20 17:05:46.973,1.14776,1.14778,1.00,3.00
2017.01.20 17:05:47.024,1.1477,1.14772,3.75,1.37
2017.01.20 17:05:47.193,1.14766,1.14769,1.50,1.00
2017.01.20 17:05:47.245,1.14766,1.14772,1.00,1.50
2017.01.20 17:05:47.296,1.14768,1.14771,1.00,1.00
2017.01.20 17:05:47.600,1.1476,1.14766,2.25,1.00
2017.01.20 17:05:47.913,1.14763,1.14768,1.00,1.37
2017.01.20 17:05:47.971,1.14766,1.14768,1.00,1.37
2017.01.20 17:05:48.073,1.14766,1.14771,1.00,1.12
2017.01.20 17:05:48.174,1.14764,1.14766,1.00,1.00
2017.01.20 17:05:48.276,1.14766,1.14768,1.00,1.12
2017.01.20 17:05:48.431,1.14766,1.14769,1.00,1.37
2017.01.20 17:05:48.482,1.14765,1.14768,1.00,1.00
2017.01.20 17:05:48.687,1.14771,1.1478,1.00,1.37
2017.01.20 17:05:48.739,1.14777,1.14782,1.00,1.37
2017.01.20 17:05:49.059,1.14809,1.14812,1.00,8.98
2017.01.20 17:05:49.133,1.14808,1.14811,1.60,1.00
2017.01.20 17:05:49.286,1.14816,1.14817,2.25,1.48
2017.01.20 17:05:49.388,1.14816,1.14823,1.45,1.73
2017.01.20 17:05:49.591,1.14817,1.14823,1.60,1.00
2017.01.20 17:05:49.693,1.14815,1.1482,2.10,1.00
2017.01.20 17:05:49.744,1.14814,1.14819,1.60,1.19
2017.01.20 17:05:49.795,1.1481,1.14812,1.00,1.00
2017.01.20 17:05:49.846,1.14804,1.14811,1.12,1.50
2017.01.20 17:05:49.897,1.148,1.1481,1.50,1.25
2017.01.20 17:05:50.068,1.148,1.1481,1.35,2.44
2017.01.20 17:05:50.375,1.14826,1.14828,1.00,2.77
2017.01.20 17:05:50.428,1.14827,1.1483,1.00,10.11
2017.01.20 17:05:50.530,1.14831,1.14838,1.60,4.50
2017.01.20 17:05:50.632,1.14838,1.1484,1.35,1.12
2017.01.20 17:05:50.683,1.1485,1.14851,1.00,2.25
2017.01.20 17:05:51.014,1.14859,1.14864,1.00,1.00
2017.01.20 17:05:51.084,1.14867,1.14869,1.00,1.00
2017.01.20 17:05:51.338,1.14868,1.14881,1.11,2.25
2017.01.20 17:05:51.390,1.14866,1.14878,1.00,1.00
2017.01.20 17:05:51.694,1.14881,1.14887,1.43,1.00
2017.01.20 17:05:51.745,1.14881,1.14889,2.18,1.87
2017.01.20 17:05:51.796,1.14883,1.14893,1.73,2.25
2017.01.20 17:05:52.112,1.14874,1.1488,1.12,1.50
2017.01.20 17:05:52.214,1.14867,1.1488,2.23,1.00
2017.01.20 17:05:52.367,1.14869,1.14874,1.35,1.00
2017.01.20 17:05:52.520,1.14858,1.14866,1.60,1.00
2017.01.20 17:05:52.571,1.14858,1.14868,1.60,1.00
2017.01.20 17:05:52.622,1.14858,1.14867,1.60,1.69
2017.01.20 17:05:52.929,1.14829,1.1483,1.73,1.12
2017.01.20 17:05:53.146,1.14817,1.14825,2.06,3.00
2017.01.20 17:05:53.197,1.14819,1.14821,1.50,3.00
2017.01.20 17:05:53.248,1.14817,1.14818,1.00,2.62
2017.01.20 17:05:53.501,1.14808,1.14816,1.60,2.62
2017.01.20 17:05:53.640,1.14812,1.14818,1.60,2.25
2017.01.20 17:05:53.691,1.14814,1.14822,1.60,1.00
2017.01.20 17:05:53.742,1.14816,1.14825,2.25,1.00
2017.01.20 17:05:53.793,1.14816,1.14827,3.00,1.00
2017.01.20 17:05:53.844,1.14822,1.14828,1.00,1.00
2017.01.20 17:05:54.229,1.14843,1.14849,1.50,1.00
2017.01.20 17:05:54.540,1.14857,1.14862,1.00,1.00
2017.01.20 17:05:54.754,1.14865,1.14874,1.00,1.25
2017.01.20 17:05:54.805,1.14867,1.14874,1.12,1.00
2017.01.20 17:05:55.109,1.14876,1.14879,1.87,1.31
2017.01.20 17:05:55.159,1.14874,1.14878,2.25,1.25
2017.01.20 17:05:55.340,1.14871,1.14875,1.00,2.44
2017.01.20 17:05:55.423,1.14869,1.14872,1.37,1.50
2017.01.20 17:05:55.525,1.14866,1.14875,1.87,1.50
2017.01.20 17:05:55.779,1.14866,1.14872,1.12,1.00
2017.01.20 17:05:56.087,1.14849,1.14852,1.35,1.19
2017.01.20 17:05:56.291,1.14843,1.14852,1.50,1.31
2017.01.20 17:05:56.341,1.14844,1.14852,1.00,2.06
2017.01.20 17:05:56.447,1.14844,1.14852,1.00,2.06
2017.01.20 17:05:56.499,1.14842,1.14852,1.20,3.19
2017.01.20 17:05:56.702,1.1483,1.14841,1.00,2.44
2017.01.20 17:05:56.905,1.14835,1.14843,1.20,1.88
2017.01.20 17:05:57.211,1.14851,1.14859,1.50,2.62
2017.01.20 17:05:57.264,1.14853,1.14859,1.00,2.06
2017.01.20 17:05:57.315,1.14846,1.14853,1.50,1.12
2017.01.20 17:05:57.417,1.1485,1.14852,1.00,1.12
2017.01.20 17:05:57.641,1.14852,1.14861,1.45,4.41
2017.01.20 17:05:57.692,1.14853,1.14857,1.50,2.62
2017.01.20 17:05:57.997,1.14838,1.14841,1.14,1.00
2017.01.20 17:05:58.048,1.14833,1.14841,1.00,1.00
2017.01.20 17:05:58.352,1.14836,1.14842,1.00,3.94
2017.01.20 17:05:58.556,1.14831,1.14837,1.50,1.94
2017.01.20 17:05:58.659,1.14827,1.14834,2.25,1.12
2017.01.20 17:05:58.710,1.14827,1.14834,1.00,2.44
2017.01.20 17:05:59.048,1.14801,1.14807,1.22,1.00
2017.01.20 17:05:59.151,1.14799,1.14805,1.12,1.12
2017.01.20 17:05:59.253,1.14802,1.14809,1.00,3.51
2017.01.20 17:05:59.560,1.14827,1.14831,1.75,4.87
2017.01.20 17:05:59.612,1.14829,1.14832,1.37,1.00
2017.01.20 17:05:59.663,1.14835,1.14837,1.12,1.00
2017.01.20 17:05:59.875,1.14842,1.14846,1.37,1.50
2017.01.20 17:05:59.929,1.14848,1.14853,2.25,1.00
2017.01.20 17:05:59.980,1.14848,1.14858,2.25,1.69
2017.01.20 17:06:00.031,1.1485,1.14858,1.12,1.62
2017.01.20 17:06:00.337,1.14838,1.14842,1.37,1.00
2017.01.20 17:06:00.540,1.14833,1.14837,1.37,1.00
2017.01.20 17:06:00.911,1.14818,1.14821,1.00,1.12
2017.01.20 17:06:01.013,1.14824,1.14826,1.00,1.50
2017.01.20 17:06:01.064,1.14828,1.14831,1.00,1.31
2017.01.20 17:06:01.217,1.14821,1.14825,1.00,1.50
2017.01.20 17:06:01.268,1.14815,1.14817,1.37,1.00
2017.01.20 17:06:01.472,1.14788,1.14795,2.25,1.19
2017.01.20 17:06:01.523,1.14788,1.14795,1.00,1.00
2017.01.20 17:06:01.574,1.14788,1.14792,1.00,1.00
2017.01.20 17:06:01.676,1.14782,1.14789,1.00,1.00
2017.01.20 17:06:01.728,1.14782,1.14786,1.00,1.00
2017.01.20 17:06:02.074,1.14786,1.1479,1.75,1.37
2017.01.20 17:06:02.330,1.14794,1.14803,1.12,1.37
2017.01.20 17:06:02.534,1.14798,1.14808,1.87,1.87
2017.01.20 17:06:02.636,1.14798,1.14808,1.87,1.87
2017.01.20 17:06:02.738,1.14796,1.14806,1.75,1.44
2017.01.20 17:06:02.964,1.14794,1.14806,3.19,1.37
2017.01.20 17:06:03.117,1.14798,1.14807,1.00,1.10
2017.01.20 17:06:03.218,1.14804,1.14807,1.00,1.10
2017.01.20 17:06:03.523,1.14814,1.14822,1.12,1.37
2017.01.20 17:06:03.574,1.14816,1.14823,1.00,1.62
2017.01.20 17:06:03.828,1.14826,1.14833,1.00,2.62
2017.01.20 17:06:04.046,1.14826,1.14831,2.62,3.42
2017.01.20 17:06:04.097,1.14817,1.14819,1.00,1.00
2017.01.20 17:06:04.200,1.14813,1.14816,1.00,1.00
2017.01.20 17:06:04.251,1.14817,1.1482,1.00,1.92
2017.01.20 17:06:04.507,1.14811,1.14816,1.00,1.69
2017.01.20 17:06:04.560,1.14808,1.1481,1.00,1.00
2017.01.20 17:06:04.662,1.14805,1.1481,1.50,1.50
2017.01.20 17:06:04.865,1.14807,1.1481,1.50,1.12
2017.01.20 17:06:05.186,1.14811,1.14814,1.69,1.42
2017.01.20 17:06:05.243,1.14815,1.14818,1.00,1.00
2017.01.20 17:06:05.349,1.14807,1.14812,1.00,2.11
2017.01.20 17:06:05.400,1.14808,1.14813,1.00,1.95
2017.01.20 17:06:05.452,1.14807,1.14814,1.00,2.59
2017.01.20 17:06:05.605,1.14808,1.14814,1.50,1.00
2017.01.20 17:06:05.759,1.14807,1.1481,1.00,1.19
2017.01.20 17:06:05.811,1.14804,1.14808,1.00,1.25
2017.01.20 17:06:05.863,1.14804,1.14807,1.00,1.05
2017.01.20 17:06:05.964,1.14808,1.14812,1.00,4.31
2017.01.20 17:06:06.185,1.14806,1.14809,1.00,1.50
2017.01.20 17:06:06.238,1.14809,1.1481,1.00,1.00
2017.01.20 17:06:06.390,1.14809,1.14812,1.00,3.61
2017.01.20 17:06:06.492,1.14813,1.14815,1.00,2.62
2017.01.20 17:06:06.543,1.14813,1.14815,5.82,1.37
2017.01.20 17:06:06.595,1.14815,1.14817,5.81,3.75
2017.01.20 17:06:06.899,1.14834,1.14835,1.00,3.00
2017.01.20 17:06:07.203,1.14832,1.14835,1.00,1.25
2017.01.20 17:06:07.370,1.14825,1.14832,2.44,3.42
2017.01.20 17:06:07.580,1.14811,1.14812,1.00,1.00
2017.01.20 17:06:07.631,1.1481,1.14813,1.00,3.00
2017.01.20 17:06:07.733,1.14818,1.14819,1.00,1.00
2017.01.20 17:06:07.784,1.14814,1.14819,1.50,2.62
2017.01.20 17:06:07.987,1.14817,1.1482,1.00,1.00
2017.01.20 17:06:08.038,1.14818,1.1482,1.00,1.00
2017.01.20 17:06:08.342,1.14831,1.14834,1.00,3.00
2017.01.20 17:06:08.512,1.14834,1.14835,1.00,1.50
2017.01.20 17:06:08.563,1.14832,1.14835,1.50,1.00
2017.01.20 17:06:08.665,1.14837,1.14838,1.00,1.55
2017.01.20 17:06:08.818,1.14839,1.14841,1.50,1.37
2017.01.20 17:06:08.870,1.14841,1.14845,1.00,6.19
2017.01.20 17:06:08.921,1.14842,1.14845,1.00,4.50
2017.01.20 17:06:09.073,1.14844,1.14847,1.00,1.05
2017.01.20 17:06:09.334,1.14838,1.14841,1.00,1.19
2017.01.20 17:06:09.659,1.14817,1.14822,7.50,3.19
2017.01.20 17:06:09.710,1.14812,1.14817,1.00,1.37
2017.01.20 17:06:09.761,1.14804,1.14807,1.00,1.00
2017.01.20 17:06:09.812,1.14795,1.14797,4.87,1.37
2017.01.20 17:06:09.863,1.14792,1.14794,1.00,1.00
2017.01.20 17:06:09.914,1.14792,1.14794,1.00,1.37
2017.01.20 17:06:10.017,1.14781,1.14786,3.75,1.31
2017.01.20 17:06:10.068,1.14776,1.14779,1.00,2.50
2017.01.20 17:06:10.170,1.14772,1.14777,1.37,1.00
2017.01.20 17:06:10.271,1.14774,1.14775,1.00,1.00
2017.01.20 17:06:10.639,1.14758,1.1476,1.50,1.00
2017.01.20 17:06:11.097,1.14765,1.14767,1.00,6.42
2017.01.20 17:06:11.148,1.14764,1.14766,3.19,1.87
2017.01.20 17:06:11.199,1.1477,1.14772,1.00,1.87
2017.01.20 17:06:11.607,1.14772,1.14774,1.00,1.00
2017.01.20 17:06:11.658,1.14773,1.14774,1.00,1.00
2017.01.20 17:06:11.933,1.1478,1.14782,1.00,1.31
2017.01.20 17:06:11.984,1.14779,1.14785,1.50,2.67
2017.01.20 17:06:12.089,1.14772,1.14778,1.00,2.17
2017.01.20 17:06:12.192,1.14777,1.1478,1.50,1.05
2017.01.20 17:06:12.497,1.14783,1.14785,1.00,2.25
2017.01.20 17:06:12.790,1.1479,1.14794,2.25,3.37
2017.01.20 17:06:12.842,1.14794,1.14798,1.00,5.25
2017.01.20 17:06:12.893,1.14796,1.14802,1.00,1.56
2017.01.20 17:06:12.995,1.14801,1.14805,1.00,1.74
2017.01.20 17:06:13.097,1.14803,1.14805,1.00,1.00
2017.01.20 17:06:13.148,1.14805,1.14807,1.00,1.00
2017.01.20 17:06:13.301,1.14805,1.14809,1.50,1.06
2017.01.20 17:06:13.352,1.14798,1.14799,1.12,1.50
2017.01.20 17:06:13.405,1.14788,1.14791,5.62,1.19
2017.01.20 17:06:13.457,1.14784,1.14787,8.24,1.25
2017.01.20 17:06:13.526,1.14783,1.14787,3.75,1.37
2017.01.20 17:06:13.577,1.14782,1.14788,1.00,2.25
2017.01.20 17:06:13.628,1.14785,1.1479,1.00,1.00
2017.01.20 17:06:13.948,1.14772,1.14776,1.00,1.00
2017.01.20 17:06:14.101,1.14777,1.14784,1.00,3.05
2017.01.20 17:06:14.152,1.1478,1.14787,1.50,2.30
2017.01.20 17:06:14.456,1.14787,1.14791,1.00,1.17
2017.01.20 17:06:14.660,1.14781,1.14788,1.50,1.69
2017.01.20 17:06:14.711,1.14778,1.14781,1.50,1.00
2017.01.20 17:06:14.908,1.14775,1.14782,1.50,4.17
2017.01.20 17:06:14.961,1.14775,1.14782,1.50,1.00
2017.01.20 17:06:15.065,1.14775,1.14782,3.37,1.00
2017.01.20 17:06:15.370,1.14783,1.1479,1.00,1.61
2017.01.20 17:06:15.523,1.14784,1.14791,1.00,2.30
2017.01.20 17:06:15.624,1.14781,1.14789,1.50,1.42
2017.01.20 17:06:15.929,1.14782,1.1479,1.12,2.66
2017.01.20 17:06:15.980,1.1478,1.14783,1.00,1.30
2017.01.20 17:06:16.301,1.14774,1.14778,1.00,1.92
2017.01.20 17:06:16.406,1.14769,1.1477,1.00,1.00
2017.01.20 17:06:16.486,1.14762,1.1477,1.50,1.55
2017.01.20 17:06:16.638,1.14761,1.14766,1.00,1.00
2017.01.20 17:06:16.944,1.14773,1.14778,1.00,3.37
2017.01.20 17:06:16.995,1.14776,1.1478,1.00,1.00
2017.01.20 17:06:17.164,1.14769,1.14775,1.56,1.17
2017.01.20 17:06:17.369,1.14749,1.14751,2.62,1.55
2017.01.20 17:06:17.462,1.14748,1.1475,1.00,2.25
2017.01.20 17:06:17.564,1.1475,1.14751,1.00,1.55
2017.01.20 17:06:17.716,1.14756,1.14761,1.37,2.06
2017.01.20 17:06:17.767,1.14758,1.14761,1.12,1.87
2017.01.20 17:06:17.921,1.1475,1.14753,2.25,1.00
2017.01.20 17:06:18.089,1.14752,1.14755,1.00,3.00
2017.01.20 17:06:18.195,1.14761,1.14765,2.62,1.00
2017.01.20 17:06:18.295,1.14759,1.14761,1.12,1.00
2017.01.20 17:06:18.346,1.14758,1.14771,1.50,3.05
2017.01.20 17:06:18.398,1.14762,1.14771,1.00,1.42
2017.01.20 17:06:18.704,1.14764,1.14771,1.50,2.67
2017.01.20 17:06:18.857,1.14771,1.14777,1.87,1.12
2017.01.20 17:06:19.042,1.1477,1.14773,1.00,1.50
2017.01.20 17:06:19.150,1.14767,1.14776,1.95,1.12
2017.01.20 17:06:19.252,1.14772,1.14777,1.00,1.62
2017.01.20 17:06:19.353,1.14769,1.14775,1.87,1.00
2017.01.20 17:06:19.558,1.14769,1.14777,3.37,1.25
2017.01.20 17:06:19.608,1.14769,1.14777,3.37,1.25
2017.01.20 17:06:19.913,1.1477,1.14779,1.75,4.31
2017.01.20 17:06:20.065,1.14778,1.14783,1.00,1.50
2017.01.20 17:06:20.210,1.14778,1.14784,1.37,1.37
2017.01.20 17:06:20.362,1.1478,1.14786,1.37,1.19
2017.01.20 17:06:20.565,1.1478,1.14783,1.37,1.00
2017.01.20 17:06:20.819,1.14778,1.14782,2.62,1.00
2017.01.20 17:06:21.073,1.14779,1.14785,1.37,1.44
2017.01.20 17:06:21.491,1.14779,1.14781,1.37,1.00
2017.01.20 17:06:21.542,1.14778,1.14784,1.75,2.44
2017.01.20 17:06:21.694,1.14783,1.14786,1.00,1.25
2017.01.20 17:06:21.998,1.1479,1.14796,1.12,1.31
2017.01.20 17:06:22.343,1.14788,1.1479,1.87,1.00
2017.01.20 17:06:22.654,1.1476,1.14762,10.50,1.50
2017.01.20 17:06:22.705,1.1476,1.14762,1.00,1.00
2017.01.20 17:06:22.807,1.14756,1.14757,1.00,1.00
2017.01.20 17:06:22.858,1.14753,1.14754,1.06,1.00
2017.01.20 17:06:22.909,1.1475,1.14751,1.50,1.00
2017.01.20 17:06:23.011,1.1475,1.14752,3.00,1.00
2017.01.20 17:06:23.114,1.1475,1.14754,1.37,1.00
2017.01.20 17:06:23.165,1.1475,1.14758,1.87,1.50
2017.01.20 17:06:23.216,1.1475,1.14756,1.37,1.00
2017.01.20 17:06:23.557,1.14743,1.1475,1.37,1.00
2017.01.20 17:06:23.861,1.14748,1.14754,1.00,1.19
2017.01.20 17:06:23.912,1.14752,1.14757,1.62,1.50
2017.01.20 17:06:23.963,1.14753,1.14758,1.37,1.50
2017.01.20 17:06:24.014,1.14754,1.14759,1.37,1.12
2017.01.20 17:06:24.116,1.14755,1.14761,1.37,1.00
2017.01.20 17:06:24.271,1.14753,1.14755,1.12,2.50
2017.01.20 17:06:24.591,1.14724,1.14731,13.12,1.75
2017.01.20 17:06:24.642,1.14727,1.14732,5.25,1.31
2017.01.20 17:06:24.744,1.14735,1.14737,1.87,1.00
2017.01.20 17:06:24.795,1.14738,1.1474,1.37,1.50
2017.01.20 17:06:24.998,1.14738,1.14745,1.87,1.50
2017.01.20 17:06:25.049,1.14745,1.14747,1.50,1.00
2017.01.20 17:06:25.370,1.14756,1.14757,1.00,8.25
2017.01.20 17:06:25.500,1.14758,1.1476,1.12,2.25
2017.01.20 17:06:25.551,1.14758,1.14763,1.37,3.75
2017.01.20 17:06:25.602,1.1476,1.14764,1.37,1.12
2017.01.20 17:06:25.656,1.14761,1.14764,1.37,1.12
2017.01.20 17:06:26.138,1.1477,1.14774,1.37,3.00
2017.01.20 17:06:26.240,1.14775,1.14777,1.31,4.87
2017.01.20 17:06:26.400,1.14778,1.1478,1.00,3.00
2017.01.20 17:06:26.502,1.14778,1.14782,1.00,1.19
2017.01.20 17:06:26.553,1.14778,1.14782,1.00,1.00
2017.01.20 17:06:26.604,1.14779,1.14784,1.00,1.00
2017.01.20 17:06:26.655,1.14782,1.14784,1.00,1.00
2017.01.20 17:06:26.706,1.14784,1.14788,1.00,1.00
2017.01.20 17:06:26.757,1.14783,1.1479,1.37,1.12
2017.01.20 17:06:27.064,1.14794,1.148,1.37,2.62
2017.01.20 17:06:27.166,1.14794,1.14795,1.00,1.00
2017.01.20 17:06:27.405,1.14793,1.14797,1.37,1.00
2017.01.20 17:06:27.456,1.14793,1.14795,1.12,1.00
2017.01.20 17:06:27.760,1.14817,1.14818,1.12,1.87
2017.01.20 17:06:28.064,1.14823,1.14827,1.37,1.50
2017.01.20 17:06:28.166,1.14824,1.14828,1.37,1.00
2017.01.20 17:06:28.217,1.14824,1.14829,1.87,1.00
2017.01.20 17:06:28.319,1.14827,1.14829,1.00,1.00
2017.01.20 17:06:28.420,1.14832,1.14835,1.37,1.00
2017.01.20 17:06:28.471,1.14836,1.14841,1.00,2.81
2017.01.20 17:06:28.631,1.14831,1.14833,1.00,1.50
2017.01.20 17:06:28.935,1.14837,1.14841,2.62,1.75
2017.01.20 17:06:29.037,1.14841,1.14846,1.12,1.12
2017.01.20 17:06:29.145,1.1484,1.14846,2.25,1.12
2017.01.20 17:06:29.623,1.14831,1.14836,3.75,1.05
2017.01.20 17:06:29.727,1.14825,1.14831,2.25,2.18
2017.01.20 17:06:29.880,1.14824,1.14826,1.50,1.00
2017.01.20 17:06:29.932,1.14822,1.14823,1.00,1.00
2017.01.20 17:06:29.984,1.14819,1.14825,1.50,2.93
2017.01.20 17:06:30.035,1.14817,1.14824,1.88,1.68
2017.01.20 17:06:30.188,1.14819,1.14827,1.50,1.68
2017.01.20 17:06:30.606,1.1482,1.14821,1.00,1.25
2017.01.20 17:06:30.934,1.148,1.14806,1.12,1.37
2017.01.20 17:06:31.335,1.14797,1.14798,1.50,1.00
2017.01.20 17:06:31.438,1.14798,1.14804,1.50,1.37
2017.01.20 17:06:31.691,1.14801,1.14806,1.00,2.62
2017.01.20 17:06:32.019,1.14802,1.14806,1.00,2.81
2017.01.20 17:06:32.119,1.14799,1.14805,1.00,1.69
2017.01.20 17:06:32.221,1.14804,1.14806,1.00,1.80
2017.01.20 17:06:32.323,1.14816,1.14817,1.00,1.87
2017.01.20 17:06:32.375,1.1482,1.14821,1.00,4.80
2017.01.20 17:06:32.535,1.14824,1.14826,1.12,2.55
2017.01.20 17:06:32.586,1.14827,1.1483,1.00,2.55
2017.01.20 17:06:32.637,1.14825,1.14828,1.50,1.50
2017.01.20 17:06:32.688,1.14825,1.14831,3.00,1.30
2017.01.20 17:06:32.841,1.14834,1.14835,1.00,1.50
2017.01.20 17:06:32.892,1.14837,1.14839,1.00,2.25
2017.01.20 17:06:33.022,1.14835,1.14838,1.00,1.00
2017.01.20 17:06:33.073,1.1484,1.14844,1.00,1.00
2017.01.20 17:06:33.175,1.14835,1.1484,2.62,1.00
2017.01.20 17:06:33.327,1.14838,1.14841,1.12,1.00
2017.01.20 17:06:33.681,1.1484,1.14843,1.19,1.00
2017.01.20 17:06:33.732,1.14843,1.14845,1.12,1.00
2017.01.20 17:06:33.834,1.14838,1.14839,1.87,1.25
2017.01.20 17:06:33.936,1.14833,1.14838,1.25,1.50
2017.01.20 17:06:34.243,1.14831,1.14836,1.69,1.00
2017.01.20 17:06:34.547,1.14821,1.14826,1.37,1.00
2017.01.20 17:06:34.750,1.14821,1.14827,1.00,1.00
2017.01.20 17:06:34.851,1.14821,1.14825,1.00,1.00
2017.01.20 17:06:35.282,1.14819,1.14826,1.00,1.25
2017.01.20 17:06:35.535,1.14814,1.14816,1.31,1.00
2017.01.20 17:06:35.841,1.1481,1.14812,1.00,1.00
2017.01.20 17:06:36.195,1.14811,1.14814,1.00,3.45
2017.01.20 17:06:36.246,1.14812,1.14817,1.00,1.00
2017.01.20 17:06:36.297,1.14812,1.14814,1.00,1.00
2017.01.20 17:06:36.348,1.14807,1.14812,1.37,3.75
2017.01.20 17:06:36.449,1.14806,1.14812,1.00,1.50
2017.01.20 17:06:36.558,1.14804,1.14812,1.50,1.50
2017.01.20 17:06:36.843,1.14798,1.14805,1.75,1.75
2017.01.20 17:06:37.186,1.14787,1.14789,1.00,1.00
2017.01.20 17:06:37.650,1.14783,1.14787,2.44,1.50
2017.01.20 17:06:37.701,1.14783,1.14784,1.50,1.69
2017.01.20 17:06:37.834,1.14775,1.1478,2.06,1.75
2017.01.20 17:06:38.142,1.1477,1.14775,1.12,3.00
2017.01.20 17:06:38.193,1.14769,1.14771,1.50,1.37
2017.01.20 17:06:38.244,1.14768,1.14771,1.12,1.37
2017.01.20 17:06:38.360,1.14768,1.14769,1.00,1.00
2017.01.20 17:06:38.664,1.1477,1.14772,1.25,1.12
2017.01.20 17:06:38.715,1.1477,1.14774,1.25,1.00
2017.01.20 17:06:38.766,1.14772,1.14777,1.00,2.62
2017.01.20 17:06:39.272,1.14773,1.14778,1.00,1.87
2017.01.20 17:06:39.874,1.14774,1.14778,1.00,1.87
2017.01.20 17:06:40.178,1.1478,1.14781,1.25,1.50
2017.01.20 17:06:40.280,1.14779,1.14785,1.19,1.00
2017.01.20 17:06:40.483,1.14785,1.1479,1.00,1.50
2017.01.20 17:06:40.787,1.14802,1.14805,1.12,4.00
2017.01.20 17:06:40.838,1.14811,1.14816,1.19,1.12
2017.01.20 17:06:40.889,1.14814,1.14817,2.87,1.50
2017.01.20 17:06:41.145,1.14817,1.14825,1.37,1.00
2017.01.20 17:06:41.196,1.14819,1.14821,1.12,1.25
2017.01.20 17:06:41.298,1.14815,1.14818,1.37,1.00
2017.01.20 17:06:41.350,1.14809,1.14812,1.00,1.50
2017.01.20 17:06:41.513,1.14807,1.14812,2.25,1.00
2017.01.20 17:06:41.565,1.1481,1.14816,1.00,1.00
2017.01.20 17:06:41.667,1.14806,1.14811,1.37,1.00
2017.01.20 17:06:41.973,1.14797,1.14804,2.25,1.25
2017.01.20 17:06:42.078,1.14798,1.14803,1.00,1.00
2017.01.20 17:06:42.282,1.14795,1.14796,1.12,2.55
2017.01.20 17:06:42.483,1.14794,1.14797,1.00,1.50
2017.01.20 17:06:42.557,1.14803,1.14804,1.00,1.00
2017.01.20 17:06:42.709,1.14809,1.14813,1.50,1.87
2017.01.20 17:06:42.760,1.14809,1.14813,1.37,1.00
2017.01.20 17:06:42.912,1.14809,1.14815,1.37,1.00
2017.01.20 17:06:43.317,1.1481,1.14818,1.37,3.00
2017.01.20 17:06:43.469,1.14809,1.14814,1.62,1.00
2017.01.20 17:06:43.735,1.14802,1.14808,1.19,1.00
2017.01.20 17:06:43.837,1.14803,1.1481,1.19,1.00
2017.01.20 17:06:43.939,1.14806,1.14813,1.69,1.00
2017.01.20 17:06:43.991,1.14808,1.14815,1.25,1.12
2017.01.20 17:06:44.246,1.14808,1.14816,2.06,1.00
2017.01.20 17:06:45.089,1.14808,1.14815,1.37,2.17
2017.01.20 17:06:45.242,1.14807,1.14813,1.37,1.50
2017.01.20 17:06:45.366,1.14801,1.14806,1.50,1.00
2017.01.20 17:06:45.771,1.14804,1.14806,1.00,1.00
2017.01.20 17:06:45.994,1.14806,1.14809,1.12,1.00
2017.01.20 17:06:46.096,1.14806,1.14812,1.12,1.19
2017.01.20 17:06:46.600,1.14807,1.14812,1.00,1.19
2017.01.20 17:06:46.651,1.14808,1.14815,1.25,4.69
2017.01.20 17:06:46.702,1.14818,1.14819,1.00,3.37
2017.01.20 17:06:46.905,1.14828,1.14831,1.69,1.00
2017.01.20 17:06:46.957,1.14828,1.14832,1.62,2.62
2017.01.20 17:06:47.054,1.14828,1.14836,2.06,2.44
2017.01.20 17:06:47.105,1.14828,1.14836,1.62,1.69
2017.01.20 17:06:47.418,1.14828,1.14834,1.56,1.12
2017.01.20 17:06:47.724,1.14818,1.14824,2.06,1.75
2017.01.20 17:06:48.029,1.1481,1.14812,1.37,1.50
2017.01.20 17:06:48.080,1.14807,1.14811,1.00,1.75
2017.01.20 17:06:48.132,1.14806,1.14811,1.12,1.75
2017.01.20 17:06:48.183,1.14807,1.14811,1.37,1.75
2017.01.20 17:06:48.344,1.14809,1.1481,1.00,2.25
2017.01.20 17:06:48.395,1.14802,1.14803,1.00,1.10
2017.01.20 17:06:48.446,1.148,1.14802,1.50,1.45
2017.01.20 17:06:48.498,1.14795,1.14802,1.50,3.00
2017.01.20 17:06:48.549,1.14798,1.148,1.00,1.00
2017.01.20 17:06:48.754,1.14787,1.14795,3.45,2.25
2017.01.20 17:06:48.805,1.14789,1.14795,1.00,3.00
2017.01.20 17:06:48.856,1.14788,1.1479,1.00,1.12
2017.01.20 17:06:48.907,1.14782,1.14789,2.25,1.50
2017.01.20 17:06:48.958,1.14783,1.14789,1.12,1.75
2017.01.20 17:06:49.322,1.14796,1.14797,1.00,1.00
2017.01.20 17:06:49.378,1.14799,1.14804,1.50,1.12
2017.01.20 17:06:49.626,1.14796,1.14803,1.31,1.00
2017.01.20 17:06:49.829,1.14797,1.14804,1.00,1.75
2017.01.20 17:06:50.134,1.14794,1.14797,1.25,2.62
2017.01.20 17:06:50.466,1.14795,1.14801,1.00,1.75
2017.01.20 17:06:50.518,1.14792,1.14799,1.00,1.50
2017.01.20 17:06:50.569,1.14791,1.14795,1.69,1.00
2017.01.20 17:06:50.877,1.14802,1.14804,1.50,3.75
2017.01.20 17:06:50.928,1.14802,1.14805,4.69,1.12
2017.01.20 17:06:50.979,1.14806,1.14809,1.00,1.50
2017.01.20 17:06:51.281,1.14816,1.14819,1.37,1.50
2017.01.20 17:06:51.332,1.14813,1.14821,3.37,1.00
2017.01.20 17:06:51.486,1.14809,1.14811,6.00,1.00
2017.01.20 17:06:51.537,1.14807,1.14809,1.37,1.00
2017.01.20 17:06:51.589,1.14805,1.14806,1.00,1.00
2017.01.20 17:06:51.691,1.14799,1.14803,1.00,1.00
2017.01.20 17:06:51.793,1.14801,1.14804,1.19,1.00
2017.01.20 17:06:52.046,1.14803,1.14809,1.00,1.00
2017.01.20 17:06:52.380,1.14806,1.14811,1.00,1.00
2017.01.20 17:06:52.531,1.14806,1.14814,2.25,2.14
2017.01.20 17:06:52.584,1.14815,1.14817,1.50,3.00
2017.01.20 17:06:52.635,1.14817,1.14818,1.50,1.00
2017.01.20 17:06:52.687,1.14819,1.1482,1.00,1.00
2017.01.20 17:06:52.738,1.14828,1.14829,1.00,12.00
2017.01.20 17:06:53.044,1.14842,1.14845,3.00,1.79
2017.01.20 17:06:53.095,1.14843,1.14847,3.37,1.79
2017.01.20 17:06:53.147,1.14846,1.14849,1.12,1.00
2017.01.20 17:06:53.332,1.14843,1.14845,2.06,1.00
2017.01.20 17:06:53.638,1.14839,1.14841,1.00,2.25
2017.01.20 17:06:53.741,1.14836,1.14839,3.19,1.00
2017.01.20 17:06:53.793,1.14836,1.14837,1.00,1.00
2017.01.20 17:06:53.846,1.14833,1.14836,1.25,1.12
2017.01.20 17:06:53.897,1.14832,1.14836,1.00,1.12
2017.01.20 17:06:53.948,1.1483,1.14833,2.06,1.37
2017.01.20 17:06:54.253,1.1483,1.14836,1.00,3.00
2017.01.20 17:06:54.305,1.14828,1.14836,1.69,3.00
2017.01.20 17:06:54.538,1.14832,1.14837,1.00,1.50
2017.01.20 17:06:54.843,1.14836,1.14838,1.69,1.00
2017.01.20 17:06:54.945,1.14838,1.14841,1.00,1.12
2017.01.20 17:06:54.996,1.14842,1.14845,1.19,5.62
2017.01.20 17:06:55.149,1.14851,1.14855,1.25,2.25
2017.01.20 17:06:55.251,1.14851,1.14857,1.25,3.00
2017.01.20 17:06:55.355,1.14845,1.14851,1.12,1.50
2017.01.20 17:06:55.666,1.14847,1.14852,1.50,4.87
2017.01.20 17:06:55.971,1.14844,1.14849,3.56,6.00
2017.01.20 17:06:56.276,1.1484,1.14842,1.00,1.87
2017.01.20 17:06:56.327,1.14835,1.1484,1.37,1.12
2017.01.20 17:06:56.846,1.14834,1.1484,2.06,1.50
2017.01.20 17:06:57.262,1.14835,1.1484,1.62,1.50
2017.01.20 17:06:57.414,1.14839,1.14843,1.25,1.12
2017.01.20 17:06:57.475,1.1484,1.14845,1.37,3.75
2017.01.20 17:06:57.526,1.1484,1.14845,1.37,3.37
2017.01.20 17:06:57.737,1.14839,1.14841,1.31,1.00
2017.01.20 17:06:57.839,1.14834,1.1484,1.69,1.00
2017.01.20 17:06:58.183,1.14835,1.14839,1.00,1.50
2017.01.20 17:06:58.439,1.14838,1.14845,1.67,8.25
2017.01.20 17:06:58.929,1.14839,1.1484,1.12,1.00
2017.01.20 17:06:59.082,1.14831,1.14833,1.37,1.00
2017.01.20 17:06:59.183,1.14827,1.1483,1.50,4.50
2017.01.20 17:06:59.361,1.14821,1.14825,1.12,1.00
2017.01.20 17:06:59.468,1.14823,1.1483,1.50,1.87
2017.01.20 17:06:59.571,1.14825,1.14832,1.00,1.87
2017.01.20 17:06:59.827,1.14825,1.14829,1.00,2.40
2017.01.20 17:06:59.981,1.14819,1.14824,1.00,2.25
2017.01.20 17:07:00.033,1.14821,1.14824,1.50,2.25
2017.01.20 17:07:00.136,1.14823,1.14829,1.00,4.50
2017.01.20 17:07:00.189,1.14825,1.1483,1.00,2.25
2017.01.20 17:07:00.482,1.14811,1.14816,1.12,1.50
2017.01.20 17:07:00.533,1.1481,1.14812,1.00,1.50
2017.01.20 17:07:00.685,1.14808,1.14815,1.00,1.20
2017.01.20 17:07:01.192,1.14807,1.14814,1.00,1.00
2017.01.20 17:07:01.554,1.1481,1.14815,1.00,3.07
2017.01.20 17:07:02.149,1.1481,1.14816,1.25,1.50
2017.01.20 17:07:02.454,1.1483,1.14833,1.00,1.87
2017.01.20 17:07:02.607,1.14828,1.14835,1.19,1.00
2017.01.20 17:07:02.878,1.14829,1.14837,1.50,1.00
2017.01.20 17:07:02.929,1.14832,1.14837,1.00,1.50
2017.01.20 17:07:03.082,1.14826,1.14832,1.00,1.00
2017.01.20 17:07:03.184,1.1483,1.14836,1.00,3.37
2017.01.20 17:07:03.438,1.14827,1.14834,1.69,1.50
2017.01.20 17:07:03.761,1.14829,1.14834,1.69,1.00
2017.01.20 17:07:03.812,1.14829,1.14836,3.19,1.00
2017.01.20 17:07:04.204,1.1483,1.14834,1.25,1.00
2017.01.20 17:07:04.711,1.14829,1.14833,1.75,1.50
2017.01.20 17:07:05.015,1.14824,1.14828,1.50,4.50
2017.01.20 17:07:05.117,1.14825,1.14831,1.75,1.00
2017.01.20 17:07:05.359,1.14825,1.14826,1.00,1.00
2017.01.20 17:07:05.461,1.14819,1.14826,2.06,1.00
2017.01.20 17:07:05.512,1.14819,1.14824,3.19,1.00
2017.01.20 17:07:06.014,1.14819,1.14825,2.81,3.00
2017.01.20 17:07:06.321,1.14814,1.14818,1.50,1.00
2017.01.20 17:07:06.641,1.14809,1.1481,1.00,2.25
2017.01.20 17:07:06.693,1.14807,1.14808,1.87,4.50
2017.01.20 17:07:06.798,1.14806,1.1481,1.37,1.00
2017.01.20 17:07:07.053,1.14794,1.14801,15.00,3.62
2017.01.20 17:07:07.104,1.14791,1.14795,10.11,1.37
2017.01.20 17:07:07.155,1.14782,1.14784,8.25,1.00
2017.01.20 17:07:07.206,1.14783,1.14784,1.00,2.25
2017.01.20 17:07:07.257,1.14783,1.14789,1.00,1.00
2017.01.20 17:07:07.308,1.14781,1.14786,1.00,1.00
2017.01.20 17:07:07.641,1.14769,1.1477,1.12,4.50
2017.01.20 17:07:07.947,1.14755,1.14761,1.00,1.00
2017.01.20 17:07:07.998,1.1476,1.14762,1.00,1.00
2017.01.20 17:07:08.048,1.1476,1.14766,1.00,1.00
2017.01.20 17:07:08.100,1.14763,1.14768,1.00,1.50
2017.01.20 17:07:08.302,1.14761,1.14769,1.00,3.00
2017.01.20 17:07:08.479,1.14759,1.14765,1.12,2.25
2017.01.20 17:07:08.783,1.14754,1.14759,2.06,1.00
2017.01.20 17:07:09.037,1.14739,1.14742,1.75,1.00
2017.01.20 17:07:09.191,1.1474,1.14746,1.00,1.00
2017.01.20 17:07:09.242,1.14743,1.14747,1.00,2.62
2017.01.20 17:07:09.557,1.14748,1.14753,1.19,1.50
2017.01.20 17:07:09.709,1.14754,1.14759,1.19,1.00
2017.01.20 17:07:09.760,1.14756,1.14764,1.69,2.25
2017.01.20 17:07:10.014,1.14759,1.14766,1.69,1.50
2017.01.20 17:07:10.320,1.14758,1.1476,1.00,1.00
2017.01.20 17:07:10.632,1.14746,1.14749,1.00,1.00
2017.01.20 17:07:10.734,1.14749,1.14751,1.00,1.50
2017.01.20 17:07:11.140,1.14746,1.14749,1.00,1.00
2017.01.20 17:07:11.445,1.14742,1.1475,1.00,1.00
2017.01.20 17:07:11.903,1.14743,1.14751,1.19,1.50
2017.01.20 17:07:12.209,1.14737,1.1474,1.00,3.00
2017.01.20 17:07:12.260,1.14732,1.1474,2.06,3.00
2017.01.20 17:07:12.562,1.14732,1.14734,1.12,1.00
2017.01.20 17:07:12.868,1.14718,1.14721,2.25,1.00
2017.01.20 17:07:12.921,1.14719,1.14722,1.00,1.87
2017.01.20 17:07:13.330,1.14723,1.14725,1.19,1.50
2017.01.20 17:07:13.635,1.14741,1.14743,1.50,4.75
2017.01.20 17:07:13.687,1.14738,1.14743,2.62,1.00
2017.01.20 17:07:13.738,1.14738,1.1474,1.50,1.50
2017.01.20 17:07:14.079,1.14742,1.14749,1.37,1.50
2017.01.20 17:07:14.131,1.14742,1.1475,3.56,1.50
2017.01.20 17:07:14.363,1.14745,1.14752,1.62,1.50
2017.01.20 17:07:14.460,1.14747,1.14752,1.37,1.00
2017.01.20 17:07:14.562,1.14743,1.14751,2.44,1.00
2017.01.20 17:07:14.613,1.14745,1.14751,1.25,1.00
2017.01.20 17:07:14.950,1.14761,1.14766,1.00,1.00
2017.01.20 17:07:15.255,1.14744,1.14748,1.12,1.00
2017.01.20 17:07:15.347,1.14743,1.14747,1.12,1.00
2017.01.20 17:07:15.399,1.14749,1.14751,1.00,1.00
2017.01.20 17:07:15.783,1.14773,1.14777,1.05,2.99
2017.01.20 17:07:15.885,1.14773,1.14775,1.05,1.00
2017.01.20 17:07:16.038,1.14775,1.14776,1.00,1.00
2017.01.20 17:07:16.293,1.14776,1.14781,1.05,1.53
2017.01.20 17:07:16.445,1.14777,1.14782,3.49,3.75
2017.01.20 17:07:16.547,1.14779,1.14781,1.12,1.00
2017.01.20 17:07:16.649,1.14769,1.14772,1.50,1.50
2017.01.20 17:07:16.823,1.14766,1.14767,1.50,1.00
2017.01.20 17:07:16.874,1.14762,1.14766,1.00,1.50
2017.01.20 17:07:16.925,1.14762,1.14763,1.00,1.00
2017.01.20 17:07:17.026,1.14757,1.14763,1.00,1.12
2017.01.20 17:07:17.077,1.14757,1.14761,1.00,1.00
2017.01.20 17:07:17.128,1.14753,1.14758,1.50,1.00
2017.01.20 17:07:17.230,1.14759,1.14762,1.00,1.50
2017.01.20 17:07:17.332,1.1476,1.14766,1.00,1.75
2017.01.20 17:07:17.383,1.14762,1.14767,1.00,3.37
2017.01.20 17:07:17.490,1.14764,1.1477,1.00,2.62
2017.01.20 17:07:17.847,1.14766,1.1477,1.00,1.00
2017.01.20 17:07:17.949,1.14765,1.14772,1.50,1.00
2017.01.20 17:07:18.000,1.14774,1.14775,1.25,1.50
2017.01.20 17:07:18.051,1.14776,1.14777,1.00,1.87
2017.01.20 17:07:18.357,1.14772,1.14773,1.12,1.50
2017.01.20 17:07:18.459,1.14775,1.14776,1.25,1.00
2017.01.20 17:07:18.510,1.14777,1.14779,1.25,3.75
2017.01.20 17:07:18.663,1.14778,1.14781,1.00,1.00
2017.01.20 17:07:18.714,1.14779,1.14781,2.62,1.00
2017.01.20 17:07:18.765,1.14777,1.14779,1.00,1.00
2017.01.20 17:07:18.914,1.14777,1.14781,1.31,1.00
2017.01.20 17:07:18.965,1.14776,1.14782,1.56,1.50
2017.01.20 17:07:19.220,1.1478,1.14783,1.40,1.00
2017.01.20 17:07:19.380,1.14783,1.14791,3.64,2.62
2017.01.20 17:07:19.503,1.14784,1.14791,1.62,1.50
2017.01.20 17:07:19.605,1.14781,1.14783,1.12,1.00
2017.01.20 17:07:19.809,1.1477,1.14775,1.87,1.00
2017.01.20 17:07:20.051,1.14778,1.1478,1.00,1.37
2017.01.20 17:07:20.356,1.14787,1.14793,2.81,2.25
2017.01.20 17:07:20.407,1.14787,1.14795,4.31,1.00
2017.01.20 17:07:20.761,1.1479,1.14799,1.69,3.75
2017.01.20 17:07:20.812,1.1479,1.14797,1.69,1.00
2017.01.20 17:07:21.152,1.14787,1.14788,1.87,1.00
2017.01.20 17:07:21.355,1.14786,1.1479,1.00,2.25
2017.01.20 17:07:21.406,1.14786,1.1479,1.00,2.25
2017.01.20 17:07:21.457,1.14781,1.14788,1.00,1.50
2017.01.20 17:07:21.508,1.1478,1.14783,1.12,1.50
2017.01.20 17:07:21.559,1.14777,1.14781,1.12,1.00
2017.01.20 17:07:21.664,1.14772,1.14781,1.31,1.00
2017.01.20 17:07:21.818,1.14769,1.14772,2.06,1.00
2017.01.20 17:07:21.869,1.14766,1.14771,1.12,1.00
2017.01.20 17:07:21.921,1.14764,1.1477,1.87,1.00
2017.01.20 17:07:22.116,1.14762,1.14771,1.25,1.55
2017.01.20 17:07:22.204,1.1477,1.14772,1.69,1.05
2017.01.20 17:07:22.511,1.14784,1.14791,1.00,1.37
2017.01.20 17:07:22.562,1.14782,1.14791,2.06,1.87
2017.01.20 17:07:22.613,1.14782,1.1479,1.69,1.00
2017.01.20 17:07:22.867,1.1478,1.14789,5.06,1.00
2017.01.20 17:07:22.918,1.14782,1.14789,1.00,1.00
2017.01.20 17:07:23.264,1.14795,1.14801,1.25,1.00
2017.01.20 17:07:23.569,1.14805,1.14808,1.00,1.87
2017.01.20 17:07:23.621,1.14805,1.14809,1.00,2.62
2017.01.20 17:07:23.672,1.14801,1.14808,1.37,1.00
2017.01.20 17:07:23.876,1.14798,1.14804,1.87,1.00
2017.01.20 17:07:24.079,1.14793,1.14796,1.00,1.55
2017.01.20 17:07:24.292,1.14792,1.14794,1.00,1.50
2017.01.20 17:07:24.444,1.14787,1.14795,1.87,1.55
2017.01.20 17:07:24.675,1.14785,1.14794,2.06,1.25
2017.01.20 17:07:24.776,1.14786,1.14795,1.00,1.00
2017.01.20 17:07:25.030,1.14786,1.14794,1.00,2.75
2017.01.20 17:07:25.405,1.14785,1.14786,1.25,1.00
2017.01.20 17:07:25.465,1.1478,1.14785,1.69,1.00
2017.01.20 17:07:25.516,1.1478,1.14785,1.00,1.00
2017.01.20 17:07:25.567,1.14781,1.14788,1.50,1.00
2017.01.20 17:07:25.822,1.14787,1.14789,1.00,1.00
2017.01.20 17:07:25.873,1.14788,1.14791,1.50,1.00
2017.01.20 17:07:26.076,1.14791,1.14792,1.00,1.00
2017.01.20 17:07:26.279,1.14793,1.148,2.62,1.00
2017.01.20 17:07:26.484,1.1479,1.14793,1.69,3.38
2017.01.20 17:07:26.630,1.1479,1.14793,1.00,4.13
2017.01.20 17:07:26.683,1.14786,1.14794,1.00,1.00
2017.01.20 17:07:26.784,1.14791,1.14794,1.00,1.00
2017.01.20 17:07:26.987,1.14801,1.1481,2.25,3.75
2017.01.20 17:07:27.094,1.14799,1.14801,1.12,1.00
2017.01.20 17:07:27.147,1.14798,1.148,1.00,1.00
2017.01.20 17:07:27.198,1.14798,1.14802,1.00,1.00
2017.01.20 17:07:27.301,1.148,1.14806,1.25,1.55
2017.01.20 17:07:27.403,1.14801,1.14807,1.00,1.00
2017.01.20 17:07:27.906,1.14799,1.14807,3.56,1.00
2017.01.20 17:07:28.425,1.14799,1.14805,1.12,1.00
2017.01.20 17:07:28.729,1.14793,1.148,1.87,1.00
2017.01.20 17:07:29.268,1.14793,1.14801,1.50,1.00
2017.01.20 17:07:30.682,1.14803,1.14804,1.00,2.25
2017.01.20 17:07:30.986,1.14807,1.14811,3.19,1.00
2017.01.20 17:07:31.139,1.14803,1.14807,1.00,1.25
2017.01.20 17:07:31.190,1.14799,1.14807,1.69,1.25
2017.01.20 17:07:31.523,1.14796,1.14801,1.75,1.00
2017.01.20 17:07:31.574,1.14795,1.14801,1.12,1.00
2017.01.20 17:07:32.075,1.14794,1.14801,1.00,1.00
2017.01.20 17:07:32.180,1.14796,1.14802,1.00,1.00
2017.01.20 17:07:32.534,1.14794,1.14801,2.81,1.00
2017.01.20 17:07:33.381,1.14793,1.148,1.00,2.44
2017.01.20 17:07:33.722,1.1478,1.14787,1.69,1.00
2017.01.20 17:07:33.773,1.1478,1.14789,1.69,1.25
2017.01.20 17:07:34.295,1.14782,1.14791,1.00,3.99
2017.01.20 17:07:34.730,1.14783,1.14791,1.69,1.55
2017.01.20 17:07:35.034,1.14782,1.14791,2.81,3.19
2017.01.20 17:07:35.493,1.14781,1.1479,1.00,1.69
2017.01.20 17:07:36.000,1.14779,1.14787,1.69,1.00
2017.01.20 17:07:36.313,1.14773,1.14782,1.69,1.50
2017.01.20 17:07:36.771,1.14773,1.14777,1.00,1.19
2017.01.20 17:07:36.873,1.14767,1.14775,2.44,1.19
2017.01.20 17:07:36.975,1.14768,1.14776,1.19,1.06
2017.01.20 17:07:37.178,1.1477,1.14776,1.69,1.06
2017.01.20 17:07:37.525,1.14772,1.14777,3.19,1.00
2017.01.20 17:07:37.624,1.14776,1.14782,2.62,1.75
2017.01.20 17:07:37.726,1.14773,1.14782,1.19,1.87
2017.01.20 17:07:37.777,1.14773,1.14782,1.25,2.62
2017.01.20 17:07:37.879,1.14773,1.14779,1.25,1.00
2017.01.20 17:07:38.031,1.1477,1.14777,1.69,1.00
2017.01.20 17:07:38.133,1.1477,1.14773,1.50,1.00
2017.01.20 17:07:38.184,1.14767,1.14773,1.37,3.00
2017.01.20 17:07:38.337,1.14766,1.14768,1.00,1.25
2017.01.20 17:07:38.751,1.1475,1.14755,1.25,1.50
2017.01.20 17:07:38.851,1.14744,1.14751,1.50,1.00
2017.01.20 17:07:39.003,1.14746,1.14751,1.00,1.00
2017.01.20 17:07:39.307,1.14762,1.14765,1.56,1.50
2017.01.20 17:07:39.358,1.14764,1.14767,1.19,1.12
2017.01.20 17:07:39.460,1.1476,1.14767,1.19,1.50
2017.01.20 17:07:39.538,1.1476,1.14769,1.19,1.50
2017.01.20 17:07:39.690,1.14767,1.1477,1.19,1.00
2017.01.20 17:07:39.912,1.1477,1.14777,1.05,1.00
2017.01.20 17:07:39.963,1.14774,1.14781,1.69,1.87
2017.01.20 17:07:40.268,1.14766,1.14767,3.37,2.25
2017.01.20 17:07:40.378,1.14761,1.14763,1.00,3.75
2017.01.20 17:07:40.430,1.1476,1.14762,1.50,1.50
2017.01.20 17:07:40.481,1.14757,1.14761,2.62,1.00
2017.01.20 17:07:40.533,1.14755,1.14761,1.00,1.00
2017.01.20 17:07:40.584,1.14751,1.14753,1.12,1.00
2017.01.20 17:07:40.954,1.14741,1.14743,1.50,1.00
2017.01.20 17:07:41.005,1.14744,1.14746,3.00,1.00
2017.01.20 17:07:41.056,1.14748,1.1475,1.74,1.00
2017.01.20 17:07:41.361,1.14754,1.14763,1.19,1.00
2017.01.20 17:07:41.665,1.14756,1.14763,1.69,1.00
2017.01.20 17:07:41.767,1.14755,1.14761,1.12,1.00
2017.01.20 17:07:41.919,1.14752,1.1476,1.69,1.00
2017.01.20 17:07:42.147,1.14752,1.1476,1.56,1.00
2017.01.20 17:07:42.430,1.14744,1.14754,2.81,3.00
2017.01.20 17:07:42.589,1.14745,1.14751,1.37,1.00
2017.01.20 17:07:42.791,1.14747,1.14756,1.25,1.00
2017.01.20 17:07:42.842,1.14747,1.14756,1.62,1.00
2017.01.20 17:07:43.930,1.14746,1.14755,1.56,1.00
2017.01.20 17:07:44.132,1.14743,1.1475,1.39,1.00
