2012.03.05 23:00:00.268,0.81516,0.81531,1.95,1.13
2012.03.05 23:00:00.419,0.81516,0.81531,1.63,2.25
2012.03.05 23:00:00.797,0.81516,0.81531,2.38,1.50
2012.03.05 23:00:01.304,0.81518,0.81533,1.13,1.35
2012.03.05 23:00:02.916,0.81517,0.8153,1.58,1.13
2012.03.05 23:00:03.672,0.81517,0.81531,1.20,1.88
2012.03.05 23:00:05.772,0.81516,0.81531,1.95,1.13
2012.03.05 23:00:06.875,0.81516,0.81531,1.20,1.13
2012.03.05 23:00:09.734,0.81515,0.81528,1.50,1.95
2012.03.05 23:00:12.288,0.81513,0.81528,1.13,2.33
2012.03.05 23:00:12.825,0.81513,0.81526,1.13,1.13
2012.03.05 23:00:17.216,0.81513,0.81527,1.13,1.50
2012.03.05 23:00:18.486,0.81515,0.81526,1.13,1.13
2012.03.05 23:00:18.744,0.81513,0.81528,1.13,1.95
2012.03.05 23:00:20.624,0.81511,0.81528,1.50,2.33
2012.03.05 23:00:21.864,0.81511,0.81526,1.50,1.13
2012.03.05 23:00:30.817,0.81511,0.81526,1.50,1.13
2012.03.05 23:00:37.794,0.81511,0.81524,1.56,1.13
2012.03.05 23:00:38.154,0.81511,0.81524,1.50,1.13
2012.03.05 23:00:43.003,0.81511,0.81524,1.13,1.13
2012.03.05 23:00:44.605,0.8151,0.81524,1.50,1.13
2012.03.05 23:00:44.996,0.8151,0.81522,1.73,1.13
2012.03.05 23:00:45.137,0.81509,0.81522,2.10,1.13
2012.03.05 23:00:45.643,0.81509,0.81521,2.53,1.13
2012.03.05 23:00:46.044,0.81511,0.81523,1.13,1.13
2012.03.05 23:00:46.656,0.81511,0.81524,1.50,1.13
2012.03.05 23:00:51.983,0.8151,0.81524,2.10,1.13
2012.03.05 23:00:53.325,0.8151,0.81525,2.10,2.33
2012.03.05 23:00:53.586,0.81512,0.81526,5.10,1.13
2012.03.05 23:00:54.837,0.81512,0.81524,1.88,1.13
2012.03.05 23:00:57.345,0.81512,0.81527,1.13,1.88
2012.03.05 23:01:07.227,0.81515,0.81525,1.20,1.13
2012.03.05 23:01:07.754,0.81515,0.81529,1.20,1.13
2012.03.05 23:01:09.824,0.81513,0.81527,1.56,1.95
2012.03.05 23:01:09.895,0.81512,0.81527,1.56,2.70
2012.03.05 23:01:10.094,0.81511,0.81527,3.88,2.70
2012.03.05 23:01:10.826,0.81511,0.81527,3.88,2.70
2012.03.05 23:01:11.753,0.81512,0.81527,1.93,2.70
2012.03.05 23:01:12.304,0.81512,0.81525,1.93,1.50
2012.03.05 23:01:12.913,0.81512,0.81525,2.31,1.50
2012.03.05 23:01:15.605,0.81513,0.81526,2.70,2.25
2012.03.05 23:01:15.679,0.81513,0.81526,2.76,1.50
2012.03.05 23:01:15.925,0.81513,0.81529,2.76,1.50
2012.03.05 23:01:16.473,0.81513,0.81529,2.76,1.50
2012.03.05 23:01:21.434,0.81513,0.81529,3.64,1.50
2012.03.05 23:01:27.614,0.81515,0.81528,2.01,1.50
2012.03.05 23:01:28.171,0.81515,0.81528,2.01,1.50
2012.03.05 23:01:34.796,0.81515,0.81528,2.01,1.50
2012.03.05 23:01:35.974,0.81514,0.81528,2.19,1.50
2012.03.05 23:01:40.044,0.81515,0.81529,2.31,1.50
2012.03.05 23:01:45.564,0.81517,0.8153,1.50,2.70
2012.03.05 23:01:46.074,0.81516,0.8153,3.06,2.70
2012.03.05 23:01:49.394,0.81516,0.81529,1.56,1.50
2012.03.05 23:01:50.011,0.81516,0.81529,1.50,1.50
2012.03.05 23:01:52.078,0.81515,0.81529,2.76,1.50
2012.03.05 23:01:52.653,0.81515,0.81529,2.01,1.50
2012.03.05 23:02:00.834,0.8152,0.8153,1.50,1.50
2012.03.05 23:02:00.978,0.8152,0.8153,1.50,1.50
2012.03.05 23:02:01.453,0.81522,0.81533,1.50,1.50
2012.03.05 23:02:01.524,0.81522,0.81533,1.50,1.50
2012.03.05 23:02:02.867,0.81519,0.81532,1.56,1.88
2012.03.05 23:02:03.116,0.81517,0.81531,1.95,1.50
2012.03.05 23:02:06.195,0.81517,0.81531,1.26,1.65
2012.03.05 23:02:06.769,0.81515,0.81528,2.76,1.50
2012.03.05 23:02:07.219,0.81513,0.81518,1.50,0.75
2012.03.05 23:02:07.292,0.81515,0.81531,1.95,3.64
2012.03.05 23:02:10.874,0.81516,0.81531,1.50,2.14
2012.03.05 23:02:11.005,0.81516,0.81531,2.25,2.89
2012.03.05 23:02:16.755,0.81516,0.81526,2.31,1.50
2012.03.05 23:02:16.954,0.81515,0.81527,2.70,1.50
2012.03.05 23:02:17.474,0.81517,0.81531,1.50,1.69
2012.03.05 23:02:31.912,0.81518,0.81532,1.50,1.50
2012.03.05 23:02:32.424,0.81517,0.81532,2.25,2.25
2012.03.05 23:02:43.125,0.81517,0.81531,1.50,1.50
2012.03.05 23:02:43.489,0.81518,0.81532,1.50,2.25
2012.03.05 23:02:45.591,0.81518,0.81531,1.50,1.50
2012.03.05 23:02:55.634,0.81516,0.81531,1.56,1.50
2012.03.05 23:02:55.775,0.81518,0.81531,1.50,1.50
2012.03.05 23:02:56.986,0.81517,0.81531,1.50,2.70
2012.03.05 23:03:08.374,0.81514,0.81529,1.63,1.50
2012.03.05 23:03:08.505,0.81514,0.81529,1.58,1.50
2012.03.05 23:03:08.575,0.81514,0.81529,1.58,1.50
2012.03.05 23:03:08.763,0.81514,0.81529,1.58,1.50
2012.03.05 23:03:10.813,0.81514,0.81529,1.58,1.50
2012.03.05 23:03:20.565,0.81514,0.81528,1.50,1.50
2012.03.05 23:03:41.296,0.81513,0.81527,1.58,1.13
2012.03.05 23:03:41.704,0.81513,0.81527,1.58,1.13
2012.03.05 23:03:46.974,0.81513,0.81528,1.63,1.50
2012.03.05 23:03:50.814,0.81513,0.81529,1.58,3.45
2012.03.05 23:03:51.123,0.81513,0.81529,1.63,3.45
2012.03.05 23:03:51.838,0.81513,0.81529,1.63,3.45
2012.03.05 23:03:53.332,0.81513,0.81529,1.63,3.45
2012.03.05 23:03:53.505,0.81513,0.81529,1.58,3.45
2012.03.05 23:04:05.383,0.81513,0.81528,1.63,1.50
2012.03.05 23:04:15.414,0.81513,0.81529,1.63,3.83
2012.03.05 23:04:20.605,0.81513,0.81529,1.58,3.83
2012.03.05 23:04:21.180,0.81513,0.81527,1.58,1.50
2012.03.05 23:04:39.370,0.81514,0.81527,1.58,1.50
2012.03.05 23:05:21.774,0.81514,0.81528,2.33,1.50
2012.03.05 23:05:21.975,0.81514,0.81528,2.38,1.50
2012.03.05 23:05:22.105,0.81513,0.81528,2.38,1.50
2012.03.05 23:05:22.173,0.81514,0.81529,1.63,1.95
2012.03.05 23:05:31.373,0.81517,0.81529,1.50,1.95
2012.03.05 23:05:37.557,0.81511,0.81528,2.15,2.25
2012.03.05 23:05:37.694,0.81511,0.81528,2.01,3.00
2012.03.05 23:05:37.768,0.81511,0.81528,2.01,3.00
2012.03.05 23:05:44.792,0.81511,0.81526,2.01,1.13
2012.03.05 23:05:47.206,0.81511,0.81528,2.01,2.44
2012.03.05 23:05:51.477,0.81511,0.81528,2.01,3.19
2012.03.05 23:05:52.574,0.81511,0.81528,2.01,2.44
2012.03.05 23:05:54.903,0.81511,0.81528,2.01,3.19
2012.03.05 23:05:55.447,0.81511,0.81528,2.01,2.44
2012.03.05 23:05:57.864,0.81513,0.81528,1.20,1.69
2012.03.05 23:05:58.385,0.81513,0.81528,1.95,1.50
2012.03.05 23:06:06.496,0.81513,0.81528,2.25,1.50
2012.03.05 23:06:06.684,0.81513,0.81528,2.25,1.50
2012.03.05 23:06:11.655,0.81514,0.81529,1.05,2.89
2012.03.05 23:06:15.444,0.81513,0.81529,1.95,3.08
2012.03.05 23:06:19.115,0.81513,0.81528,1.20,1.69
2012.03.05 23:07:01.224,0.81513,0.81529,1.20,3.00
2012.03.05 23:07:06.538,0.8151,0.81525,2.70,1.50
2012.03.05 23:07:28.204,0.8151,0.81524,1.95,1.50
2012.03.05 23:07:33.895,0.81508,0.81524,3.51,1.50
2012.03.05 23:07:41.194,0.81509,0.81523,1.50,1.50
2012.03.05 23:07:55.979,0.81509,0.81524,2.70,2.25
2012.03.05 23:07:56.483,0.81509,0.81523,3.45,1.50
2012.03.05 23:08:03.463,0.81512,0.81523,1.20,1.50
2012.03.05 23:08:03.903,0.81512,0.81523,1.20,1.50
2012.03.05 23:08:05.485,0.81512,0.81523,1.20,1.50
2012.03.05 23:08:16.032,0.81509,0.81523,2.70,1.50
2012.03.05 23:08:16.891,0.81509,0.81523,3.45,1.50
2012.03.05 23:08:18.635,0.8151,0.81523,1.50,1.50
2012.03.05 23:08:25.147,0.81512,0.81523,1.20,1.50
2012.03.05 23:08:51.271,0.81512,0.81523,1.20,1.50
2012.03.05 23:09:06.196,0.81517,0.81523,1.20,1.50
2012.03.05 23:09:06.516,0.81517,0.81528,1.20,1.09
2012.03.05 23:09:22.375,0.81514,0.8153,2.38,1.50
2012.03.05 23:09:22.756,0.81519,0.8153,1.95,1.50
2012.03.05 23:09:24.977,0.81517,0.81532,2.70,2.25
2012.03.05 23:09:26.427,0.81517,0.8153,1.95,1.50
2012.03.05 23:09:26.976,0.81517,0.81532,2.70,2.25
2012.03.05 23:09:27.608,0.81518,0.81532,1.50,2.25
2012.03.05 23:09:28.455,0.81518,0.81532,1.50,1.50
2012.03.05 23:09:29.575,0.81519,0.81532,1.50,2.25
2012.03.05 23:09:30.114,0.81518,0.81532,1.50,2.25
2012.03.05 23:09:35.227,0.81516,0.81529,1.69,1.95
2012.03.05 23:09:36.287,0.81516,0.81529,1.50,1.95
2012.03.05 23:09:36.872,0.81514,0.81529,1.69,2.70
2012.03.05 23:09:38.846,0.81514,0.81528,1.50,1.50
2012.03.05 23:09:38.978,0.81514,0.81528,1.50,2.25
2012.03.05 23:09:41.067,0.81515,0.81529,1.50,2.70
2012.03.05 23:09:43.650,0.81514,0.81529,1.50,3.45
2012.03.05 23:09:43.894,0.81514,0.81529,1.50,3.45
2012.03.05 23:09:58.844,0.81514,0.81529,1.50,1.95
2012.03.05 23:09:59.378,0.81515,0.81529,1.50,1.95
2012.03.05 23:10:03.268,0.81514,0.81529,1.50,1.95
2012.03.05 23:10:24.786,0.81513,0.81528,1.50,1.95
2012.03.05 23:10:24.917,0.81513,0.81528,1.56,1.95
2012.03.05 23:10:25.753,0.81514,0.81528,1.50,2.70
2012.03.05 23:10:27.090,0.81519,0.8153,1.20,2.25
2012.03.05 23:10:27.466,0.81519,0.81532,1.20,1.13
2012.03.05 23:10:28.014,0.81519,0.81532,1.20,1.13
2012.03.05 23:10:28.325,0.81519,0.81535,1.95,3.45
2012.03.05 23:10:29.065,0.81521,0.81533,1.50,1.13
2012.03.05 23:10:30.095,0.81519,0.81533,2.70,1.13
2012.03.05 23:10:30.225,0.8152,0.81535,1.50,1.95
2012.03.05 23:10:32.748,0.81519,0.81534,1.50,2.70
2012.03.05 23:10:33.974,0.81518,0.81532,2.76,1.50
2012.03.05 23:10:34.505,0.81518,0.81531,2.70,1.50
2012.03.05 23:10:36.099,0.81522,0.81528,1.50,1.50
2012.03.05 23:10:36.417,0.81526,0.81532,1.50,1.50
2012.03.05 23:10:36.561,0.81527,0.81533,1.50,2.25
2012.03.05 23:10:36.641,0.81527,0.81533,3.00,1.50
2012.03.05 23:10:36.719,0.81531,0.81539,1.50,3.00
2012.03.05 23:10:37.266,0.81532,0.81538,1.50,1.50
2012.03.05 23:10:37.997,0.81534,0.8154,1.50,1.50
2012.03.05 23:10:41.296,0.81534,0.8154,1.50,2.25
2012.03.05 23:10:41.438,0.8153,0.81537,4.50,1.20
2012.03.05 23:10:41.986,0.8153,0.81537,2.25,1.20
2012.03.05 23:10:42.546,0.8153,0.81537,1.50,1.95
2012.03.05 23:10:44.307,0.8153,0.81538,2.25,1.50
2012.03.05 23:10:45.380,0.81532,0.8154,1.50,2.25
2012.03.05 23:10:48.768,0.81532,0.8154,2.25,1.50
2012.03.05 23:10:49.136,0.81534,0.81542,1.50,2.25
2012.03.05 23:10:54.666,0.81534,0.81542,3.81,1.50
2012.03.05 23:10:54.736,0.81536,0.81544,1.50,2.25
2012.03.05 23:11:00.286,0.81533,0.81541,2.25,1.50
2012.03.05 23:11:10.695,0.81532,0.81538,1.50,1.50
2012.03.05 23:11:15.596,0.81534,0.8154,1.50,1.50
2012.03.05 23:11:24.735,0.81531,0.81539,2.31,1.50
2012.03.05 23:11:27.448,0.81531,0.81537,1.50,1.50
2012.03.05 23:11:27.526,0.81533,0.81541,1.50,2.40
2012.03.05 23:11:27.599,0.81533,0.81541,1.50,2.25
2012.03.05 23:11:28.138,0.81531,0.81539,1.50,1.50
2012.03.05 23:11:28.647,0.81531,0.81539,2.25,1.50
2012.03.05 23:11:29.706,0.81531,0.81539,1.50,1.50
2012.03.05 23:11:34.601,0.81531,0.81539,2.25,1.50
2012.03.05 23:11:39.014,0.81531,0.81539,1.50,1.50
2012.03.05 23:11:49.148,0.81534,0.8154,1.50,2.25
2012.03.05 23:11:49.218,0.81531,0.81539,1.50,1.50
2012.03.05 23:11:50.986,0.81533,0.81541,1.50,2.25
2012.03.05 23:11:51.055,0.81533,0.81541,1.50,2.25
2012.03.05 23:11:54.588,0.81535,0.81543,1.50,2.25
2012.03.05 23:11:57.601,0.81532,0.8154,3.00,1.50
2012.03.05 23:11:57.749,0.81535,0.81543,1.50,2.25
2012.03.05 23:11:58.259,0.81532,0.8154,3.06,1.50
2012.03.05 23:11:58.800,0.81534,0.8154,1.50,1.50
2012.03.05 23:12:00.898,0.81531,0.81539,3.00,1.50
2012.03.05 23:12:04.524,0.81531,0.81539,2.25,1.50
2012.03.05 23:12:05.527,0.8153,0.81536,3.00,1.50
2012.03.05 23:12:05.921,0.81528,0.81536,3.00,2.25
2012.03.05 23:12:06.130,0.8153,0.81536,1.50,2.25
2012.03.05 23:12:06.473,0.8153,0.81536,1.50,2.25
2012.03.05 23:12:06.554,0.81527,0.81533,2.25,1.50
2012.03.05 23:12:07.066,0.81527,0.81533,1.50,2.25
2012.03.05 23:12:09.455,0.81527,0.81533,1.50,2.25
2012.03.05 23:12:09.527,0.81525,0.81531,1.50,2.25
2012.03.05 23:12:33.186,0.81525,0.81531,2.25,1.50
2012.03.05 23:12:33.331,0.81527,0.81535,1.50,2.25
2012.03.05 23:12:33.865,0.81527,0.81535,1.50,2.25
2012.03.05 23:12:38.807,0.81526,0.81532,1.50,1.50
2012.03.05 23:13:07.020,0.81528,0.81534,1.50,2.25
2012.03.05 23:13:09.230,0.81525,0.81533,1.50,1.50
2012.03.05 23:13:19.544,0.81525,0.81533,1.50,3.00
2012.03.05 23:13:19.686,0.81524,0.8153,2.25,1.50
2012.03.05 23:13:53.716,0.81525,0.81533,1.50,2.25
2012.03.05 23:14:02.146,0.81523,0.81531,3.00,1.50
2012.03.05 23:14:09.226,0.81526,0.81532,1.50,1.50
2012.03.05 23:14:12.362,0.81524,0.8153,2.25,1.50
2012.03.05 23:14:25.229,0.81526,0.81532,1.50,1.50
2012.03.05 23:14:26.391,0.81528,0.81534,1.50,2.25
2012.03.05 23:14:46.628,0.81525,0.81533,2.25,1.50
2012.03.05 23:14:47.687,0.81523,0.81531,3.00,1.50
2012.03.05 23:14:49.152,0.81522,0.81528,2.25,2.25
2012.03.05 23:14:49.439,0.81528,0.81534,1.50,1.50
2012.03.05 23:14:49.701,0.8153,0.81536,1.50,3.00
2012.03.05 23:14:50.308,0.81527,0.81535,2.25,1.50
2012.03.05 23:14:51.690,0.8153,0.81536,1.50,2.25
2012.03.05 23:14:54.246,0.81528,0.81534,1.50,1.50
2012.03.05 23:15:00.696,0.81528,0.81534,1.50,2.25
2012.03.05 23:15:01.090,0.81528,0.81534,1.50,1.50
2012.03.05 23:15:01.754,0.81525,0.81533,1.50,1.50
2012.03.05 23:15:05.812,0.81525,0.81533,1.50,3.75
2012.03.05 23:15:05.890,0.81522,0.8153,2.25,2.25
2012.03.05 23:15:05.959,0.81525,0.81533,1.50,3.75
2012.03.05 23:15:06.029,0.81525,0.81533,1.50,2.25
2012.03.05 23:15:06.097,0.81527,0.81535,1.50,2.25
2012.03.05 23:15:12.665,0.81528,0.81535,1.95,2.25
2012.03.05 23:15:12.869,0.81532,0.8154,1.50,3.00
2012.03.05 23:15:12.998,0.81535,0.81541,1.50,3.00
2012.03.05 23:15:13.068,0.81535,0.81541,1.50,2.25
2012.03.05 23:15:15.058,0.81537,0.81545,1.50,2.25
2012.03.05 23:15:18.066,0.81537,0.81545,2.25,2.25
2012.03.05 23:15:18.146,0.81537,0.81545,1.50,2.25
2012.03.05 23:15:18.297,0.81538,0.81543,2.25,1.50
2012.03.05 23:15:18.528,0.81539,0.81545,3.00,1.50
2012.03.05 23:15:18.833,0.8154,0.81548,1.50,3.45
2012.03.05 23:15:27.418,0.81539,0.81545,1.50,1.50
2012.03.05 23:15:34.938,0.8154,0.81548,1.50,2.25
2012.03.05 23:16:34.934,0.81537,0.81551,2.25,2.14
2012.03.05 23:16:39.732,0.81537,0.81551,1.50,1.39
2012.03.05 23:16:54.243,0.81537,0.81551,3.00,2.33
2012.03.05 23:16:54.625,0.81538,0.81551,1.69,2.33
2012.03.05 23:16:54.979,0.81543,0.81549,1.50,1.50
2012.03.05 23:17:19.087,0.8154,0.81548,2.25,1.50
2012.03.05 23:17:44.125,0.8154,0.81548,2.44,1.50
2012.03.05 23:17:46.090,0.8154,0.81548,3.38,1.50
2012.03.05 23:17:48.404,0.81538,0.81546,3.38,1.50
2012.03.05 23:17:51.216,0.81538,0.81546,3.19,1.50
2012.03.05 23:17:58.455,0.81538,0.81546,3.38,1.50
2012.03.05 23:18:11.460,0.81538,0.81546,1.50,2.25
2012.03.05 23:18:12.055,0.81537,0.81543,1.50,1.50
2012.03.05 23:18:28.277,0.81535,0.81541,1.69,1.50
2012.03.05 23:18:30.648,0.81533,0.81539,2.25,1.50
2012.03.05 23:18:42.386,0.8153,0.81538,3.19,1.50
2012.03.05 23:19:00.619,0.81533,0.81539,1.50,1.50
2012.03.05 23:19:00.936,0.81535,0.81541,1.50,1.50
2012.03.05 23:19:01.527,0.81536,0.81542,1.50,2.33
2012.03.05 23:19:02.047,0.81535,0.81543,1.50,2.33
2012.03.05 23:19:02.367,0.81534,0.8154,1.50,1.50
2012.03.05 23:19:08.108,0.81532,0.81538,1.50,1.50
2012.03.05 23:19:09.302,0.81534,0.8154,1.50,2.25
2012.03.05 23:19:09.986,0.81537,0.81543,1.50,2.33
2012.03.05 23:19:11.007,0.81534,0.81542,1.50,1.58
2012.03.05 23:19:12.816,0.81534,0.81542,1.50,2.25
2012.03.05 23:19:12.886,0.81533,0.81539,1.50,1.50
2012.03.05 23:19:18.166,0.8153,0.81538,3.38,1.50
2012.03.05 23:19:26.418,0.81533,0.81539,1.50,1.50
2012.03.05 23:19:29.571,0.81531,0.81537,1.50,1.50
2012.03.05 23:19:35.048,0.81533,0.81539,1.50,3.19
2012.03.05 23:19:35.379,0.81535,0.81541,1.50,1.69
2012.03.05 23:19:36.039,0.81536,0.81544,1.50,3.00
2012.03.05 23:19:36.238,0.81535,0.81541,1.50,1.50
2012.03.05 23:19:36.557,0.81537,0.81543,1.50,2.25
2012.03.05 23:19:37.568,0.81534,0.81542,1.50,1.50
2012.03.05 23:19:37.985,0.81536,0.81544,1.50,2.25
2012.03.05 23:19:38.759,0.81534,0.81542,1.50,1.50
2012.03.05 23:19:39.960,0.81533,0.81539,1.50,1.50
2012.03.05 23:19:42.699,0.81531,0.81537,1.50,1.50
2012.03.05 23:20:12.312,0.81528,0.81536,2.25,1.50
2012.03.05 23:20:16.181,0.81534,0.8154,2.10,2.25
2012.03.05 23:20:16.528,0.81535,0.81542,4.24,2.25
2012.03.05 23:20:16.668,0.81535,0.81539,3.30,1.50
2012.03.05 23:20:16.809,0.81538,0.81546,1.50,2.25
2012.03.05 23:20:17.008,0.81541,0.81547,1.50,3.75
2012.03.05 23:20:17.659,0.81536,0.81547,1.50,2.25
2012.03.05 23:20:17.730,0.81536,0.81542,2.25,1.50
2012.03.05 23:20:19.827,0.81538,0.81544,1.50,2.25
2012.03.05 23:20:21.047,0.81538,0.81544,1.50,2.25
2012.03.05 23:20:23.956,0.81539,0.81547,1.50,3.00
2012.03.05 23:20:24.034,0.81539,0.81547,2.25,2.25
2012.03.05 23:20:28.708,0.81539,0.81547,1.69,2.25
2012.03.05 23:20:29.215,0.81539,0.81547,1.50,3.75
2012.03.05 23:20:30.600,0.81539,0.81546,1.50,1.69
2012.03.05 23:20:30.728,0.81536,0.81542,2.25,1.50
2012.03.05 23:20:38.799,0.8154,0.81548,2.25,1.50
2012.03.05 23:20:39.149,0.81538,0.81545,3.00,1.50
2012.03.05 23:20:39.426,0.81537,0.81545,2.25,1.50
2012.03.05 23:20:42.385,0.81537,0.81545,2.25,1.50
2012.03.05 23:20:42.454,0.8154,0.81546,1.50,1.50
2012.03.05 23:20:54.214,0.81541,0.81549,1.50,4.20
2012.03.05 23:20:57.297,0.81541,0.81549,1.50,3.00
2012.03.05 23:21:08.885,0.81541,0.81549,1.50,2.25
2012.03.05 23:21:10.765,0.81544,0.8155,1.50,1.50
2012.03.05 23:21:15.187,0.81546,0.81552,1.50,3.00
2012.03.05 23:21:15.530,0.81547,0.81554,1.50,1.50
2012.03.05 23:21:17.908,0.81547,0.81555,1.69,2.25
2012.03.05 23:21:18.192,0.81549,0.81556,1.50,1.50
2012.03.05 23:21:18.750,0.81549,0.81557,3.00,1.50
2012.03.05 23:21:19.103,0.81552,0.81558,1.50,1.50
2012.03.05 23:21:20.167,0.81553,0.81561,1.50,3.75
2012.03.05 23:21:20.239,0.81553,0.81561,1.50,3.75
2012.03.05 23:21:21.887,0.81556,0.81562,1.50,2.25
2012.03.05 23:21:22.436,0.81556,0.81562,1.50,2.25
2012.03.05 23:21:24.146,0.81556,0.81562,1.50,2.25
2012.03.05 23:21:28.855,0.81553,0.81561,1.50,2.25
2012.03.05 23:21:41.256,0.81551,0.81557,2.25,1.50
2012.03.05 23:21:52.956,0.81553,0.81559,1.50,2.25
2012.03.05 23:21:53.217,0.8155,0.81558,1.50,1.50
2012.03.05 23:21:56.383,0.8155,0.81558,4.50,1.50
2012.03.05 23:21:56.462,0.81553,0.81561,1.50,3.75
2012.03.05 23:21:58.157,0.81553,0.81561,1.50,3.75
2012.03.05 23:21:59.021,0.81557,0.81563,1.50,3.00
2012.03.05 23:21:59.088,0.81557,0.81563,1.50,3.00
2012.03.05 23:21:59.230,0.81554,0.8156,1.50,1.50
2012.03.05 23:22:00.346,0.8155,0.8156,2.31,2.25
2012.03.05 23:22:00.878,0.81547,0.81553,3.75,1.50
2012.03.05 23:22:01.070,0.81552,0.81558,1.50,1.50
2012.03.05 23:22:01.429,0.81554,0.81561,1.50,1.50
2012.03.05 23:22:01.616,0.81554,0.8156,1.50,1.50
2012.03.05 23:22:02.738,0.81554,0.8156,1.50,2.25
2012.03.05 23:22:08.685,0.81554,0.81561,1.50,3.00
2012.03.05 23:22:17.188,0.81554,0.81561,1.50,2.25
2012.03.05 23:22:17.804,0.81553,0.81559,1.69,1.50
2012.03.05 23:22:21.826,0.81555,0.81561,1.50,3.75
2012.03.05 23:22:30.707,0.81555,0.81561,1.50,3.00
2012.03.05 23:22:30.848,0.81552,0.8156,1.50,2.25
2012.03.05 23:22:31.401,0.81555,0.81561,1.50,2.25
2012.03.05 23:22:38.179,0.81555,0.81561,1.88,2.25
2012.03.05 23:22:44.487,0.81556,0.81562,1.50,1.50
2012.03.05 23:23:00.670,0.81558,0.81564,1.50,2.25
2012.03.05 23:23:01.660,0.81558,0.81564,1.50,1.50
2012.03.05 23:23:01.997,0.8156,0.81566,1.50,2.25
2012.03.05 23:23:02.518,0.8156,0.81566,1.50,2.25
2012.03.05 23:23:03.090,0.8156,0.81566,1.50,1.50
2012.03.05 23:23:06.507,0.81561,0.81569,1.50,2.25
2012.03.05 23:23:07.259,0.81561,0.81569,1.50,1.50
2012.03.05 23:23:11.266,0.81564,0.8157,1.50,1.50
2012.03.05 23:23:15.587,0.81561,0.81569,2.25,1.50
2012.03.05 23:23:34.399,0.81561,0.81569,1.73,1.50
2012.03.05 23:23:34.936,0.81561,0.81569,1.56,1.50
2012.03.05 23:23:35.525,0.81561,0.81569,1.56,1.50
2012.03.05 23:23:36.785,0.81561,0.81569,1.50,1.50
2012.03.05 23:23:42.275,0.81563,0.81571,1.50,1.50
2012.03.05 23:23:51.067,0.81563,0.81571,2.25,2.25
2012.03.05 23:23:52.172,0.81565,0.81573,1.50,3.75
2012.03.05 23:23:52.458,0.81565,0.81573,2.25,1.50
2012.03.05 23:23:52.847,0.81567,0.81575,1.50,2.25
2012.03.05 23:23:53.376,0.81567,0.81575,1.50,1.50
2012.03.05 23:24:06.058,0.81567,0.81575,1.50,3.19
2012.03.05 23:24:06.408,0.81566,0.81572,1.50,1.50
2012.03.05 23:24:18.827,0.81568,0.81574,1.50,1.50
2012.03.05 23:24:22.286,0.81568,0.81574,1.50,3.00
2012.03.05 23:24:24.840,0.81568,0.81574,1.50,1.50
2012.03.05 23:24:25.040,0.81569,0.81577,2.44,1.50
2012.03.05 23:24:29.111,0.81569,0.81577,3.00,1.50
2012.03.05 23:24:29.252,0.81569,0.81576,1.50,2.25
2012.03.05 23:24:29.319,0.81567,0.81574,1.13,1.50
2012.03.05 23:24:29.866,0.81566,0.81574,1.50,3.75
2012.03.05 23:24:35.623,0.81566,0.81574,1.50,2.25
2012.03.05 23:24:56.905,0.81566,0.81574,1.50,3.75
2012.03.05 23:25:07.828,0.81566,0.81574,1.88,3.00
2012.03.05 23:25:08.038,0.81566,0.81572,1.88,1.50
2012.03.05 23:25:51.038,0.81566,0.81577,2.68,2.44
2012.03.05 23:25:51.229,0.81568,0.81575,1.05,1.50
2012.03.05 23:25:51.298,0.81569,0.81575,1.80,1.50
2012.03.05 23:25:51.438,0.81572,0.81578,1.50,2.25
2012.03.05 23:25:57.260,0.81574,0.8158,1.50,2.25
2012.03.05 23:25:57.996,0.81574,0.8158,1.50,1.50
2012.03.05 23:26:00.208,0.81575,0.81581,1.50,1.13
2012.03.05 23:26:03.928,0.81573,0.81581,1.50,2.25
2012.03.05 23:26:04.619,0.81575,0.81583,1.50,3.00
2012.03.05 23:26:09.342,0.81574,0.8158,1.50,1.50
2012.03.05 23:26:10.485,0.81575,0.81581,1.50,2.25
2012.03.05 23:26:49.441,0.81575,0.81582,1.50,1.88
2012.03.05 23:26:49.697,0.81573,0.8158,1.50,2.25
2012.03.05 23:26:49.828,0.8157,0.81579,2.25,1.50
2012.03.05 23:26:50.160,0.81572,0.81576,1.50,2.07
2012.03.05 23:26:50.287,0.81566,0.81574,2.70,2.44
2012.03.05 23:26:50.638,0.81569,0.81577,1.50,3.94
2012.03.05 23:26:50.847,0.81569,0.81577,1.50,2.25
2012.03.05 23:26:51.311,0.81571,0.81579,1.50,2.25
2012.03.05 23:26:51.817,0.81571,0.81579,1.50,2.25
2012.03.05 23:26:54.871,0.81571,0.81579,1.50,2.25
2012.03.05 23:26:57.967,0.81574,0.8158,1.50,3.00
2012.03.05 23:27:01.186,0.81574,0.8158,1.50,2.25
2012.03.05 23:27:01.587,0.81571,0.81579,1.69,2.25
2012.03.05 23:27:01.907,0.81573,0.81581,1.50,3.75
2012.03.05 23:27:02.417,0.81573,0.81581,1.50,2.25
2012.03.05 23:27:03.850,0.81573,0.81581,2.44,1.50
2012.03.05 23:27:04.378,0.81575,0.81583,1.50,2.25
2012.03.05 23:27:09.176,0.81575,0.81583,1.50,3.00
2012.03.05 23:27:10.336,0.81575,0.81583,1.50,2.25
2012.03.05 23:27:19.798,0.81576,0.81583,2.25,2.25
2012.03.05 23:27:20.339,0.81577,0.81583,1.54,1.50
2012.03.05 23:27:20.666,0.81579,0.81585,1.50,1.50
2012.03.05 23:27:20.748,0.8158,0.81588,1.50,3.00
2012.03.05 23:27:21.340,0.8158,0.81588,1.50,2.25
2012.03.05 23:27:24.331,0.8158,0.81588,1.50,3.08
2012.03.05 23:27:24.893,0.81577,0.81583,1.88,1.50
2012.03.05 23:27:25.308,0.81578,0.81586,1.88,2.25
2012.03.05 23:27:27.957,0.81578,0.81586,3.75,1.50
2012.03.05 23:27:28.487,0.81581,0.81587,1.50,1.50
2012.03.05 23:28:13.808,0.81583,0.81589,1.50,2.33
2012.03.05 23:28:14.127,0.8158,0.81586,1.69,1.50
2012.03.05 23:28:36.002,0.8158,0.81586,2.25,1.50
2012.03.05 23:28:36.186,0.81583,0.81589,1.50,2.25
2012.03.05 23:28:36.318,0.81581,0.81587,2.25,1.50
2012.03.05 23:29:05.697,0.81581,0.81587,1.69,1.50
2012.03.05 23:29:06.839,0.81581,0.81587,1.50,1.50
2012.03.05 23:29:36.361,0.81579,0.8159,1.50,2.25
2012.03.05 23:29:38.948,0.81578,0.81586,2.63,1.50
2012.03.05 23:29:39.558,0.81578,0.81586,2.63,1.50
2012.03.05 23:29:45.589,0.81578,0.81584,1.05,1.50
2012.03.05 23:29:46.117,0.81579,0.81585,1.50,1.50
2012.03.05 23:29:55.429,0.8158,0.81588,1.50,1.50
2012.03.05 23:29:58.937,0.81579,0.81585,1.50,1.50
2012.03.05 23:30:01.100,0.81579,0.81585,1.50,3.00
2012.03.05 23:30:01.242,0.81576,0.81584,3.00,1.50
2012.03.05 23:30:01.981,0.81576,0.81584,1.50,2.85
2012.03.05 23:30:02.053,0.81574,0.8158,2.25,3.19
2012.03.05 23:30:02.270,0.81568,0.81576,1.50,1.50
2012.03.05 23:30:02.482,0.81566,0.81574,3.00,1.50
2012.03.05 23:30:02.985,0.81566,0.81574,1.50,1.50
2012.03.05 23:30:05.721,0.81563,0.81571,3.94,1.50
2012.03.05 23:30:06.237,0.81563,0.81571,1.69,1.50
2012.03.05 23:30:06.547,0.81561,0.81569,1.50,1.50
2012.03.05 23:30:13.326,0.8156,0.81566,1.50,1.50
2012.03.05 23:30:13.907,0.81561,0.81569,1.50,2.25
2012.03.05 23:30:14.498,0.81559,0.81567,1.50,1.50
2012.03.05 23:30:19.899,0.81558,0.81564,1.50,1.50
2012.03.05 23:30:32.374,0.8156,0.81566,1.50,1.50
2012.03.05 23:30:33.440,0.8156,0.81566,1.50,1.88
2012.03.05 23:30:33.508,0.81557,0.81563,2.25,1.50
2012.03.05 23:30:33.831,0.81559,0.81565,1.50,1.88
2012.03.05 23:30:39.899,0.81557,0.81563,1.50,1.50
2012.03.05 23:31:01.958,0.81557,0.81563,1.50,2.25
2012.03.05 23:31:06.908,0.81557,0.81563,1.50,2.25
2012.03.05 23:31:19.733,0.81554,0.81562,1.50,1.69
2012.03.05 23:31:20.257,0.81554,0.81561,1.50,1.13
2012.03.05 23:31:20.877,0.81554,0.81562,3.00,1.50
2012.03.05 23:31:21.020,0.81558,0.81564,1.50,1.50
2012.03.05 23:31:21.559,0.81556,0.81562,1.50,1.50
2012.03.05 23:31:39.506,0.81558,0.81564,1.50,1.50
2012.03.05 23:31:48.638,0.81558,0.81564,2.25,1.50
2012.03.05 23:31:48.767,0.81559,0.81567,2.25,3.00
2012.03.05 23:31:49.032,0.81559,0.81566,1.50,1.50
2012.03.05 23:31:49.351,0.81557,0.81565,1.50,2.25
2012.03.05 23:31:57.949,0.81557,0.81565,1.50,2.25
2012.03.05 23:32:00.307,0.81557,0.81565,1.50,2.25
2012.03.05 23:32:02.837,0.81557,0.81564,1.50,1.88
2012.03.05 23:32:03.398,0.81556,0.81562,1.50,2.25
2012.03.05 23:32:04.099,0.81556,0.81562,1.50,3.38
2012.03.05 23:32:04.169,0.81552,0.8156,2.25,1.50
2012.03.05 23:32:05.119,0.81552,0.8156,2.25,2.25
2012.03.05 23:32:05.608,0.8155,0.81558,2.25,3.00
2012.03.05 23:32:06.175,0.8155,0.81558,2.25,3.00
2012.03.05 23:32:12.925,0.8155,0.81558,2.44,2.25
2012.03.05 23:32:13.446,0.8155,0.81558,2.44,2.25
2012.03.05 23:32:14.008,0.8155,0.81558,2.25,2.25
2012.03.05 23:32:19.310,0.81548,0.81556,2.25,1.50
2012.03.05 23:32:19.617,0.81551,0.81557,1.50,1.50
2012.03.05 23:32:22.015,0.81548,0.81556,1.50,1.50
2012.03.05 23:32:25.771,0.81551,0.81557,1.50,1.50
2012.03.05 23:32:26.250,0.81548,0.81556,2.25,2.25
2012.03.05 23:32:26.588,0.81547,0.81553,1.50,2.25
2012.03.05 23:32:27.071,0.81544,0.8155,1.50,1.50
2012.03.05 23:32:35.432,0.81544,0.8155,1.50,2.25
2012.03.05 23:32:35.947,0.81544,0.8155,1.50,1.50
2012.03.05 23:32:46.356,0.81542,0.81548,1.50,1.50
2012.03.05 23:32:54.936,0.81544,0.8155,1.50,1.50
2012.03.05 23:33:17.597,0.81541,0.81549,1.50,2.25
2012.03.05 23:33:18.505,0.81544,0.8155,1.50,2.25
2012.03.05 23:33:18.921,0.81545,0.81553,1.50,2.44
2012.03.05 23:33:19.549,0.81544,0.8155,1.50,1.50
2012.03.05 23:33:25.132,0.81546,0.81552,1.50,1.50
2012.03.05 23:33:25.647,0.81543,0.81551,3.00,1.50
2012.03.05 23:33:53.607,0.81543,0.81551,2.25,3.00
2012.03.05 23:33:54.245,0.81543,0.81551,2.25,1.50
2012.03.05 23:34:25.276,0.81542,0.81548,1.50,1.50
2012.03.05 23:34:37.865,0.81543,0.81551,1.50,1.50
2012.03.05 23:34:41.394,0.81541,0.81549,3.24,1.50
2012.03.05 23:34:41.704,0.81544,0.8155,1.50,1.50
2012.03.05 23:34:52.455,0.81544,0.81552,3.00,1.13
2012.03.05 23:34:52.715,0.81546,0.81554,1.50,2.63
2012.03.05 23:34:53.129,0.81545,0.81551,1.50,1.50
2012.03.05 23:35:38.256,0.81543,0.8155,1.50,1.50
2012.03.05 23:35:46.478,0.81541,0.81548,1.56,1.50
2012.03.05 23:35:47.021,0.81541,0.81548,1.50,1.50
2012.03.05 23:35:48.927,0.8154,0.81547,2.25,2.85
2012.03.05 23:35:48.998,0.8154,0.81547,1.56,2.85
2012.03.05 23:35:49.067,0.81538,0.81542,1.43,1.50
2012.03.05 23:35:49.208,0.81543,0.81547,1.50,1.50
2012.03.05 23:35:49.563,0.8154,0.81547,1.50,2.25
2012.03.05 23:35:50.095,0.81538,0.81546,3.81,1.50
2012.03.05 23:35:54.848,0.81538,0.81546,3.81,1.50
2012.03.05 23:36:02.454,0.81538,0.81546,2.25,1.50
2012.03.05 23:36:06.525,0.81538,0.81546,2.25,1.50
2012.03.05 23:36:07.085,0.81538,0.81546,1.50,1.50
2012.03.05 23:36:33.434,0.81538,0.81546,2.25,2.25
2012.03.05 23:36:33.770,0.81528,0.81534,1.50,1.50
2012.03.05 23:36:33.841,0.81525,0.81531,1.65,1.50
2012.03.05 23:36:34.161,0.81525,0.81531,1.50,1.50
2012.03.05 23:36:34.316,0.81524,0.81528,1.05,1.50
2012.03.05 23:36:34.576,0.81523,0.81531,2.55,1.69
2012.03.05 23:36:44.409,0.81528,0.81536,1.50,3.90
2012.03.05 23:36:44.548,0.8153,0.81538,1.50,1.88
2012.03.05 23:36:45.310,0.8153,0.81538,3.00,1.50
2012.03.05 23:36:45.383,0.81532,0.8154,1.50,1.50
2012.03.05 23:36:55.786,0.81532,0.8154,1.50,2.10
2012.03.05 23:36:55.857,0.81532,0.81536,1.50,1.95
2012.03.05 23:36:56.011,0.81527,0.81533,2.31,1.50
2012.03.05 23:36:56.234,0.81525,0.81531,1.50,1.50
2012.03.05 23:37:08.097,0.81527,0.81533,1.50,2.85
2012.03.05 23:37:14.729,0.81528,0.81536,1.50,2.25
2012.03.05 23:37:18.963,0.81528,0.81535,1.50,1.50
2012.03.05 23:37:19.172,0.81526,0.81532,1.50,2.25
2012.03.05 23:37:21.061,0.81523,0.81531,1.80,1.50
2012.03.05 23:37:26.499,0.81523,0.81531,1.50,3.57
2012.03.05 23:37:26.637,0.81521,0.81529,1.50,3.00
2012.03.05 23:37:27.396,0.81521,0.81529,1.50,3.00
2012.03.05 23:37:27.840,0.8152,0.81526,1.50,1.50
2012.03.05 23:37:30.406,0.8152,0.81525,1.50,2.85
2012.03.05 23:37:30.480,0.81516,0.81522,2.25,1.50
2012.03.05 23:37:31.003,0.81516,0.81522,1.50,1.50
2012.03.05 23:37:32.056,0.81515,0.81523,1.50,3.19
2012.03.05 23:37:32.937,0.81515,0.81522,1.50,1.50
2012.03.05 23:37:33.473,0.81515,0.81522,1.50,1.50
2012.03.05 23:37:33.995,0.81515,0.81522,1.50,1.50
2012.03.05 23:37:36.946,0.81513,0.81521,1.50,1.50
2012.03.05 23:37:37.378,0.81513,0.81521,1.50,2.25
2012.03.05 23:37:38.345,0.81513,0.81521,1.50,3.00
2012.03.05 23:37:38.481,0.81513,0.81521,1.50,3.00
2012.03.05 23:37:38.562,0.81513,0.81521,1.50,3.00
2012.03.05 23:37:39.102,0.81513,0.8152,1.50,1.50
2012.03.05 23:37:40.201,0.81513,0.8152,1.50,2.25
2012.03.05 23:37:40.711,0.81512,0.81518,1.50,2.25
2012.03.05 23:37:41.506,0.81512,0.81518,1.50,3.75
2012.03.05 23:37:42.103,0.81512,0.81518,1.50,3.00
2012.03.05 23:37:44.006,0.81514,0.8152,1.50,2.25
2012.03.05 23:37:44.967,0.81514,0.8152,1.50,2.25
2012.03.05 23:37:45.596,0.81512,0.81518,1.69,2.25
2012.03.05 23:37:46.101,0.81512,0.81518,1.50,3.60
2012.03.05 23:37:46.188,0.81506,0.81512,2.25,1.50
2012.03.05 23:37:46.519,0.81506,0.81512,3.75,2.25
2012.03.05 23:37:46.726,0.8151,0.81518,1.50,3.00
2012.03.05 23:37:52.986,0.8151,0.81518,2.44,1.50
2012.03.05 23:37:53.178,0.81513,0.81519,2.25,1.50
2012.03.05 23:37:53.394,0.81514,0.81522,1.69,1.50
2012.03.05 23:37:53.467,0.81518,0.81524,1.50,1.50
2012.03.05 23:37:54.785,0.81515,0.81523,2.25,1.50
2012.03.05 23:37:56.499,0.81515,0.81523,3.00,1.50
2012.03.05 23:37:57.045,0.81515,0.81523,2.63,1.50
2012.03.05 23:37:59.146,0.81517,0.81525,1.69,1.50
2012.03.05 23:38:00.035,0.81517,0.81525,3.19,1.50
2012.03.05 23:38:00.547,0.81517,0.81525,3.19,1.50
2012.03.05 23:38:03.003,0.81517,0.81525,4.13,1.50
2012.03.05 23:38:03.326,0.8152,0.81526,1.50,1.50
2012.03.05 23:38:06.826,0.81517,0.81525,4.13,1.50
2012.03.05 23:38:13.667,0.81517,0.81525,2.25,1.50
2012.03.05 23:38:13.927,0.81515,0.81523,2.25,1.50
2012.03.05 23:38:14.458,0.81518,0.81524,1.50,1.50
2012.03.05 23:38:15.070,0.8152,0.81526,1.50,3.00
2012.03.05 23:38:16.495,0.81518,0.81524,1.50,1.50
2012.03.05 23:39:09.648,0.81518,0.81524,1.50,3.19
2012.03.05 23:39:09.957,0.81516,0.81522,1.50,3.38
2012.03.05 23:39:10.675,0.81516,0.81522,1.50,3.38
2012.03.05 23:39:13.631,0.81516,0.81522,1.50,3.00
2012.03.05 23:39:21.190,0.81516,0.81522,1.50,1.50
2012.03.05 23:39:46.754,0.81513,0.81521,1.88,1.50
2012.03.05 23:40:29.245,0.81515,0.81521,1.13,1.50
2012.03.05 23:40:29.508,0.81517,0.81523,1.50,1.50
2012.03.05 23:40:29.648,0.81518,0.81526,1.50,3.00
2012.03.05 23:40:32.566,0.81517,0.81523,2.44,1.50
2012.03.05 23:40:36.637,0.81517,0.81523,2.44,1.50
2012.03.05 23:40:36.827,0.81518,0.81526,2.25,2.25
2012.03.05 23:41:36.246,0.81518,0.81526,2.44,1.50
2012.03.05 23:41:36.390,0.8152,0.81528,1.50,2.63
2012.03.05 23:41:36.459,0.81523,0.81529,1.50,3.38
2012.03.05 23:41:36.930,0.8152,0.81528,3.75,1.50
2012.03.05 23:41:37.190,0.81521,0.81528,2.25,1.50
2012.03.05 23:41:37.330,0.81524,0.8153,1.50,2.63
2012.03.05 23:41:37.775,0.81521,0.81529,3.75,1.50
2012.03.05 23:41:39.859,0.81521,0.81529,3.81,1.50
2012.03.05 23:41:40.638,0.81522,0.81529,1.50,1.50
2012.03.05 23:41:40.956,0.81523,0.81531,1.50,2.70
2012.03.05 23:41:46.720,0.81521,0.81529,2.25,1.50
2012.03.05 23:42:00.589,0.81521,0.81529,3.00,1.50
2012.03.05 23:42:00.930,0.81524,0.8153,1.50,1.50
2012.03.05 23:42:35.328,0.81521,0.81529,2.63,1.50
2012.03.05 23:42:36.097,0.81524,0.8153,1.50,1.50
2012.03.05 23:42:37.388,0.81523,0.81531,1.50,2.25
2012.03.05 23:43:37.386,0.81519,0.81532,1.69,1.88
2012.03.05 23:43:38.905,0.81523,0.81531,1.20,2.70
2012.03.05 23:44:01.851,0.81521,0.8153,1.20,1.20
2012.03.05 23:44:11.638,0.81522,0.8153,2.10,1.20
2012.03.05 23:44:11.972,0.81523,0.81531,2.14,1.20
2012.03.05 23:44:12.264,0.81523,0.81531,2.89,2.70
2012.03.05 23:45:17.265,0.81523,0.81533,1.20,1.20
2012.03.05 23:45:27.444,0.81522,0.81532,1.95,1.20
2012.03.05 23:45:55.643,0.81522,0.81532,1.95,1.20
2012.03.05 23:46:14.155,0.81524,0.81532,1.20,1.20
2012.03.05 23:46:14.708,0.81523,0.81531,1.95,1.20
2012.03.05 23:46:14.909,0.81525,0.81531,1.50,1.20
2012.03.05 23:46:43.171,0.81525,0.81532,1.50,1.20
2012.03.05 23:47:14.934,0.81524,0.81532,1.20,1.20
2012.03.05 23:47:32.786,0.81523,0.81531,2.33,1.20
2012.03.05 23:47:36.137,0.81524,0.8153,1.50,1.50
2012.03.05 23:48:22.671,0.81525,0.81532,1.50,1.58
2012.03.05 23:48:23.388,0.81525,0.81532,1.50,3.45
2012.03.05 23:48:23.956,0.81525,0.81532,1.50,1.20
2012.03.05 23:49:15.593,0.81526,0.81533,1.20,1.50
2012.03.05 23:49:15.673,0.81526,0.81533,2.70,1.50
2012.03.05 23:49:16.446,0.81527,0.81534,3.00,1.20
2012.03.05 23:49:16.996,0.81527,0.81534,3.00,1.20
2012.03.05 23:49:21.727,0.81528,0.81535,1.20,1.50
2012.03.05 23:49:30.388,0.81527,0.81535,3.45,2.70
2012.03.05 23:49:31.413,0.81527,0.81532,1.20,1.50
2012.03.05 23:49:35.765,0.81526,0.81532,1.50,1.50
2012.03.05 23:49:55.641,0.81527,0.81532,1.50,1.20
2012.03.05 23:50:00.288,0.81525,0.8153,1.13,1.20
2012.03.05 23:50:00.427,0.81525,0.8153,1.88,1.20
2012.03.05 23:50:00.927,0.81524,0.8153,1.50,2.70
2012.03.05 23:50:06.231,0.81524,0.81529,1.50,1.20
2012.03.05 23:50:22.036,0.81526,0.81532,1.50,1.88
2012.03.05 23:50:24.659,0.81526,0.81531,1.50,1.20
2012.03.05 23:50:26.520,0.81526,0.81532,2.70,1.50
2012.03.05 23:50:28.339,0.81527,0.81534,1.50,1.20
2012.03.05 23:50:33.155,0.81528,0.81535,1.20,1.50
2012.03.05 23:50:33.716,0.81529,0.81536,1.50,1.20
2012.03.05 23:50:38.407,0.81529,0.81537,1.50,1.50
2012.03.05 23:50:44.263,0.81529,0.81537,3.75,1.50
2012.03.05 23:50:44.594,0.81532,0.8154,1.50,2.70
2012.03.05 23:50:44.989,0.81532,0.81538,1.50,2.25
2012.03.05 23:50:45.140,0.81527,0.81533,3.45,1.50
2012.03.05 23:50:45.424,0.81529,0.81535,1.50,1.50
2012.03.05 23:50:45.744,0.81531,0.81537,1.50,2.70
2012.03.05 23:50:48.830,0.81532,0.81537,1.20,1.50
2012.03.05 23:50:49.830,0.81532,0.8154,2.70,4.20
2012.03.05 23:50:53.070,0.81532,0.8154,2.70,3.45
2012.03.05 23:50:53.894,0.81532,0.8154,2.70,3.45
2012.03.05 23:50:54.649,0.81532,0.8154,2.70,3.45
2012.03.05 23:50:55.238,0.81532,0.8154,2.70,3.45
2012.03.05 23:50:58.872,0.81533,0.8154,1.20,1.50
2012.03.05 23:50:59.012,0.81533,0.81538,1.20,1.50
2012.03.05 23:51:00.492,0.81533,0.8154,1.20,3.00
2012.03.05 23:51:00.836,0.81529,0.81533,1.50,1.50
2012.03.05 23:51:01.135,0.81527,0.81533,1.50,2.25
2012.03.05 23:51:01.390,0.8153,0.81536,1.20,1.35
2012.03.05 23:51:01.521,0.8153,0.81536,2.70,1.50
2012.03.05 23:51:03.093,0.8153,0.81536,2.70,2.48
2012.03.05 23:51:03.432,0.81527,0.81533,1.50,1.50
2012.03.05 23:51:04.710,0.81527,0.81533,1.50,3.75
2012.03.05 23:51:05.088,0.81524,0.81531,1.80,2.14
2012.03.05 23:51:05.371,0.81523,0.81529,2.25,1.50
2012.03.05 23:51:05.714,0.81525,0.8153,1.50,1.20
2012.03.05 23:51:06.051,0.81527,0.81533,1.50,4.20
2012.03.05 23:51:06.120,0.81527,0.81533,1.50,3.45
2012.03.05 23:51:06.392,0.81529,0.81535,1.50,1.50
2012.03.05 23:51:07.770,0.81531,0.81537,1.50,2.70
2012.03.05 23:51:08.102,0.81527,0.81533,2.70,1.50
2012.03.05 23:51:09.473,0.81529,0.81535,1.50,1.50
2012.03.05 23:51:10.565,0.81527,0.81533,2.89,1.50
2012.03.05 23:51:12.601,0.81527,0.81532,1.50,1.20
2012.03.05 23:51:38.130,0.81527,0.81531,1.50,1.20
2012.03.05 23:51:44.571,0.81525,0.81531,1.50,2.70
2012.03.05 23:51:48.911,0.81525,0.81531,1.50,3.45
2012.03.05 23:51:49.675,0.81525,0.81531,1.50,2.70
2012.03.05 23:52:01.423,0.81525,0.8153,1.50,1.95
2012.03.05 23:52:01.624,0.81523,0.81529,1.50,2.25
2012.03.05 23:52:01.751,0.81525,0.8153,1.50,1.95
2012.03.05 23:52:02.298,0.81525,0.8153,1.50,1.20
2012.03.05 23:52:10.861,0.81525,0.81531,1.50,1.50
2012.03.05 23:52:42.152,0.81527,0.81532,1.50,1.95
2012.03.05 23:52:43.215,0.81527,0.81533,1.69,1.50
2012.03.05 23:52:43.484,0.81528,0.81536,1.50,3.45
2012.03.05 23:52:45.034,0.81528,0.81536,1.69,4.20
2012.03.05 23:52:45.104,0.81526,0.81534,2.70,2.25
2012.03.05 23:52:45.612,0.81526,0.81534,2.70,1.50
2012.03.05 23:52:47.452,0.81526,0.81531,1.50,1.20
2012.03.05 23:52:47.582,0.81524,0.81531,1.69,1.20
2012.03.05 23:53:08.483,0.81524,0.81529,1.69,1.20
2012.03.05 23:53:17.249,0.81524,0.8153,1.50,1.20
2012.03.05 23:53:27.453,0.81524,0.81532,2.89,2.70
2012.03.05 23:53:40.781,0.81524,0.81532,3.64,3.45
2012.03.05 23:53:49.510,0.81524,0.81532,2.89,2.70
2012.03.05 23:53:50.031,0.81525,0.81532,1.95,2.25
2012.03.05 23:53:52.663,0.81525,0.81532,2.14,1.50
2012.03.05 23:53:53.196,0.81527,0.81533,1.50,2.70
2012.03.05 23:53:53.265,0.81529,0.81533,1.50,1.20
2012.03.05 23:53:53.333,0.81529,0.81535,1.50,1.50
2012.03.05 23:54:11.470,0.81531,0.81537,1.50,1.50
2012.03.05 23:54:14.501,0.81531,0.81537,1.69,1.50
2012.03.05 23:54:14.830,0.81532,0.8154,2.89,2.70
2012.03.05 23:54:28.789,0.81535,0.8154,1.20,1.50
2012.03.05 23:54:50.830,0.81535,0.81542,1.20,3.00
2012.03.05 23:54:51.331,0.81536,0.81542,1.20,3.00
2012.03.05 23:54:51.852,0.81536,0.81541,1.20,1.50
2012.03.05 23:55:06.982,0.81536,0.81544,2.70,3.83
2012.03.05 23:55:33.933,0.81536,0.81541,1.20,1.50
2012.03.05 23:55:38.282,0.81532,0.8154,2.70,1.50
2012.03.05 23:55:43.368,0.81532,0.81539,1.50,1.20
2012.03.05 23:55:47.344,0.81531,0.81537,3.08,1.50
2012.03.05 23:56:08.081,0.81531,0.81537,1.50,3.00
2012.03.05 23:56:10.881,0.81531,0.81536,1.50,1.20
2012.03.05 23:56:17.891,0.81528,0.81536,3.45,3.45
2012.03.05 23:57:15.530,0.81526,0.81534,2.70,1.50
2012.03.05 23:57:41.001,0.81526,0.81534,1.50,3.38
2012.03.05 23:57:41.689,0.81525,0.81532,1.20,2.25
2012.03.05 23:57:42.075,0.81524,0.81531,1.50,1.95
2012.03.05 23:57:43.031,0.81524,0.81531,1.50,2.33
2012.03.05 23:57:48.350,0.81524,0.81531,1.50,1.13
2012.03.05 23:57:48.851,0.81523,0.81529,1.50,1.50
2012.03.05 23:57:57.902,0.81524,0.81531,1.50,1.20
2012.03.05 23:58:13.740,0.81524,0.81532,1.50,2.70
2012.03.05 23:58:16.121,0.81523,0.81527,1.50,1.20
2012.03.05 23:58:16.313,0.81521,0.81527,1.50,1.95
2012.03.05 23:58:16.668,0.81519,0.81527,3.64,3.45
2012.03.05 23:58:16.804,0.81521,0.81527,1.50,1.20
2012.03.05 23:58:17.203,0.81523,0.81529,1.20,1.50
2012.03.05 23:58:17.841,0.81524,0.8153,1.50,1.50
2012.03.05 23:58:38.774,0.81524,0.81529,1.20,1.50
2012.03.05 23:58:41.113,0.81521,0.81529,2.70,3.45
2012.03.05 23:58:41.302,0.81521,0.81526,1.20,1.50
2012.03.05 23:58:44.257,0.81522,0.81528,1.50,1.50
2012.03.05 23:58:45.509,0.81524,0.81528,1.20,1.50
2012.03.05 23:58:45.595,0.81525,0.81531,1.50,2.25
2012.03.05 23:58:45.933,0.81527,0.81532,1.50,1.39
2012.03.05 23:58:46.264,0.81529,0.81535,1.50,3.19
2012.03.05 23:59:00.290,0.81527,0.81533,2.25,1.50
2012.03.05 23:59:01.393,0.81527,0.81532,1.50,1.20
2012.03.05 23:59:01.464,0.81525,0.81531,1.50,1.50
2012.03.05 23:59:02.303,0.81529,0.81534,1.20,1.13
2012.03.05 23:59:02.374,0.81529,0.81534,1.20,1.88
2012.03.05 23:59:02.579,0.8153,0.81537,1.50,1.20
2012.03.05 23:59:02.652,0.81532,0.81538,1.20,2.63
2012.03.05 23:59:05.182,0.8153,0.81537,2.25,1.20
2012.03.05 23:59:05.502,0.81528,0.81534,1.50,1.50
2012.03.05 23:59:08.981,0.81528,0.81534,2.25,1.50
2012.03.05 23:59:09.255,0.81532,0.81538,2.70,1.50
2012.03.05 23:59:09.822,0.81532,0.81537,1.50,1.20
2012.03.05 23:59:09.952,0.81529,0.81535,2.44,1.50
2012.03.05 23:59:10.471,0.81529,0.81535,1.50,1.50
2012.03.05 23:59:10.952,0.81527,0.81534,1.20,1.50
2012.03.05 23:59:11.233,0.81526,0.81534,1.50,3.45
2012.03.05 23:59:11.372,0.81524,0.81532,2.70,2.25
2012.03.05 23:59:11.561,0.81524,0.81532,4.95,2.25
2012.03.05 23:59:11.695,0.81528,0.81535,1.20,2.25
2012.03.05 23:59:11.954,0.81529,0.81537,1.50,1.50
2012.03.05 23:59:12.023,0.81532,0.81538,1.50,4.20
2012.03.05 23:59:14.835,0.8153,0.81536,2.25,1.50
2012.03.05 23:59:18.964,0.81532,0.81538,1.50,2.25
2012.03.05 23:59:19.461,0.8153,0.81536,1.50,1.50
2012.03.05 23:59:45.538,0.8153,0.81534,1.20,1.50
2012.03.05 23:59:49.280,0.81528,0.81534,1.50,1.50
2012.03.05 23:59:52.604,0.81529,0.81536,2.25,1.20
2012.03.05 23:59:58.383,0.8153,0.81537,1.20,1.50
2012.03.05 23:59:58.458,0.81529,0.81535,1.50,1.20
2012.03.05 23:59:59.001,0.81527,0.81535,3.04,2.70
2012.03.05 23:59:59.522,0.81528,0.81535,2.44,2.70
2012.03.05 23:59:59.981,0.8153,0.81536,4.20,1.50
