2016.11.07 06:00:00.082,1.04354,1.0436,2.96,6.22
2016.11.07 06:00:00.184,1.04358,1.04361,1.50,4.87
2016.11.07 06:00:00.285,1.0436,1.04364,1.50,2.62
2016.11.07 06:00:00.360,1.04362,1.04366,1.56,1.87
2016.11.07 06:00:00.411,1.04362,1.04366,2.81,1.12
2016.11.07 06:00:00.462,1.04365,1.04367,1.25,1.37
2016.11.07 06:00:00.592,1.04365,1.04369,1.00,1.00
2016.11.07 06:00:01.098,1.04365,1.0437,2.06,1.12
2016.11.07 06:00:01.403,1.04367,1.04373,1.00,5.24
2016.11.07 06:00:01.909,1.04366,1.04371,2.44,1.12
2016.11.07 06:00:01.960,1.04368,1.04372,1.19,1.47
2016.11.07 06:00:02.011,1.04367,1.04373,2.62,1.87
2016.11.07 06:00:02.122,1.04369,1.04375,1.00,1.87
2016.11.07 06:00:02.671,1.04368,1.04374,1.50,1.37
2016.11.07 06:00:03.176,1.04367,1.04373,1.37,1.50
2016.11.07 06:00:04.092,1.04368,1.04375,3.37,1.87
2016.11.07 06:00:04.396,1.04371,1.04375,1.00,1.37
2016.11.07 06:00:04.901,1.0437,1.04375,1.15,1.37
2016.11.07 06:00:05.771,1.04371,1.04375,1.00,1.37
2016.11.07 06:00:06.089,1.04374,1.04376,1.00,1.37
2016.11.07 06:00:06.596,1.04373,1.04376,1.00,1.50
2016.11.07 06:00:06.900,1.04371,1.04376,2.62,1.75
2016.11.07 06:00:07.406,1.04372,1.04376,2.62,1.75
2016.11.07 06:00:09.999,1.04371,1.04376,1.12,1.75
2016.11.07 06:00:10.542,1.04372,1.04376,1.00,1.75
2016.11.07 06:00:10.998,1.04373,1.04376,2.06,1.00
2016.11.07 06:00:13.494,1.04375,1.04377,1.00,1.00
2016.11.07 06:00:14.740,1.04374,1.04379,1.31,5.62
2016.11.07 06:00:15.687,1.04374,1.04379,1.25,5.62
2016.11.07 06:00:16.377,1.04374,1.04379,1.25,1.87
2016.11.07 06:00:20.141,1.04375,1.04379,1.50,3.19
2016.11.07 06:00:20.344,1.04376,1.0438,1.25,1.12
2016.11.07 06:00:23.652,1.04376,1.04381,1.69,2.25
2016.11.07 06:00:23.857,1.04378,1.04382,1.00,2.25
2016.11.07 06:00:24.206,1.04379,1.04384,2.62,1.50
2016.11.07 06:00:30.186,1.04379,1.04382,1.12,1.00
2016.11.07 06:00:30.540,1.04381,1.04385,1.00,2.44
2016.11.07 06:00:30.894,1.04382,1.04386,1.00,2.25
2016.11.07 06:00:31.355,1.04385,1.04386,1.00,1.00
2016.11.07 06:00:31.457,1.04386,1.0439,1.12,2.25
2016.11.07 06:00:31.962,1.04384,1.0439,4.50,3.75
2016.11.07 06:00:37.991,1.04385,1.0439,1.61,3.75
2016.11.07 06:00:38.700,1.04385,1.04391,4.42,4.12
2016.11.07 06:00:42.588,1.04381,1.04383,25.12,1.00
2016.11.07 06:00:42.790,1.0438,1.04384,7.49,5.47
2016.11.07 06:00:42.841,1.04376,1.04381,1.56,1.12
2016.11.07 06:00:43.344,1.04379,1.04382,1.31,3.75
2016.11.07 06:00:43.546,1.04383,1.04387,3.37,1.50
2016.11.07 06:00:43.823,1.04383,1.04385,2.06,1.00
2016.11.07 06:00:44.076,1.04379,1.04385,7.31,3.75
2016.11.07 06:00:44.177,1.04379,1.04385,2.81,4.12
2016.11.07 06:00:44.488,1.04379,1.04382,2.06,1.00
2016.11.07 06:00:44.995,1.04376,1.04381,3.19,1.87
2016.11.07 06:00:45.568,1.04376,1.0438,2.06,1.00
2016.11.07 06:00:50.341,1.04377,1.04381,1.19,1.19
2016.11.07 06:00:50.594,1.0438,1.04385,1.50,2.25
2016.11.07 06:00:51.099,1.04379,1.04384,2.81,1.12
2016.11.07 06:00:53.795,1.04379,1.04382,2.06,1.00
2016.11.07 06:00:54.123,1.04382,1.04384,1.19,1.27
2016.11.07 06:00:54.225,1.04382,1.04387,2.62,2.25
2016.11.07 06:00:54.276,1.04382,1.04387,4.12,1.50
2016.11.07 06:00:54.529,1.04383,1.04389,4.12,2.25
2016.11.07 06:00:55.750,1.04383,1.04388,2.81,1.00
2016.11.07 06:00:57.687,1.04383,1.04387,2.44,1.00
2016.11.07 06:00:58.191,1.04383,1.04388,2.81,1.87
2016.11.07 06:00:59.727,1.04383,1.04388,2.44,2.25
2016.11.07 06:01:01.520,1.04384,1.04386,1.50,1.00
2016.11.07 06:01:02.042,1.04383,1.04388,1.19,4.12
2016.11.07 06:01:06.060,1.04382,1.04387,1.31,1.75
2016.11.07 06:01:06.465,1.04383,1.04385,2.44,1.00
2016.11.07 06:01:06.667,1.04384,1.04389,1.87,1.12
2016.11.07 06:01:06.819,1.04386,1.04388,1.19,1.00
2016.11.07 06:01:06.920,1.04385,1.0439,1.50,6.00
2016.11.07 06:01:07.439,1.04384,1.0439,2.81,3.37
2016.11.07 06:01:07.963,1.04384,1.0439,2.81,4.12
2016.11.07 06:01:09.785,1.04388,1.04389,1.00,1.00
2016.11.07 06:01:09.937,1.0439,1.04392,1.87,1.37
2016.11.07 06:01:10.039,1.04391,1.04395,1.00,1.87
2016.11.07 06:01:10.545,1.04391,1.04396,1.00,1.37
2016.11.07 06:01:11.089,1.04391,1.04396,1.12,1.00
2016.11.07 06:01:11.284,1.0439,1.04393,1.37,1.50
2016.11.07 06:01:11.386,1.04388,1.04392,1.50,2.44
2016.11.07 06:01:11.487,1.04387,1.04392,1.00,3.56
2016.11.07 06:01:11.640,1.0439,1.04392,1.00,1.12
2016.11.07 06:01:11.741,1.0439,1.04394,1.00,1.00
2016.11.07 06:01:12.288,1.0439,1.04395,2.62,1.00
2016.11.07 06:01:13.526,1.04389,1.04395,1.50,2.81
2016.11.07 06:01:14.141,1.0439,1.04395,1.00,1.50
2016.11.07 06:01:14.596,1.04389,1.04393,1.69,1.00
2016.11.07 06:01:15.361,1.04388,1.04393,1.87,2.25
2016.11.07 06:01:15.895,1.04389,1.04394,1.50,1.87
2016.11.07 06:01:19.156,1.04388,1.04392,2.62,1.00
2016.11.07 06:01:19.308,1.04387,1.04391,1.00,1.50
2016.11.07 06:01:19.780,1.04385,1.04389,2.62,1.00
2016.11.07 06:01:19.831,1.04383,1.04388,1.87,2.62
2016.11.07 06:01:20.085,1.04382,1.04387,1.50,1.87
2016.11.07 06:01:20.694,1.04382,1.04386,1.50,1.00
2016.11.07 06:01:21.201,1.04382,1.04387,1.00,1.87
2016.11.07 06:01:21.707,1.04382,1.04386,1.00,1.00
2016.11.07 06:01:22.920,1.04381,1.04386,1.50,2.62
2016.11.07 06:01:23.442,1.04381,1.04386,1.12,3.00
2016.11.07 06:01:23.644,1.0438,1.04383,1.37,1.00
2016.11.07 06:01:23.746,1.04379,1.04384,2.62,2.25
2016.11.07 06:01:24.187,1.04379,1.0438,1.50,1.00
2016.11.07 06:01:24.436,1.04374,1.04379,2.62,2.25
2016.11.07 06:01:27.130,1.04375,1.04379,1.00,1.12
2016.11.07 06:01:27.181,1.04376,1.04379,1.37,1.12
2016.11.07 06:01:27.683,1.04376,1.04382,1.87,3.37
2016.11.07 06:01:28.189,1.04375,1.0438,1.87,1.00
2016.11.07 06:01:33.708,1.04375,1.0438,1.00,3.37
2016.11.07 06:01:35.638,1.04374,1.0438,3.37,4.87
2016.11.07 06:01:41.943,1.04378,1.0438,1.00,1.87
2016.11.07 06:01:42.095,1.04379,1.04383,1.00,1.00
2016.11.07 06:01:42.601,1.0438,1.04384,1.00,1.87
2016.11.07 06:01:48.495,1.04383,1.04385,1.00,1.37
2016.11.07 06:01:48.647,1.04384,1.04387,1.00,1.50
2016.11.07 06:01:48.799,1.04384,1.04389,3.00,1.00
2016.11.07 06:01:50.220,1.04383,1.04387,1.37,1.00
2016.11.07 06:01:50.726,1.04382,1.04387,3.00,1.12
2016.11.07 06:01:51.234,1.04382,1.04385,1.50,1.00
2016.11.07 06:01:51.436,1.0438,1.04384,1.12,1.00
2016.11.07 06:01:51.971,1.04381,1.04384,1.00,1.00
2016.11.07 06:01:52.481,1.04381,1.04386,1.50,2.06
2016.11.07 06:01:52.993,1.04383,1.04386,1.00,1.37
2016.11.07 06:01:53.195,1.04384,1.04389,1.00,4.87
2016.11.07 06:01:53.702,1.04384,1.04388,1.87,1.12
2016.11.07 06:01:54.500,1.04384,1.04389,3.00,1.12
2016.11.07 06:01:55.042,1.04385,1.0439,1.50,1.87
2016.11.07 06:01:55.143,1.04387,1.0439,1.00,1.00
2016.11.07 06:01:55.447,1.04389,1.04392,1.00,1.00
2016.11.07 06:01:55.750,1.04385,1.04389,1.87,1.00
2016.11.07 06:01:56.255,1.04385,1.0439,1.50,1.87
2016.11.07 06:01:58.362,1.04385,1.04389,1.00,1.00
2016.11.07 06:01:58.666,1.04388,1.04393,3.94,1.87
2016.11.07 06:01:59.153,1.04388,1.0439,1.50,1.00
2016.11.07 06:01:59.255,1.04386,1.04389,1.00,1.00
2016.11.07 06:01:59.659,1.04387,1.04391,1.00,1.00
2016.11.07 06:02:00.164,1.04387,1.0439,1.12,1.00
2016.11.07 06:02:00.316,1.04387,1.04392,1.12,2.44
2016.11.07 06:02:03.515,1.04386,1.04391,2.62,1.00
2016.11.07 06:02:03.717,1.04386,1.04389,1.00,1.00
2016.11.07 06:02:04.222,1.04384,1.04389,5.06,1.00
2016.11.07 06:02:04.767,1.04384,1.04388,5.06,1.00
2016.11.07 06:02:05.890,1.04384,1.04387,3.37,1.50
2016.11.07 06:02:06.042,1.04381,1.04384,1.50,2.25
2016.11.07 06:02:06.245,1.04378,1.04383,2.62,2.25
2016.11.07 06:02:06.772,1.04379,1.04382,1.12,1.00
2016.11.07 06:02:07.280,1.04379,1.04383,5.25,1.00
2016.11.07 06:02:07.970,1.0438,1.04385,1.87,3.37
2016.11.07 06:02:08.273,1.04379,1.04382,3.75,1.50
2016.11.07 06:02:08.476,1.04376,1.04379,1.00,1.50
2016.11.07 06:02:08.981,1.04375,1.0438,1.50,1.87
2016.11.07 06:02:16.851,1.04379,1.04381,1.50,2.25
2016.11.07 06:02:17.148,1.04382,1.04385,1.12,1.50
2016.11.07 06:02:18.042,1.04381,1.04385,1.87,1.50
2016.11.07 06:02:20.588,1.0438,1.04382,2.62,1.25
2016.11.07 06:02:20.741,1.04372,1.04375,4.87,1.60
2016.11.07 06:02:21.045,1.0437,1.04375,1.54,13.72
2016.11.07 06:02:21.753,1.04371,1.04375,1.00,4.12
2016.11.07 06:02:22.276,1.0437,1.04375,2.10,4.12
2016.11.07 06:02:23.510,1.0437,1.04375,1.72,6.00
2016.11.07 06:02:24.174,1.0437,1.04375,5.10,2.62
2016.11.07 06:02:24.730,1.0437,1.04375,3.97,4.12
2016.11.07 06:02:25.186,1.0437,1.04375,2.85,5.62
2016.11.07 06:02:27.193,1.0437,1.04375,2.10,5.25
2016.11.07 06:02:27.698,1.0437,1.04375,3.97,1.50
2016.11.07 06:02:31.790,1.0437,1.04374,3.97,1.00
2016.11.07 06:02:32.347,1.04371,1.04374,1.00,1.00
2016.11.07 06:02:32.853,1.0437,1.04374,1.30,1.50
2016.11.07 06:02:33.999,1.0437,1.04375,1.30,4.50
2016.11.07 06:02:34.505,1.0437,1.04374,1.30,1.00
2016.11.07 06:02:36.693,1.0437,1.04373,1.30,1.00
2016.11.07 06:02:37.766,1.04372,1.04374,1.00,1.12
2016.11.07 06:02:38.069,1.04372,1.04376,1.57,2.62
2016.11.07 06:02:38.996,1.04372,1.04375,1.57,1.35
2016.11.07 06:02:39.502,1.0437,1.04375,2.47,4.35
2016.11.07 06:02:46.360,1.0437,1.04372,3.97,1.00
2016.11.07 06:02:46.563,1.04368,1.04371,3.00,2.62
2016.11.07 06:02:46.614,1.04368,1.0437,2.25,2.85
2016.11.07 06:02:46.766,1.04364,1.04368,1.50,3.56
2016.11.07 06:02:47.272,1.04363,1.04368,3.19,2.06
2016.11.07 06:02:47.783,1.04362,1.04367,1.87,1.00
2016.11.07 06:02:49.605,1.04363,1.04368,1.87,1.69
2016.11.07 06:02:49.707,1.04365,1.04368,1.00,1.00
2016.11.07 06:02:50.236,1.04364,1.04368,3.75,1.00
2016.11.07 06:02:50.741,1.04365,1.04369,1.50,2.25
2016.11.07 06:02:51.046,1.04365,1.04369,3.19,1.00
2016.11.07 06:02:51.148,1.04364,1.04368,1.87,1.50
2016.11.07 06:02:51.653,1.04363,1.04368,3.75,3.00
2016.11.07 06:02:53.847,1.04364,1.04369,3.37,2.25
2016.11.07 06:02:54.359,1.04364,1.04368,3.75,1.00
2016.11.07 06:02:55.249,1.04364,1.04369,2.62,1.87
2016.11.07 06:02:55.784,1.04364,1.04369,1.87,3.37
2016.11.07 06:02:57.234,1.04364,1.04368,1.12,1.00
2016.11.07 06:02:57.740,1.04364,1.04369,2.62,2.25
2016.11.07 06:02:58.247,1.04365,1.0437,1.87,3.37
2016.11.07 06:02:58.753,1.04366,1.0437,1.00,2.25
2016.11.07 06:02:59.291,1.04366,1.04371,2.81,2.06
2016.11.07 06:02:59.797,1.04365,1.0437,6.37,1.12
2016.11.07 06:03:02.006,1.04367,1.0437,1.00,1.12
2016.11.07 06:03:02.108,1.04369,1.04373,1.00,1.87
2016.11.07 06:03:02.260,1.04369,1.04374,3.19,2.25
2016.11.07 06:03:03.206,1.04369,1.04374,2.62,2.25
2016.11.07 06:03:06.606,1.04371,1.04374,1.50,1.87
2016.11.07 06:03:06.910,1.04374,1.04379,2.81,3.00
2016.11.07 06:03:11.194,1.04373,1.04378,3.75,1.50
2016.11.07 06:03:11.817,1.04373,1.04374,1.12,1.00
2016.11.07 06:03:12.070,1.04367,1.04369,3.37,1.00
2016.11.07 06:03:12.172,1.04365,1.04369,1.00,1.50
2016.11.07 06:03:16.318,1.04365,1.04368,1.00,1.00
2016.11.07 06:03:16.826,1.04364,1.04369,1.37,2.25
2016.11.07 06:03:18.095,1.04364,1.04369,1.00,2.62
2016.11.07 06:03:20.589,1.04363,1.04367,6.75,1.41
2016.11.07 06:03:20.845,1.04357,1.04361,2.25,1.12
2016.11.07 06:03:21.048,1.04357,1.04363,3.37,3.37
2016.11.07 06:03:21.554,1.04356,1.0436,1.37,1.50
2016.11.07 06:03:21.656,1.04355,1.04359,2.25,1.00
2016.11.07 06:03:22.161,1.04355,1.0436,4.50,1.12
2016.11.07 06:03:22.647,1.04358,1.04361,2.62,1.87
2016.11.07 06:03:22.863,1.04363,1.04366,2.25,1.12
2016.11.07 06:03:23.016,1.04365,1.04369,1.00,1.87
2016.11.07 06:03:23.321,1.04363,1.04368,2.62,1.50
2016.11.07 06:03:24.795,1.04364,1.04368,1.00,1.50
2016.11.07 06:03:25.841,1.04365,1.0437,1.00,4.12
2016.11.07 06:03:26.095,1.04367,1.04371,1.00,2.96
2016.11.07 06:03:26.146,1.04367,1.04371,1.00,1.69
2016.11.07 06:03:26.651,1.04366,1.0437,1.50,1.00
2016.11.07 06:03:27.160,1.04365,1.04369,4.50,1.00
2016.11.07 06:03:27.695,1.04365,1.0437,4.50,1.00
2016.11.07 06:03:28.244,1.04366,1.04371,2.62,3.19
2016.11.07 06:03:29.536,1.04365,1.0437,4.50,1.00
2016.11.07 06:03:29.740,1.04364,1.04368,1.87,1.00
2016.11.07 06:03:29.885,1.04364,1.04367,1.00,1.00
2016.11.07 06:03:30.391,1.04364,1.04368,1.00,1.00
2016.11.07 06:03:30.896,1.04364,1.04369,1.00,3.37
2016.11.07 06:03:31.525,1.04363,1.04369,3.37,3.00
2016.11.07 06:03:32.036,1.04365,1.04369,1.00,1.37
2016.11.07 06:03:32.138,1.04367,1.04369,1.00,1.00
2016.11.07 06:03:32.645,1.04364,1.04369,3.37,1.50
2016.11.07 06:03:36.752,1.04365,1.0437,1.50,2.62
2016.11.07 06:03:43.260,1.04366,1.0437,1.00,1.87
2016.11.07 06:03:43.846,1.04365,1.0437,6.37,1.87
2016.11.07 06:03:45.392,1.04368,1.04371,1.00,2.81
2016.11.07 06:03:45.936,1.04368,1.04372,2.25,2.06
2016.11.07 06:03:46.645,1.04367,1.04372,3.07,2.81
2016.11.07 06:03:47.151,1.04368,1.04372,1.50,5.06
2016.11.07 06:03:47.657,1.04366,1.04372,6.75,5.44
2016.11.07 06:03:48.641,1.04366,1.0437,4.12,1.87
2016.11.07 06:03:48.793,1.04365,1.04369,1.87,1.12
2016.11.07 06:03:49.047,1.04364,1.04367,1.37,1.00
2016.11.07 06:03:49.151,1.04363,1.04367,2.25,1.50
2016.11.07 06:03:49.454,1.04364,1.04369,1.87,1.50
2016.11.07 06:03:50.111,1.04366,1.04369,2.62,1.12
2016.11.07 06:03:50.424,1.04367,1.0437,1.12,1.12
2016.11.07 06:03:50.576,1.04365,1.0437,2.25,3.37
2016.11.07 06:03:53.832,1.04365,1.04371,5.25,4.12
2016.11.07 06:03:54.463,1.04365,1.0437,5.25,1.00
2016.11.07 06:03:54.666,1.04364,1.04368,2.44,1.00
2016.11.07 06:03:55.177,1.04365,1.04369,1.12,1.12
2016.11.07 06:03:56.259,1.04364,1.0437,4.69,3.37
2016.11.07 06:03:56.764,1.04364,1.04369,3.94,1.00
2016.11.07 06:03:57.269,1.04364,1.0437,4.69,3.00
2016.11.07 06:03:58.393,1.04367,1.0437,1.00,2.25
2016.11.07 06:03:58.658,1.04371,1.04376,1.00,7.69
2016.11.07 06:03:58.709,1.0437,1.04376,3.37,6.94
2016.11.07 06:03:58.932,1.04371,1.04375,1.87,1.12
2016.11.07 06:03:59.437,1.04371,1.04376,1.87,3.00
2016.11.07 06:03:59.792,1.04373,1.04376,1.00,1.00
2016.11.07 06:04:00.299,1.04375,1.04378,1.00,1.37
2016.11.07 06:04:00.351,1.04375,1.04379,1.87,1.12
2016.11.07 06:04:00.452,1.04376,1.04381,1.12,6.37
2016.11.07 06:04:00.960,1.04376,1.0438,1.12,1.00
2016.11.07 06:04:02.785,1.04378,1.04381,2.25,1.87
2016.11.07 06:04:03.290,1.04379,1.04382,1.00,1.87
2016.11.07 06:04:03.792,1.04377,1.04381,3.45,1.00
2016.11.07 06:04:05.044,1.04376,1.04379,3.45,1.00
2016.11.07 06:04:05.197,1.04374,1.04378,2.62,1.87
2016.11.07 06:04:05.855,1.04374,1.04378,2.62,3.75
2016.11.07 06:04:05.948,1.04372,1.04377,3.75,1.87
2016.11.07 06:04:07.371,1.04373,1.04377,1.00,1.87
2016.11.07 06:04:07.877,1.04374,1.04379,4.12,1.87
2016.11.07 06:04:09.123,1.04374,1.04379,4.50,1.12
2016.11.07 06:04:14.941,1.04376,1.04378,1.00,1.00
2016.11.07 06:04:15.446,1.04375,1.04378,1.50,1.50
2016.11.07 06:04:21.244,1.04375,1.04379,2.25,3.37
2016.11.07 06:04:22.840,1.04375,1.04377,1.50,1.50
2016.11.07 06:04:23.144,1.04372,1.04375,1.50,1.00
2016.11.07 06:04:23.196,1.04372,1.04373,1.50,1.00
2016.11.07 06:04:23.348,1.0437,1.04372,3.00,1.87
2016.11.07 06:04:23.399,1.04368,1.04369,3.00,1.00
2016.11.07 06:04:23.552,1.04366,1.04368,1.30,1.00
2016.11.07 06:04:25.631,1.04366,1.04369,1.12,1.00
2016.11.07 06:04:34.342,1.04367,1.0437,1.00,1.31
2016.11.07 06:04:34.444,1.04369,1.04372,1.00,4.87
2016.11.07 06:04:34.595,1.0437,1.04373,1.00,1.00
2016.11.07 06:04:35.102,1.0437,1.04374,1.00,1.12
2016.11.07 06:04:35.779,1.0437,1.04375,1.87,4.12
2016.11.07 06:04:41.212,1.04373,1.04375,1.50,2.62
2016.11.07 06:04:41.516,1.04377,1.04379,1.37,4.31
2016.11.07 06:04:41.617,1.04376,1.04377,1.00,1.50
2016.11.07 06:04:42.022,1.04373,1.04376,1.37,1.00
2016.11.07 06:04:42.564,1.04375,1.04377,2.25,2.62
2016.11.07 06:04:42.668,1.04376,1.0438,1.00,2.62
2016.11.07 06:04:42.770,1.04379,1.04381,1.50,3.75
2016.11.07 06:04:43.276,1.04379,1.04381,1.12,1.12
2016.11.07 06:04:44.438,1.04379,1.04381,4.50,1.87
2016.11.07 06:04:44.797,1.04375,1.0438,3.00,3.00
2016.11.07 06:04:51.492,1.04376,1.04379,1.50,1.00
2016.11.07 06:04:52.000,1.04374,1.04379,4.50,1.87
2016.11.07 06:04:53.292,1.04376,1.0438,1.69,2.25
2016.11.07 06:04:55.270,1.04377,1.0438,1.69,1.50
2016.11.07 06:04:55.472,1.04378,1.04381,1.00,1.53
2016.11.07 06:04:56.741,1.04378,1.04382,1.69,4.53
2016.11.07 06:04:57.298,1.04378,1.04382,1.50,5.28
2016.11.07 06:04:58.685,1.04378,1.0438,1.20,1.12
2016.11.07 06:04:58.888,1.04376,1.04379,1.31,1.50
2016.11.07 06:04:59.394,1.04376,1.0438,1.25,1.12
2016.11.07 06:04:59.657,1.04377,1.0438,1.69,1.12
2016.11.07 06:05:00.163,1.04378,1.04381,1.25,1.50
2016.11.07 06:05:00.741,1.04378,1.04381,2.44,1.50
2016.11.07 06:05:00.952,1.04379,1.04383,1.31,2.25
2016.11.07 06:05:03.940,1.04381,1.04383,1.00,1.12
2016.11.07 06:05:04.487,1.04382,1.04385,1.00,1.87
2016.11.07 06:05:05.004,1.04381,1.04385,1.25,1.37
2016.11.07 06:05:05.308,1.04384,1.04386,1.69,1.00
2016.11.07 06:05:05.359,1.04384,1.04388,1.69,3.37
2016.11.07 06:05:05.409,1.04385,1.04388,2.81,1.87
2016.11.07 06:05:05.562,1.04388,1.0439,1.00,1.87
2016.11.07 06:05:05.916,1.04385,1.04389,2.81,1.72
2016.11.07 06:05:06.422,1.04385,1.04388,1.31,1.50
2016.11.07 06:05:07.191,1.04384,1.04386,1.87,1.30
2016.11.07 06:05:07.343,1.04382,1.04384,2.25,1.00
2016.11.07 06:05:07.873,1.04381,1.04384,2.25,1.00
2016.11.07 06:05:08.834,1.04385,1.04386,1.00,1.87
2016.11.07 06:05:09.097,1.04387,1.0439,2.06,3.37
2016.11.07 06:05:09.199,1.04388,1.04393,1.25,4.69
2016.11.07 06:05:10.213,1.04389,1.04393,1.00,4.12
2016.11.07 06:05:10.264,1.0439,1.04393,1.19,1.87
2016.11.07 06:05:10.416,1.04391,1.04394,1.00,1.00
2016.11.07 06:05:10.467,1.04391,1.04396,1.00,2.25
2016.11.07 06:05:10.972,1.0439,1.04396,6.56,2.62
2016.11.07 06:05:12.076,1.04391,1.04396,1.00,1.69
2016.11.07 06:05:15.690,1.0439,1.04396,4.31,3.37
2016.11.07 06:05:17.343,1.0439,1.04396,6.41,3.37
2016.11.07 06:05:17.583,1.04391,1.04396,1.50,3.00
2016.11.07 06:05:18.648,1.04391,1.04395,1.50,1.00
2016.11.07 06:05:20.093,1.04391,1.04396,1.50,5.25
2016.11.07 06:05:21.735,1.04392,1.04396,1.37,1.00
2016.11.07 06:05:22.473,1.04396,1.04397,1.00,2.25
2016.11.07 06:05:22.777,1.04399,1.04401,1.20,1.00
2016.11.07 06:05:23.284,1.04397,1.04401,1.87,1.00
2016.11.07 06:05:23.790,1.04397,1.04401,2.62,1.00
2016.11.07 06:05:23.841,1.04398,1.04401,1.37,1.00
2016.11.07 06:05:24.348,1.04401,1.04403,3.25,4.59
2016.11.07 06:05:24.450,1.04399,1.04402,1.12,2.44
2016.11.07 06:05:24.957,1.04396,1.04401,3.75,1.00
2016.11.07 06:05:25.412,1.04401,1.04402,1.00,6.00
2016.11.07 06:05:25.719,1.04396,1.04401,3.75,1.50
2016.11.07 06:05:26.224,1.04396,1.044,3.75,1.50
2016.11.07 06:05:28.138,1.04396,1.044,4.50,1.00
2016.11.07 06:05:30.841,1.04396,1.04401,4.12,3.37
2016.11.07 06:05:30.981,1.04395,1.04399,3.37,1.50
2016.11.07 06:05:31.184,1.04394,1.04398,3.00,1.12
2016.11.07 06:05:31.691,1.04394,1.04399,3.75,1.25
2016.11.07 06:05:33.572,1.04395,1.04399,1.50,1.50
2016.11.07 06:05:33.724,1.04396,1.04401,3.00,3.75
2016.11.07 06:05:34.258,1.04396,1.04401,3.37,1.87
2016.11.07 06:05:34.785,1.04398,1.04401,1.00,1.12
2016.11.07 06:05:36.199,1.04401,1.04402,1.00,4.50
2016.11.07 06:05:36.302,1.04399,1.04402,1.50,2.44
2016.11.07 06:05:36.454,1.04401,1.04402,1.00,4.12
2016.11.07 06:05:36.809,1.04397,1.04401,3.00,1.25
2016.11.07 06:05:37.315,1.04397,1.04401,2.25,1.69
2016.11.07 06:05:38.611,1.04399,1.04401,2.62,1.50
2016.11.07 06:05:39.118,1.04397,1.04401,1.50,1.50
2016.11.07 06:05:40.980,1.04396,1.044,5.25,1.00
2016.11.07 06:05:41.102,1.04396,1.044,4.50,1.12
2016.11.07 06:05:41.607,1.04395,1.044,7.69,1.69
2016.11.07 06:05:42.841,1.04396,1.044,1.12,3.56
2016.11.07 06:05:43.349,1.04395,1.044,3.75,3.56
2016.11.07 06:05:44.366,1.04396,1.044,1.87,2.62
2016.11.07 06:05:44.518,1.04397,1.04402,4.87,3.37
2016.11.07 06:05:45.125,1.04398,1.04402,1.00,2.62
2016.11.07 06:05:45.634,1.04397,1.04402,2.25,2.62
2016.11.07 06:05:46.135,1.04397,1.04402,1.87,3.00
2016.11.07 06:05:48.145,1.04398,1.04402,1.00,2.25
2016.11.07 06:05:48.651,1.04398,1.04402,2.25,1.12
2016.11.07 06:05:50.403,1.04398,1.04401,1.50,3.56
2016.11.07 06:05:50.554,1.04397,1.044,1.00,4.91
2016.11.07 06:05:50.605,1.04395,1.04399,2.62,1.31
2016.11.07 06:05:51.111,1.04394,1.04399,2.25,2.81
2016.11.07 06:06:01.349,1.04394,1.04399,2.25,3.94
2016.11.07 06:06:13.587,1.04395,1.04399,1.00,2.44
2016.11.07 06:06:13.909,1.04398,1.04402,1.31,3.60
2016.11.07 06:06:17.641,1.04397,1.04401,3.00,1.04
2016.11.07 06:06:19.337,1.04397,1.04402,1.87,4.50
2016.11.07 06:06:20.740,1.04397,1.04401,1.12,1.00
2016.11.07 06:06:21.248,1.04397,1.04402,1.12,4.50
2016.11.07 06:06:23.187,1.04396,1.04401,4.69,2.25
2016.11.07 06:06:23.391,1.04395,1.044,3.19,3.40
2016.11.07 06:06:23.442,1.04395,1.04399,1.12,1.50
2016.11.07 06:06:23.947,1.04396,1.044,2.06,1.12
2016.11.07 06:06:24.452,1.04396,1.04401,2.81,3.75
2016.11.07 06:06:27.437,1.04396,1.04401,1.12,3.75
2016.11.07 06:06:27.589,1.04395,1.04398,5.06,1.00
2016.11.07 06:06:27.899,1.04392,1.04396,2.25,1.12
2016.11.07 06:06:28.405,1.04392,1.04395,1.12,1.00
2016.11.07 06:06:33.905,1.04394,1.04395,2.62,1.50
2016.11.07 06:06:34.411,1.04394,1.04397,2.44,1.00
2016.11.07 06:06:34.514,1.04394,1.04399,4.31,1.50
2016.11.07 06:06:35.020,1.04397,1.04399,1.00,1.00
2016.11.07 06:06:35.223,1.04397,1.04401,2.44,1.50
2016.11.07 06:06:43.788,1.04396,1.04401,3.37,5.28
2016.11.07 06:06:43.940,1.04396,1.044,1.50,1.87
2016.11.07 06:06:50.777,1.04395,1.044,6.56,1.37
2016.11.07 06:06:51.282,1.04396,1.044,2.25,1.37
2016.11.07 06:06:53.788,1.04395,1.04399,6.56,1.50
2016.11.07 06:06:54.293,1.04394,1.04398,1.69,1.87
2016.11.07 06:06:56.100,1.04394,1.04398,1.69,2.62
2016.11.07 06:06:57.235,1.04394,1.04397,2.62,3.37
2016.11.07 06:06:57.763,1.04393,1.04396,4.12,1.00
2016.11.07 06:07:00.988,1.04394,1.04396,3.37,1.00
2016.11.07 06:07:01.319,1.04396,1.04399,2.62,1.12
2016.11.07 06:07:01.421,1.04396,1.04399,2.62,1.00
2016.11.07 06:07:01.929,1.04395,1.04399,4.87,1.00
2016.11.07 06:07:02.440,1.04395,1.04399,5.81,1.00
2016.11.07 06:07:06.146,1.04398,1.044,1.19,1.87
2016.11.07 06:07:06.197,1.04395,1.044,6.19,2.84
2016.11.07 06:07:06.450,1.04398,1.044,1.19,5.84
2016.11.07 06:07:06.501,1.04395,1.04399,4.31,1.00
2016.11.07 06:07:10.397,1.04394,1.04399,2.81,4.12
2016.11.07 06:07:21.646,1.04395,1.04399,4.31,1.00
2016.11.07 06:07:24.761,1.04396,1.044,1.00,3.00
2016.11.07 06:07:25.291,1.04397,1.04401,1.25,3.37
2016.11.07 06:07:25.645,1.04399,1.04401,2.62,1.37
2016.11.07 06:07:25.848,1.04399,1.04402,3.56,1.12
2016.11.07 06:07:27.928,1.04398,1.04403,1.69,4.50
2016.11.07 06:07:28.130,1.04397,1.044,1.00,1.00
2016.11.07 06:07:28.415,1.04394,1.04399,5.06,4.50
2016.11.07 06:07:28.921,1.04395,1.04399,1.00,3.37
2016.11.07 06:07:29.487,1.04394,1.04398,3.56,1.12
2016.11.07 06:07:29.946,1.04396,1.04399,3.37,3.00
2016.11.07 06:07:30.451,1.04396,1.04401,1.25,4.50
2016.11.07 06:07:35.173,1.04397,1.04401,1.00,4.50
2016.11.07 06:07:35.478,1.044,1.04403,1.00,1.75
2016.11.07 06:07:35.529,1.044,1.04403,1.00,1.12
2016.11.07 06:07:36.590,1.044,1.04404,1.00,1.87
2016.11.07 06:07:38.990,1.04399,1.04404,2.06,3.37
2016.11.07 06:07:39.091,1.04399,1.04403,1.31,3.19
2016.11.07 06:07:39.344,1.04397,1.04402,1.69,2.62
2016.11.07 06:07:39.597,1.04398,1.04402,1.31,1.12
2016.11.07 06:07:42.491,1.04397,1.04402,3.19,1.50
2016.11.07 06:07:42.996,1.04396,1.04401,2.06,3.00
2016.11.07 06:07:45.188,1.04396,1.044,2.06,1.00
2016.11.07 06:07:45.461,1.04394,1.04399,1.69,3.75
2016.11.07 06:07:45.968,1.04394,1.04398,1.25,1.50
2016.11.07 06:07:48.009,1.04395,1.04399,1.00,6.37
2016.11.07 06:07:48.178,1.04397,1.04399,1.12,1.12
2016.11.07 06:07:48.484,1.04397,1.04401,1.75,1.87
2016.11.07 06:07:49.163,1.04397,1.044,2.25,1.12
2016.11.07 06:07:49.365,1.04397,1.04401,1.87,2.62
2016.11.07 06:07:50.743,1.04397,1.04399,1.12,1.12
2016.11.07 06:07:51.284,1.04395,1.04398,2.62,1.12
2016.11.07 06:07:51.789,1.04394,1.04397,1.69,2.62
2016.11.07 06:07:52.336,1.04394,1.04398,4.31,3.75
2016.11.07 06:07:52.854,1.04395,1.04398,1.00,2.25
2016.11.07 06:07:53.155,1.04397,1.04399,1.00,1.50
2016.11.07 06:07:53.256,1.04397,1.044,1.00,1.87
2016.11.07 06:07:53.761,1.04397,1.04401,2.25,4.12
2016.11.07 06:07:57.240,1.04398,1.04401,2.06,1.00
2016.11.07 06:07:57.342,1.044,1.04403,1.12,2.25
2016.11.07 06:07:57.847,1.044,1.04404,1.50,2.62
2016.11.07 06:08:00.800,1.04402,1.04404,1.00,1.12
2016.11.07 06:08:01.346,1.04402,1.04406,1.12,4.87
2016.11.07 06:08:04.487,1.04402,1.04405,1.12,2.65
2016.11.07 06:08:05.159,1.04401,1.04403,1.12,2.62
2016.11.07 06:08:05.311,1.04397,1.04401,3.19,1.53
2016.11.07 06:08:05.413,1.04397,1.04401,2.06,2.28
2016.11.07 06:08:06.372,1.04397,1.04401,1.87,1.12
2016.11.07 06:08:10.698,1.04397,1.04399,1.50,1.12
2016.11.07 06:08:10.900,1.04395,1.04399,1.69,3.97
2016.11.07 06:08:11.406,1.04395,1.04398,1.25,2.25
2016.11.07 06:08:13.528,1.04395,1.04397,1.25,1.00
2016.11.07 06:08:14.032,1.04395,1.04398,1.25,2.47
2016.11.07 06:08:15.334,1.04395,1.04399,2.44,1.00
2016.11.07 06:08:15.841,1.04395,1.044,4.31,4.19
2016.11.07 06:08:16.254,1.04395,1.04398,1.31,1.29
2016.11.07 06:08:18.770,1.04395,1.04399,2.06,1.00
2016.11.07 06:08:20.720,1.04395,1.044,2.06,4.57
2016.11.07 06:08:21.225,1.04395,1.04398,2.06,1.00
2016.11.07 06:08:23.392,1.04396,1.04398,2.62,1.00
2016.11.07 06:08:23.897,1.04395,1.04399,1.25,1.50
2016.11.07 06:08:24.370,1.04397,1.04401,1.00,4.50
2016.11.07 06:08:24.703,1.04395,1.04399,2.44,1.50
2016.11.07 06:08:26.098,1.04394,1.04398,3.37,1.50
2016.11.07 06:08:26.603,1.04394,1.04398,4.12,1.50
2016.11.07 06:08:27.450,1.04394,1.04398,1.87,1.50
2016.11.07 06:08:28.280,1.04394,1.04398,2.81,1.00
2016.11.07 06:08:28.786,1.04394,1.04399,2.81,3.00
2016.11.07 06:08:31.726,1.04396,1.04399,1.69,1.50
2016.11.07 06:08:32.231,1.04396,1.044,1.31,3.00
2016.11.07 06:08:36.684,1.04399,1.04401,2.44,1.00
2016.11.07 06:08:36.786,1.044,1.04403,1.25,1.50
2016.11.07 06:08:36.887,1.044,1.04404,1.31,1.31
2016.11.07 06:08:39.125,1.04399,1.04403,3.19,1.00
2016.11.07 06:08:39.633,1.044,1.04405,3.19,2.84
2016.11.07 06:08:40.139,1.044,1.04404,2.06,1.00
2016.11.07 06:08:44.182,1.044,1.04405,2.44,3.00
2016.11.07 06:08:51.610,1.04399,1.04404,6.94,1.00
2016.11.07 06:09:04.477,1.04399,1.04403,3.56,1.00
2016.11.07 06:09:04.983,1.04399,1.04404,2.06,3.00
2016.11.07 06:09:05.520,1.04399,1.04403,2.06,1.00
2016.11.07 06:09:06.750,1.04399,1.04404,2.06,4.50
2016.11.07 06:09:07.661,1.04399,1.04403,1.31,1.00
2016.11.07 06:09:09.848,1.04399,1.04404,1.31,4.20
2016.11.07 06:09:10.354,1.04399,1.04404,4.69,1.50
2016.11.07 06:09:10.506,1.04399,1.04402,2.62,1.00
2016.11.07 06:09:10.708,1.04398,1.04401,1.50,1.00
2016.11.07 06:09:10.759,1.04398,1.04403,1.50,2.62
2016.11.07 06:09:10.944,1.04399,1.04403,2.81,1.87
2016.11.07 06:09:11.452,1.04399,1.04404,4.31,1.50
2016.11.07 06:09:17.546,1.04399,1.04403,1.31,1.72
2016.11.07 06:09:17.849,1.04398,1.04402,1.00,2.06
2016.11.07 06:09:19.751,1.04399,1.04402,1.00,1.12
2016.11.07 06:09:20.257,1.04399,1.04404,1.69,2.62
2016.11.07 06:09:23.713,1.04398,1.04403,7.69,3.00
2016.11.07 06:09:23.966,1.04398,1.044,1.00,1.29
2016.11.07 06:09:24.219,1.04393,1.04398,7.31,2.81
2016.11.07 06:09:24.422,1.04395,1.04399,1.69,2.62
2016.11.07 06:09:24.725,1.04396,1.04401,2.06,2.25
2016.11.07 06:09:25.639,1.04396,1.04401,2.06,2.25
2016.11.07 06:09:31.264,1.04396,1.04401,1.31,3.00
2016.11.07 06:09:31.796,1.04396,1.044,1.31,1.00
2016.11.07 06:09:32.327,1.04396,1.04401,1.31,2.25
2016.11.07 06:09:36.613,1.04396,1.04401,1.69,2.62
2016.11.07 06:09:37.118,1.04395,1.044,5.06,1.00
2016.11.07 06:09:37.619,1.04395,1.04399,3.37,1.00
2016.11.07 06:09:37.822,1.04394,1.04398,1.69,1.00
2016.11.07 06:09:39.729,1.04395,1.04399,2.06,3.75
2016.11.07 06:09:39.893,1.04396,1.044,3.56,1.12
2016.11.07 06:09:40.349,1.04394,1.04398,3.56,1.00
2016.11.07 06:09:40.886,1.04394,1.04399,2.81,3.00
2016.11.07 06:09:43.039,1.04396,1.04399,1.00,1.00
2016.11.07 06:09:43.545,1.04395,1.04401,6.56,5.17
2016.11.07 06:09:50.148,1.04395,1.04399,2.06,1.00
2016.11.07 06:09:50.891,1.04394,1.04398,3.56,1.00
2016.11.07 06:09:53.092,1.04394,1.04399,3.56,1.50
2016.11.07 06:09:57.751,1.04394,1.04398,2.81,1.30
2016.11.07 06:09:58.056,1.0439,1.04392,1.12,3.94
2016.11.07 06:09:58.410,1.04391,1.04395,2.44,1.00
2016.11.07 06:09:58.917,1.04391,1.04396,4.31,1.50
2016.11.07 06:10:00.811,1.04394,1.04397,1.12,1.50
2016.11.07 06:10:01.118,1.04396,1.04399,3.37,1.12
2016.11.07 06:10:01.169,1.04396,1.04399,3.37,1.00
2016.11.07 06:10:01.815,1.04396,1.044,1.50,2.25
2016.11.07 06:10:02.946,1.04396,1.044,1.50,1.34
2016.11.07 06:10:03.201,1.04394,1.04396,2.25,3.03
2016.11.07 06:10:03.255,1.04394,1.04395,1.12,1.15
2016.11.07 06:10:03.335,1.0439,1.04394,3.37,1.00
2016.11.07 06:10:03.843,1.04388,1.04394,4.14,2.44
2016.11.07 06:10:03.946,1.04388,1.04391,2.25,1.00
2016.11.07 06:10:04.149,1.04388,1.04392,1.12,1.00
2016.11.07 06:10:04.251,1.0439,1.04393,1.00,1.87
2016.11.07 06:10:04.556,1.04392,1.04396,1.00,1.00
2016.11.07 06:10:04.961,1.04394,1.04398,1.00,1.50
2016.11.07 06:10:06.186,1.04393,1.04397,2.25,1.12
2016.11.07 06:10:06.439,1.0439,1.04395,4.12,1.00
2016.11.07 06:10:06.987,1.0439,1.04395,1.50,1.87
2016.11.07 06:10:08.199,1.04391,1.04396,1.00,2.67
2016.11.07 06:10:08.391,1.04394,1.04396,2.62,1.43
2016.11.07 06:10:08.644,1.04394,1.04399,4.87,2.25
2016.11.07 06:10:08.746,1.04396,1.04399,1.87,1.87
2016.11.07 06:10:09.049,1.04397,1.04402,1.00,6.56
2016.11.07 06:10:09.252,1.04396,1.04399,2.62,1.00
2016.11.07 06:10:09.757,1.04394,1.04399,2.25,3.37
2016.11.07 06:10:11.332,1.04393,1.04397,6.75,2.47
2016.11.07 06:10:11.636,1.04389,1.04392,3.00,3.00
2016.11.07 06:10:12.142,1.04388,1.04393,6.75,1.50
2016.11.07 06:10:18.793,1.04389,1.04393,1.50,1.00
2016.11.07 06:10:19.049,1.04391,1.04395,5.25,1.37
2016.11.07 06:10:19.202,1.04392,1.04396,2.25,1.00
2016.11.07 06:10:20.288,1.04392,1.04396,1.00,1.75
2016.11.07 06:10:20.794,1.04391,1.04396,2.62,2.25
2016.11.07 06:10:26.977,1.04389,1.04392,1.50,1.00
2016.11.07 06:10:27.482,1.04389,1.04393,1.12,2.25
2016.11.07 06:10:28.337,1.04389,1.04393,1.12,2.25
2016.11.07 06:10:31.738,1.04389,1.04393,1.50,1.00
2016.11.07 06:10:33.097,1.04389,1.04394,1.50,1.87
2016.11.07 06:10:44.639,1.0439,1.04395,1.50,3.56
2016.11.07 06:10:44.943,1.04395,1.044,2.62,1.69
2016.11.07 06:10:45.529,1.04396,1.044,1.00,3.19
2016.11.07 06:10:48.348,1.04396,1.04401,2.62,1.00
2016.11.07 06:10:48.889,1.04396,1.04401,3.37,1.12
2016.11.07 06:10:49.940,1.04396,1.044,2.62,1.00
2016.11.07 06:10:50.345,1.04399,1.04402,1.12,1.50
2016.11.07 06:10:50.548,1.04399,1.04404,3.37,2.25
2016.11.07 06:10:51.769,1.04399,1.04403,4.12,1.50
2016.11.07 06:10:52.274,1.04399,1.04403,2.62,1.12
2016.11.07 06:10:56.608,1.04399,1.04402,1.12,1.00
2016.11.07 06:10:56.710,1.04398,1.04401,1.00,4.78
2016.11.07 06:10:56.912,1.04395,1.044,2.25,4.94
2016.11.07 06:10:57.417,1.04395,1.04399,2.25,1.00
2016.11.07 06:10:57.775,1.04397,1.04401,1.00,2.25
2016.11.07 06:10:57.877,1.04398,1.04403,1.12,3.00
2016.11.07 06:10:58.028,1.04399,1.04404,2.62,2.25
2016.11.07 06:10:58.537,1.04399,1.04404,3.00,1.87
2016.11.07 06:10:59.049,1.044,1.04405,1.12,5.25
2016.11.07 06:11:03.686,1.04399,1.04403,3.37,1.69
2016.11.07 06:11:03.788,1.044,1.04401,1.12,2.06
2016.11.07 06:11:03.890,1.04397,1.044,1.00,1.50
2016.11.07 06:11:04.042,1.04395,1.044,2.25,2.62
2016.11.07 06:11:05.442,1.04396,1.044,1.00,1.87
2016.11.07 06:11:05.544,1.04399,1.04401,1.00,1.12
2016.11.07 06:11:05.646,1.04398,1.04403,8.25,1.12
2016.11.07 06:11:06.183,1.04399,1.04405,3.00,6.56
2016.11.07 06:11:06.689,1.04399,1.04405,3.37,4.69
2016.11.07 06:11:09.341,1.04399,1.04402,2.62,1.00
2016.11.07 06:11:09.545,1.04396,1.044,2.25,1.05
2016.11.07 06:11:10.054,1.04397,1.04402,4.12,3.22
2016.11.07 06:11:10.561,1.04399,1.04402,1.12,4.72
2016.11.07 06:11:11.067,1.04398,1.04402,4.50,3.22
2016.11.07 06:11:11.691,1.04399,1.04403,1.00,5.84
2016.11.07 06:11:11.742,1.04398,1.04403,3.75,11.06
2016.11.07 06:11:11.945,1.04399,1.04404,1.87,1.87
2016.11.07 06:11:21.230,1.044,1.04405,4.50,3.00
2016.11.07 06:11:21.735,1.04401,1.04405,1.87,2.25
2016.11.07 06:11:24.443,1.044,1.04405,3.75,1.00
2016.11.07 06:11:28.215,1.04402,1.04405,1.12,1.00
2016.11.07 06:11:28.431,1.04402,1.04407,1.50,6.39
2016.11.07 06:11:32.447,1.04402,1.04407,1.50,5.64
2016.11.07 06:11:34.451,1.04402,1.04407,1.00,6.39
2016.11.07 06:11:36.521,1.04403,1.04407,2.25,3.02
2016.11.07 06:11:37.531,1.04402,1.04406,2.25,1.00
2016.11.07 06:11:37.734,1.044,1.04405,6.00,1.89
2016.11.07 06:11:38.103,1.04399,1.04404,3.75,1.50
2016.11.07 06:11:38.255,1.04401,1.04404,1.00,1.00
2016.11.07 06:11:38.408,1.04401,1.04406,2.25,3.00
2016.11.07 06:11:38.913,1.044,1.04406,6.00,4.69
2016.11.07 06:11:42.684,1.044,1.04406,5.62,5.06
2016.11.07 06:11:44.641,1.044,1.04403,4.12,1.00
2016.11.07 06:11:45.147,1.04399,1.04404,4.12,4.95
2016.11.07 06:11:45.450,1.04405,1.04406,1.00,1.50
2016.11.07 06:11:46.599,1.04404,1.04406,1.50,1.00
2016.11.07 06:11:46.903,1.04406,1.04407,1.00,1.87
2016.11.07 06:11:47.211,1.04408,1.04409,1.00,1.87
2016.11.07 06:11:47.516,1.04407,1.04411,4.12,1.00
2016.11.07 06:11:47.718,1.04411,1.04413,1.00,1.52
2016.11.07 06:11:48.174,1.04409,1.04411,1.00,2.50
2016.11.07 06:11:48.688,1.04408,1.0441,1.50,1.40
2016.11.07 06:11:48.789,1.04407,1.0441,1.50,1.40
2016.11.07 06:11:48.841,1.04408,1.04411,1.00,1.50
2016.11.07 06:11:49.043,1.04409,1.04413,1.50,1.87
2016.11.07 06:11:49.563,1.0441,1.04413,1.00,1.12
2016.11.07 06:11:52.642,1.04411,1.04413,1.00,1.12
2016.11.07 06:11:55.694,1.04413,1.04415,1.00,1.95
2016.11.07 06:11:55.947,1.04419,1.04422,2.62,1.12
2016.11.07 06:11:56.357,1.04419,1.04424,6.37,1.12
2016.11.07 06:11:56.863,1.04419,1.04424,3.00,3.75
2016.11.07 06:11:57.368,1.04419,1.04424,4.12,1.12
2016.11.07 06:11:58.177,1.0442,1.04425,1.12,1.50
2016.11.07 06:11:58.278,1.04421,1.04425,1.50,1.12
2016.11.07 06:11:58.790,1.04423,1.04428,1.50,1.12
2016.11.07 06:11:58.841,1.04424,1.04429,3.75,2.25
2016.11.07 06:11:59.346,1.04425,1.04429,1.00,1.12
2016.11.07 06:12:00.209,1.04425,1.0443,1.12,1.25
2016.11.07 06:12:00.361,1.04425,1.04427,1.50,3.19
2016.11.07 06:12:00.564,1.04421,1.04424,1.50,1.00
2016.11.07 06:12:00.716,1.04424,1.04426,1.00,1.12
2016.11.07 06:12:00.893,1.04425,1.04429,2.25,1.41
2016.11.07 06:12:05.888,1.04427,1.04429,1.00,1.53
2016.11.07 06:12:06.243,1.04427,1.0443,1.50,3.00
2016.11.07 06:12:06.344,1.04429,1.04431,1.00,2.09
2016.11.07 06:12:11.244,1.0443,1.04431,1.50,1.00
2016.11.07 06:12:11.295,1.0443,1.04433,2.25,8.62
2016.11.07 06:12:11.346,1.04431,1.04434,1.50,1.00
2016.11.07 06:12:11.500,1.04434,1.04436,1.12,1.00
2016.11.07 06:12:11.601,1.04435,1.04438,1.50,1.00
2016.11.07 06:12:11.652,1.04437,1.04441,1.00,2.64
2016.11.07 06:12:11.860,1.04437,1.04441,2.62,1.00
2016.11.07 06:12:12.396,1.04439,1.04443,1.87,1.04
2016.11.07 06:12:12.902,1.0444,1.04444,1.50,1.04
2016.11.07 06:12:13.206,1.04442,1.04445,1.00,1.00
2016.11.07 06:12:13.459,1.04442,1.04447,2.62,4.69
2016.11.07 06:12:13.612,1.04442,1.04445,1.87,3.40
2016.11.07 06:12:13.816,1.0444,1.04442,1.05,1.50
2016.11.07 06:12:14.699,1.04439,1.04443,1.37,2.92
2016.11.07 06:12:16.113,1.04438,1.04442,1.50,2.69
2016.11.07 06:12:16.619,1.04436,1.0444,3.00,1.00
2016.11.07 06:12:17.148,1.04436,1.0444,2.25,1.03
2016.11.07 06:12:17.691,1.04435,1.0444,2.25,1.03
2016.11.07 06:12:19.159,1.04435,1.04441,1.87,1.72
2016.11.07 06:12:20.684,1.04436,1.04439,1.00,1.50
2016.11.07 06:12:21.189,1.04436,1.0444,1.00,1.04
2016.11.07 06:12:21.846,1.04437,1.0444,1.00,1.89
2016.11.07 06:12:22.298,1.04437,1.04438,1.00,1.00
2016.11.07 06:12:22.452,1.04434,1.04435,1.50,1.00
2016.11.07 06:12:22.503,1.0443,1.04431,2.25,1.00
2016.11.07 06:12:22.554,1.0443,1.04431,1.00,1.00
2016.11.07 06:12:22.605,1.04427,1.04431,1.95,1.12
2016.11.07 06:12:22.807,1.04426,1.04431,1.37,1.31
2016.11.07 06:12:23.315,1.04426,1.0443,1.37,1.12
2016.11.07 06:12:23.829,1.04426,1.04432,3.75,1.50
2016.11.07 06:12:24.685,1.0443,1.04432,1.19,1.50
2016.11.07 06:12:24.736,1.0443,1.04433,1.69,1.87
2016.11.07 06:12:24.837,1.04432,1.04435,1.00,1.50
2016.11.07 06:12:25.343,1.04432,1.04437,1.12,1.59
2016.11.07 06:12:26.062,1.04433,1.04438,1.00,4.31
2016.11.07 06:12:29.650,1.04432,1.04438,2.25,5.44
2016.11.07 06:12:31.144,1.04431,1.04436,1.31,1.00
2016.11.07 06:12:32.341,1.04433,1.04436,1.00,1.00
2016.11.07 06:12:32.889,1.04434,1.04436,1.50,1.00
2016.11.07 06:12:33.194,1.04438,1.04441,1.50,4.87
2016.11.07 06:12:36.363,1.04438,1.04441,1.69,1.00
2016.11.07 06:12:36.667,1.04442,1.04446,1.50,2.25
2016.11.07 06:12:37.205,1.04442,1.04446,1.00,1.87
2016.11.07 06:12:40.645,1.04443,1.04447,1.69,1.12
2016.11.07 06:12:40.949,1.04446,1.04448,1.00,1.87
2016.11.07 06:12:41.455,1.04445,1.04448,1.25,1.87
2016.11.07 06:12:42.070,1.04446,1.04448,1.00,1.87
2016.11.07 06:12:43.789,1.04445,1.04448,1.25,1.87
2016.11.07 06:12:45.051,1.04445,1.04447,1.25,1.00
2016.11.07 06:12:45.354,1.04444,1.04446,1.00,3.37
2016.11.07 06:12:45.406,1.04445,1.04447,1.00,1.00
2016.11.07 06:12:49.641,1.04446,1.04448,1.00,1.50
2016.11.07 06:12:49.896,1.04448,1.04449,1.00,1.00
2016.11.07 06:12:50.097,1.04446,1.04449,1.50,3.00
2016.11.07 06:12:50.640,1.04447,1.04449,1.00,1.50
2016.11.07 06:12:51.506,1.04446,1.04449,1.50,1.37
2016.11.07 06:12:54.519,1.04446,1.0445,2.44,1.87
2016.11.07 06:12:54.621,1.04446,1.04448,4.31,1.69
2016.11.07 06:12:54.775,1.04443,1.04449,12.74,1.14
2016.11.07 06:12:54.877,1.04439,1.04441,1.00,9.22
2016.11.07 06:12:55.132,1.04436,1.04437,1.12,1.00
2016.11.07 06:12:55.284,1.04437,1.04439,1.00,3.60
2016.11.07 06:12:55.835,1.04438,1.04441,1.00,1.00
2016.11.07 06:12:56.340,1.04439,1.04442,1.00,1.56
2016.11.07 06:12:56.594,1.04441,1.04444,1.00,2.06
2016.11.07 06:12:56.796,1.04443,1.04446,1.00,1.37
2016.11.07 06:12:57.407,1.04444,1.04449,1.00,8.90
2016.11.07 06:12:57.961,1.04445,1.04449,1.00,2.83
2016.11.07 06:12:59.141,1.04445,1.04449,1.00,1.69
2016.11.07 06:13:01.343,1.04446,1.0445,1.00,3.37
2016.11.07 06:13:01.848,1.04447,1.0445,1.00,1.37
2016.11.07 06:13:03.214,1.04448,1.0445,1.00,1.00
2016.11.07 06:13:04.700,1.04447,1.04451,1.50,1.62
2016.11.07 06:13:05.812,1.04446,1.04451,2.62,2.81
2016.11.07 06:13:06.332,1.04447,1.04451,1.00,2.81
2016.11.07 06:13:09.299,1.04448,1.0445,1.00,1.00
2016.11.07 06:13:15.295,1.04447,1.04451,1.12,1.69
2016.11.07 06:13:15.347,1.04447,1.04448,1.12,1.00
2016.11.07 06:13:15.651,1.04445,1.04447,1.00,1.50
2016.11.07 06:13:16.035,1.04445,1.04449,1.50,1.87
2016.11.07 06:13:16.942,1.04446,1.04448,1.12,1.00
2016.11.07 06:13:17.451,1.04446,1.04449,1.12,1.87
2016.11.07 06:13:18.208,1.04447,1.04449,1.00,1.00
2016.11.07 06:13:18.751,1.04447,1.0445,1.00,1.12
2016.11.07 06:13:21.246,1.04446,1.0445,1.12,1.12
2016.11.07 06:13:21.752,1.04447,1.0445,1.00,1.12
2016.11.07 06:13:23.634,1.04443,1.04444,9.75,1.00
2016.11.07 06:13:23.736,1.04444,1.04445,1.00,1.50
2016.11.07 06:13:23.837,1.04441,1.04443,3.75,1.00
2016.11.07 06:13:24.003,1.0444,1.04441,1.50,1.00
2016.11.07 06:13:24.105,1.04438,1.04441,1.50,3.75
2016.11.07 06:13:28.544,1.04438,1.04442,3.00,3.19
2016.11.07 06:13:29.825,1.04438,1.04442,3.00,3.00
2016.11.07 06:13:30.129,1.04442,1.04443,1.00,1.50
2016.11.07 06:13:30.231,1.04443,1.04444,1.00,1.00
2016.11.07 06:13:30.282,1.04443,1.04444,2.62,1.50
2016.11.07 06:13:30.333,1.04444,1.04446,1.00,3.75
2016.11.07 06:13:30.435,1.04442,1.04444,1.12,3.75
2016.11.07 06:13:30.486,1.0444,1.04442,1.37,3.19
2016.11.07 06:13:30.638,1.04438,1.04442,5.62,2.25
2016.11.07 06:13:33.751,1.04439,1.04443,2.81,1.87
2016.11.07 06:13:34.257,1.04442,1.04443,1.00,1.00
2016.11.07 06:13:34.359,1.04441,1.04444,1.50,1.00
2016.11.07 06:13:34.865,1.0444,1.04445,3.94,3.37
2016.11.07 06:13:37.803,1.04442,1.04445,1.25,1.00
2016.11.07 06:13:38.005,1.04443,1.04447,1.12,2.62
2016.11.07 06:13:38.553,1.04442,1.04446,3.56,1.00
2016.11.07 06:13:41.792,1.04442,1.04445,2.81,1.00
2016.11.07 06:13:42.298,1.04441,1.04445,3.19,2.25
2016.11.07 06:13:42.537,1.04441,1.04443,3.19,1.00
2016.11.07 06:13:42.791,1.04441,1.04444,1.50,3.37
2016.11.07 06:13:42.843,1.0444,1.04443,1.12,1.00
2016.11.07 06:13:43.348,1.0444,1.04444,2.62,1.87
2016.11.07 06:13:44.590,1.04441,1.04444,1.00,1.87
2016.11.07 06:13:46.344,1.04441,1.04446,3.56,4.12
2016.11.07 06:13:46.861,1.04443,1.04446,1.00,1.12
2016.11.07 06:13:48.297,1.04443,1.04447,1.00,3.94
2016.11.07 06:13:48.813,1.04443,1.04446,1.00,1.00
2016.11.07 06:13:54.155,1.04442,1.04446,3.00,1.50
2016.11.07 06:13:54.408,1.04442,1.04443,1.12,1.00
2016.11.07 06:13:57.650,1.04441,1.04443,1.12,1.00
2016.11.07 06:13:59.293,1.04441,1.04444,1.87,1.87
2016.11.07 06:13:59.822,1.04441,1.04445,1.87,1.87
2016.11.07 06:14:02.145,1.04442,1.04446,1.00,3.37
2016.11.07 06:14:02.652,1.04442,1.04446,1.87,1.00
2016.11.07 06:14:09.292,1.04442,1.04445,1.12,5.47
2016.11.07 06:14:09.545,1.04439,1.04442,1.12,1.00
2016.11.07 06:14:09.848,1.04439,1.04444,2.62,3.56
2016.11.07 06:14:10.354,1.04439,1.04444,3.00,2.81
2016.11.07 06:14:11.339,1.04441,1.04445,1.50,3.37
2016.11.07 06:14:11.789,1.04442,1.04447,2.62,4.69
2016.11.07 06:14:12.193,1.04442,1.04445,1.87,1.00
2016.11.07 06:14:12.496,1.04443,1.04447,1.50,4.31
2016.11.07 06:14:12.648,1.04444,1.04449,1.87,3.00
2016.11.07 06:14:13.154,1.04445,1.04449,2.25,1.00
2016.11.07 06:14:13.883,1.04445,1.04448,1.87,1.00
2016.11.07 06:14:13.934,1.04445,1.04446,1.50,1.00
2016.11.07 06:14:14.447,1.04442,1.04446,3.37,2.06
2016.11.07 06:14:14.650,1.0444,1.04444,3.00,2.25
2016.11.07 06:14:15.171,1.04439,1.04443,3.00,1.50
2016.11.07 06:14:15.272,1.04439,1.04443,1.12,3.37
2016.11.07 06:14:15.323,1.04439,1.04441,1.12,1.00
2016.11.07 06:14:15.677,1.04439,1.04443,1.12,5.47
2016.11.07 06:14:16.183,1.04438,1.04441,2.25,1.00
2016.11.07 06:14:16.536,1.04438,1.04443,3.00,5.62
2016.11.07 06:14:18.485,1.04439,1.04441,1.12,1.00
2016.11.07 06:14:20.685,1.04438,1.04442,2.25,1.87
2016.11.07 06:14:20.939,1.0444,1.04444,1.00,3.19
2016.11.07 06:14:23.068,1.0444,1.04444,2.25,2.06
2016.11.07 06:14:23.574,1.04441,1.04445,1.50,1.00
2016.11.07 06:14:24.180,1.04441,1.04445,2.25,3.00
2016.11.07 06:14:30.740,1.04439,1.04443,3.00,1.00
2016.11.07 06:14:31.264,1.04438,1.04442,2.25,1.87
2016.11.07 06:14:33.642,1.04438,1.04442,1.75,1.87
2016.11.07 06:14:35.451,1.04438,1.04443,3.00,4.50
2016.11.07 06:14:36.237,1.04438,1.04442,3.75,1.00
2016.11.07 06:14:36.439,1.04438,1.04441,1.75,3.22
2016.11.07 06:14:36.693,1.04438,1.04442,3.00,3.00
2016.11.07 06:14:37.112,1.04438,1.04443,3.00,5.81
2016.11.07 06:14:38.790,1.04438,1.04442,3.75,1.00
2016.11.07 06:14:39.802,1.04438,1.04442,3.00,3.00
2016.11.07 06:14:40.307,1.04438,1.04442,3.00,1.12
2016.11.07 06:14:41.884,1.04439,1.04441,1.50,1.12
2016.11.07 06:14:41.986,1.04438,1.0444,2.62,1.00
2016.11.07 06:14:42.542,1.04437,1.04439,2.44,1.00
2016.11.07 06:14:42.999,1.04434,1.04438,6.19,1.00
2016.11.07 06:14:43.159,1.04435,1.04436,1.00,1.00
2016.11.07 06:14:43.312,1.0443,1.04431,1.12,1.00
2016.11.07 06:14:43.415,1.04427,1.04429,2.44,1.00
2016.11.07 06:14:43.516,1.04427,1.04431,1.69,3.00
2016.11.07 06:14:43.618,1.04427,1.04429,1.50,1.12
2016.11.07 06:14:44.529,1.04426,1.0443,3.19,1.12
2016.11.07 06:14:44.840,1.04427,1.04428,1.00,1.00
2016.11.07 06:14:45.299,1.04425,1.04428,4.12,1.00
2016.11.07 06:14:45.350,1.04428,1.0443,1.00,4.12
2016.11.07 06:14:45.603,1.04432,1.04434,1.50,1.00
2016.11.07 06:14:45.806,1.04432,1.04436,2.25,1.87
2016.11.07 06:14:46.009,1.04431,1.04434,4.12,1.00
2016.11.07 06:14:46.817,1.04432,1.04436,2.44,1.50
2016.11.07 06:14:47.941,1.04432,1.04436,3.56,1.00
2016.11.07 06:14:49.294,1.04432,1.04437,2.81,1.50
2016.11.07 06:14:49.701,1.04435,1.04438,1.87,1.00
2016.11.07 06:14:49.904,1.04436,1.0444,1.50,1.50
2016.11.07 06:14:50.410,1.04435,1.04439,3.37,1.00
2016.11.07 06:14:50.916,1.04435,1.04438,1.75,1.00
2016.11.07 06:14:51.039,1.04434,1.04439,1.69,3.75
2016.11.07 06:14:52.004,1.04434,1.04438,1.69,1.00
2016.11.07 06:14:52.510,1.04434,1.04439,1.69,3.75
2016.11.07 06:14:53.066,1.04434,1.04438,1.69,1.50
2016.11.07 06:14:53.610,1.04434,1.04439,1.69,3.00
2016.11.07 06:14:54.133,1.04435,1.04439,1.00,2.25
2016.11.07 06:14:55.911,1.04435,1.04439,1.00,2.62
2016.11.07 06:14:56.416,1.04434,1.04439,2.06,3.00
2016.11.07 06:14:57.275,1.04435,1.04438,1.00,1.00
2016.11.07 06:14:58.075,1.04434,1.04439,1.69,4.12
2016.11.07 06:14:59.064,1.04434,1.04436,1.25,1.00
2016.11.07 06:14:59.367,1.04429,1.04434,4.31,2.62
2016.11.07 06:15:00.025,1.04431,1.04433,1.19,1.00
2016.11.07 06:15:00.076,1.0443,1.04433,1.31,1.00
2016.11.07 06:15:00.580,1.04431,1.04433,1.00,1.00
2016.11.07 06:15:01.440,1.0443,1.04433,2.06,1.00
2016.11.07 06:15:01.948,1.04431,1.04434,1.00,1.00
2016.11.07 06:15:02.470,1.0443,1.04434,2.06,1.00
2016.11.07 06:15:02.991,1.0443,1.04433,2.06,1.00
2016.11.07 06:15:03.396,1.0443,1.04435,3.94,3.37
2016.11.07 06:15:03.497,1.0443,1.04433,2.81,1.00
2016.11.07 06:15:06.661,1.04429,1.04431,1.50,1.00
2016.11.07 06:15:06.865,1.04426,1.04429,1.12,1.00
2016.11.07 06:15:06.966,1.04424,1.04427,3.19,1.00
2016.11.07 06:15:07.502,1.04423,1.04426,2.44,1.00
2016.11.07 06:15:08.613,1.04424,1.04426,1.69,1.00
2016.11.07 06:15:08.664,1.04424,1.04428,2.44,1.87
2016.11.07 06:15:08.867,1.04427,1.0443,1.25,2.10
2016.11.07 06:15:09.374,1.04428,1.04431,1.50,2.25
2016.11.07 06:15:09.526,1.04429,1.04433,1.25,1.50
2016.11.07 06:15:10.078,1.0443,1.04433,1.00,1.12
2016.11.07 06:15:11.242,1.04431,1.04435,1.25,2.25
2016.11.07 06:15:11.808,1.04431,1.04433,1.69,1.00
2016.11.07 06:15:13.135,1.04431,1.04435,1.69,1.12
2016.11.07 06:15:13.653,1.04432,1.04435,1.00,1.12
2016.11.07 06:15:14.158,1.04431,1.04435,1.31,1.12
2016.11.07 06:15:16.499,1.04432,1.04436,1.00,3.75
2016.11.07 06:15:17.004,1.04431,1.04436,2.81,3.97
2016.11.07 06:15:17.712,1.04432,1.04436,1.00,3.75
2016.11.07 06:15:18.217,1.0443,1.04436,4.69,5.10
2016.11.07 06:15:18.722,1.04432,1.04435,1.00,1.12
2016.11.07 06:15:19.076,1.04432,1.04437,1.50,4.50
2016.11.07 06:15:19.178,1.04432,1.04437,1.50,6.75
2016.11.07 06:15:19.684,1.04431,1.04436,2.81,1.87
2016.11.07 06:15:19.989,1.04434,1.04437,1.50,1.87
2016.11.07 06:15:20.654,1.04434,1.04436,1.50,1.00
2016.11.07 06:15:21.109,1.04437,1.04438,1.00,4.72
2016.11.07 06:15:21.657,1.04437,1.04438,1.00,2.62
2016.11.07 06:15:22.237,1.04435,1.04438,1.50,6.37
2016.11.07 06:15:22.744,1.04434,1.04438,1.25,1.87
2016.11.07 06:15:22.897,1.04436,1.04437,1.00,1.00
2016.11.07 06:15:22.998,1.04434,1.04436,1.50,1.50
2016.11.07 06:15:23.571,1.04435,1.04436,1.00,1.00
2016.11.07 06:15:23.622,1.04432,1.04438,2.06,8.10
2016.11.07 06:15:23.699,1.04436,1.04438,1.50,3.90
2016.11.07 06:15:24.003,1.04438,1.04439,1.50,7.35
2016.11.07 06:15:24.104,1.04436,1.04438,1.50,2.62
2016.11.07 06:15:24.609,1.04437,1.04438,1.00,3.00
2016.11.07 06:15:25.064,1.04437,1.04439,1.50,2.85
2016.11.07 06:15:25.418,1.04439,1.0444,1.00,1.87
2016.11.07 06:15:25.954,1.04438,1.04441,1.50,4.50
2016.11.07 06:15:28.785,1.0444,1.04442,3.12,4.12
2016.11.07 06:15:28.886,1.0444,1.04443,2.81,4.50
2016.11.07 06:15:28.988,1.0444,1.04445,3.19,1.50
2016.11.07 06:15:29.040,1.04443,1.04445,1.00,1.50
2016.11.07 06:15:30.224,1.04442,1.04445,1.50,5.62
2016.11.07 06:15:30.730,1.04443,1.04444,1.50,1.12
2016.11.07 06:15:31.440,1.04443,1.04445,1.00,3.37
2016.11.07 06:15:33.189,1.04444,1.04446,1.50,1.65
2016.11.07 06:15:33.738,1.04444,1.04446,1.00,1.65
2016.11.07 06:15:34.249,1.04443,1.04446,1.50,1.65
2016.11.07 06:15:35.549,1.04444,1.04446,1.00,1.65
2016.11.07 06:15:36.094,1.04444,1.04446,1.00,1.57
2016.11.07 06:15:36.397,1.04446,1.04447,1.50,3.37
2016.11.07 06:15:43.424,1.04446,1.04447,1.50,3.00
2016.11.07 06:15:44.131,1.04447,1.04448,1.50,1.00
2016.11.07 06:15:44.232,1.04448,1.0445,1.50,3.75
2016.11.07 06:15:44.738,1.04449,1.04451,1.50,1.69
2016.11.07 06:15:46.049,1.04449,1.04451,1.00,1.15
2016.11.07 06:15:46.150,1.04447,1.04451,1.12,1.16
2016.11.07 06:15:46.504,1.04449,1.0445,1.00,1.00
2016.11.07 06:15:46.555,1.04447,1.04452,2.62,5.47
2016.11.07 06:15:47.414,1.04447,1.0445,1.50,1.00
2016.11.07 06:15:47.935,1.04447,1.04451,1.50,1.91
2016.11.07 06:15:48.474,1.04447,1.0445,1.00,2.25
2016.11.07 06:15:48.979,1.04446,1.04449,1.00,1.50
2016.11.07 06:15:49.631,1.04446,1.0445,1.00,6.56
2016.11.07 06:15:50.136,1.04446,1.04449,1.00,1.00
2016.11.07 06:15:50.641,1.04445,1.04449,1.87,1.00
2016.11.07 06:15:51.234,1.04445,1.0445,1.87,7.31
2016.11.07 06:15:57.488,1.04446,1.0445,1.00,1.50
2016.11.07 06:16:00.858,1.04448,1.0445,1.00,1.00
2016.11.07 06:16:00.909,1.04446,1.0445,2.62,1.00
2016.11.07 06:16:01.447,1.04446,1.04451,1.87,3.63
2016.11.07 06:16:01.987,1.04446,1.0445,1.87,1.00
2016.11.07 06:16:02.517,1.04447,1.04451,1.00,3.63
2016.11.07 06:16:14.737,1.04446,1.0445,1.37,1.00
2016.11.07 06:16:15.242,1.04445,1.04451,4.50,3.77
2016.11.07 06:16:20.022,1.04446,1.04447,3.00,1.00
2016.11.07 06:16:20.981,1.04445,1.04446,3.00,1.00
2016.11.07 06:16:21.133,1.04445,1.04446,1.00,1.50
2016.11.07 06:16:23.059,1.04444,1.04445,1.50,1.00
2016.11.07 06:16:23.588,1.04447,1.04449,1.12,1.00
2016.11.07 06:16:23.690,1.04448,1.04451,1.37,1.00
2016.11.07 06:16:23.741,1.04448,1.04449,1.12,1.00
2016.11.07 06:16:24.044,1.04446,1.04449,1.75,1.50
2016.11.07 06:16:24.535,1.04444,1.04446,1.50,1.50
2016.11.07 06:16:25.041,1.04444,1.04446,1.12,1.00
2016.11.07 06:16:27.709,1.04444,1.04447,1.12,1.00
2016.11.07 06:16:31.136,1.04443,1.04446,2.25,1.00
2016.11.07 06:16:32.286,1.04443,1.04445,2.25,1.00
2016.11.07 06:16:32.873,1.04443,1.04444,1.12,1.00
2016.11.07 06:16:33.598,1.04443,1.04445,1.37,2.25
2016.11.07 06:16:33.750,1.04441,1.04443,2.62,1.50
2016.11.07 06:16:37.839,1.04441,1.04443,1.87,1.50
2016.11.07 06:16:38.548,1.04442,1.04444,1.00,1.50
2016.11.07 06:16:39.746,1.04442,1.04444,1.19,1.50
2016.11.07 06:16:40.376,1.04442,1.04443,1.69,1.00
2016.11.07 06:16:40.478,1.04441,1.04442,1.25,1.00
2016.11.07 06:16:40.984,1.04441,1.04443,1.31,1.50
2016.11.07 06:16:43.539,1.04441,1.04444,2.06,1.50
2016.11.07 06:16:43.996,1.04442,1.04444,1.19,1.50
2016.11.07 06:16:45.941,1.04442,1.04443,1.25,1.00
2016.11.07 06:16:46.863,1.04442,1.04444,1.31,1.00
2016.11.07 06:16:49.839,1.04442,1.04446,1.84,1.87
2016.11.07 06:16:50.347,1.04442,1.04447,4.84,1.87
2016.11.07 06:16:51.922,1.04444,1.04449,2.06,6.37
2016.11.07 06:16:52.452,1.04444,1.04448,1.69,1.00
2016.11.07 06:16:54.786,1.04444,1.04449,1.69,3.00
2016.11.07 06:16:58.087,1.04443,1.04448,9.11,2.62
2016.11.07 06:16:58.645,1.04443,1.04447,1.31,1.50
2016.11.07 06:16:59.587,1.04442,1.04447,3.56,1.00
2016.11.07 06:17:00.093,1.04444,1.04448,1.25,2.62
2016.11.07 06:17:00.296,1.04446,1.0445,1.00,3.37
2016.11.07 06:17:01.819,1.04446,1.0445,2.25,1.00
2016.11.07 06:17:04.602,1.04445,1.04451,7.87,3.19
2016.11.07 06:17:05.684,1.04445,1.0445,7.87,1.00
2016.11.07 06:17:06.287,1.04445,1.04449,8.62,1.00
2016.11.07 06:17:09.575,1.04445,1.0445,9.56,1.87
2016.11.07 06:17:09.778,1.04445,1.04449,1.12,2.62
2016.11.07 06:17:10.283,1.04444,1.04449,3.56,3.37
2016.11.07 06:17:11.042,1.04444,1.04449,1.31,6.00
2016.11.07 06:17:12.637,1.04445,1.04449,1.00,3.00
2016.11.07 06:17:13.143,1.04445,1.04449,1.00,1.87
2016.11.07 06:17:13.396,1.04444,1.04447,1.31,1.00
2016.11.07 06:17:13.934,1.04442,1.04446,1.31,3.00
2016.11.07 06:17:19.697,1.04441,1.04446,2.06,3.00
2016.11.07 06:17:20.203,1.04441,1.04446,2.81,2.46
2016.11.07 06:17:26.637,1.04441,1.04445,1.69,1.00
2016.11.07 06:17:29.042,1.04441,1.04446,1.69,3.21
2016.11.07 06:17:33.241,1.04441,1.04445,1.69,1.00
2016.11.07 06:17:33.782,1.04441,1.04446,1.69,3.21
2016.11.07 06:17:34.742,1.04441,1.04446,1.31,4.52
2016.11.07 06:17:35.061,1.04442,1.04446,1.19,4.52
2016.11.07 06:17:35.397,1.04442,1.04446,1.19,4.12
2016.11.07 06:17:35.650,1.04441,1.04446,1.31,5.27
2016.11.07 06:17:36.154,1.04441,1.04446,2.81,3.56
2016.11.07 06:17:36.306,1.04444,1.04446,1.19,3.56
2016.11.07 06:17:36.458,1.04445,1.04447,1.69,3.37
2016.11.07 06:17:36.560,1.04445,1.0445,3.56,3.00
2016.11.07 06:17:36.712,1.04446,1.04451,1.25,4.50
2016.11.07 06:17:37.249,1.04447,1.04451,1.00,2.25
2016.11.07 06:17:38.080,1.04447,1.0445,1.00,1.00
2016.11.07 06:17:38.586,1.04446,1.0445,2.06,1.00
2016.11.07 06:17:40.192,1.04446,1.04451,1.50,3.94
2016.11.07 06:17:40.698,1.04447,1.04451,1.00,3.94
2016.11.07 06:17:42.744,1.0445,1.04451,1.00,2.25
2016.11.07 06:17:42.795,1.04448,1.04451,4.15,2.25
2016.11.07 06:17:42.946,1.0445,1.04452,1.00,1.00
2016.11.07 06:17:43.457,1.04451,1.04452,1.00,1.00
2016.11.07 06:17:44.942,1.0445,1.04452,3.00,1.00
2016.11.07 06:17:45.296,1.04447,1.04451,1.50,1.12
2016.11.07 06:17:45.498,1.04446,1.0445,1.00,2.62
2016.11.07 06:17:45.652,1.04446,1.04449,1.00,1.19
2016.11.07 06:17:46.698,1.04445,1.04449,1.50,1.69
2016.11.07 06:17:53.589,1.04445,1.0445,2.25,3.00
2016.11.07 06:17:53.943,1.04448,1.0445,1.50,1.69
2016.11.07 06:17:54.236,1.0445,1.04456,2.25,3.75
2016.11.07 06:17:54.777,1.04451,1.04456,1.50,2.25
2016.11.07 06:17:56.863,1.04452,1.04456,1.00,1.12
2016.11.07 06:17:57.989,1.04453,1.04457,1.00,2.62
2016.11.07 06:17:58.192,1.04454,1.04459,1.50,3.19
2016.11.07 06:17:58.468,1.04454,1.0446,2.25,3.75
2016.11.07 06:17:58.533,1.04454,1.04459,1.87,1.37
2016.11.07 06:18:00.108,1.04454,1.04459,1.12,1.69
2016.11.07 06:18:03.812,1.04454,1.04459,1.87,2.06
2016.11.07 06:18:07.624,1.04454,1.04459,2.25,1.12
2016.11.07 06:18:09.389,1.04455,1.04459,1.00,1.00
2016.11.07 06:18:11.356,1.04455,1.0446,1.50,2.44
2016.11.07 06:18:11.861,1.04455,1.04459,1.50,1.00
2016.11.07 06:18:14.917,1.04455,1.0446,1.50,1.25
2016.11.07 06:18:15.449,1.04455,1.04459,1.50,1.00
2016.11.07 06:18:16.340,1.04455,1.0446,1.50,1.69
2016.11.07 06:18:19.396,1.04456,1.0446,1.00,1.00
2016.11.07 06:18:19.699,1.0446,1.04463,1.00,1.50
2016.11.07 06:18:20.053,1.04461,1.04465,1.00,2.44
2016.11.07 06:18:23.888,1.04461,1.04464,1.00,1.50
2016.11.07 06:18:24.142,1.04459,1.04463,2.62,1.50
2016.11.07 06:18:27.387,1.04459,1.04462,1.50,1.00
2016.11.07 06:18:27.590,1.0446,1.04464,1.72,1.50
2016.11.07 06:18:28.110,1.04461,1.04466,1.12,4.31
2016.11.07 06:18:29.154,1.0446,1.04464,1.87,3.02
2016.11.07 06:18:29.458,1.04456,1.04458,1.37,1.00
2016.11.07 06:18:29.610,1.04453,1.04459,1.50,3.94
2016.11.07 06:18:30.065,1.04453,1.04457,1.12,1.00
2016.11.07 06:18:30.584,1.04453,1.04458,1.12,1.12
2016.11.07 06:18:32.048,1.04453,1.04458,1.75,1.12
2016.11.07 06:18:39.488,1.04454,1.04459,1.50,4.31
2016.11.07 06:18:45.491,1.04455,1.0446,1.12,2.44
2016.11.07 06:18:46.008,1.04456,1.0446,1.50,1.00
2016.11.07 06:18:54.188,1.04455,1.04459,1.87,1.00
2016.11.07 06:18:54.493,1.04454,1.04458,1.69,1.50
2016.11.07 06:18:57.986,1.04454,1.04459,2.70,1.50
2016.11.07 06:18:58.038,1.04455,1.04459,1.50,1.50
2016.11.07 06:18:59.444,1.04455,1.04457,1.00,1.00
2016.11.07 06:18:59.856,1.04453,1.04457,1.00,1.50
2016.11.07 06:19:05.091,1.04453,1.04456,1.12,1.00
2016.11.07 06:19:10.682,1.04452,1.04454,1.37,2.25
2016.11.07 06:19:10.806,1.04452,1.04454,1.37,1.00
2016.11.07 06:19:10.919,1.0445,1.04454,1.00,1.00
2016.11.07 06:19:15.121,1.04449,1.04455,3.78,4.12
2016.11.07 06:19:15.627,1.0445,1.04455,1.00,3.37
2016.11.07 06:19:16.233,1.0445,1.04455,1.50,3.00
2016.11.07 06:19:29.293,1.0445,1.04455,3.37,1.00
2016.11.07 06:19:29.841,1.0445,1.04455,2.62,1.00
2016.11.07 06:19:32.902,1.04451,1.04456,1.50,2.62
2016.11.07 06:19:33.104,1.04452,1.04458,2.62,5.62
2016.11.07 06:19:33.610,1.04455,1.04457,1.00,1.12
2016.11.07 06:19:33.762,1.04455,1.04459,2.25,1.00
2016.11.07 06:19:34.573,1.04454,1.04459,3.00,1.12
2016.11.07 06:19:35.078,1.04455,1.0446,4.50,1.62
2016.11.07 06:19:39.739,1.04455,1.0446,4.50,3.56
2016.11.07 06:19:40.247,1.04454,1.04458,1.87,1.12
2016.11.07 06:19:40.350,1.04454,1.04458,1.12,1.75
2016.11.07 06:19:40.855,1.04452,1.04457,3.00,1.75
2016.11.07 06:19:43.182,1.04454,1.04457,1.00,1.75
2016.11.07 06:19:43.435,1.04454,1.04457,1.00,1.00
2016.11.07 06:19:45.276,1.04454,1.04458,1.00,3.00
2016.11.07 06:19:47.689,1.04453,1.04458,1.87,3.37
2016.11.07 06:19:48.017,1.04453,1.04456,1.12,1.12
2016.11.07 06:19:48.169,1.04451,1.04455,1.12,1.00
2016.11.07 06:19:48.716,1.04451,1.04453,1.12,1.00
2016.11.07 06:19:48.868,1.04448,1.04452,4.12,1.00
2016.11.07 06:19:49.374,1.04447,1.04452,2.44,1.12
2016.11.07 06:19:50.091,1.04447,1.04452,3.19,1.12
2016.11.07 06:19:51.483,1.04447,1.04451,1.87,2.25
2016.11.07 06:19:51.989,1.04446,1.0445,1.00,3.00
2016.11.07 06:19:52.840,1.04445,1.0445,4.87,1.00
2016.11.07 06:20:00.713,1.04445,1.0445,1.12,3.75
2016.11.07 06:20:01.472,1.04446,1.0445,1.00,2.62
2016.11.07 06:20:02.001,1.04445,1.0445,4.50,1.50
2016.11.07 06:20:14.644,1.04445,1.0445,2.62,3.75
2016.11.07 06:20:16.141,1.04444,1.04449,2.44,1.12
2016.11.07 06:20:16.446,1.04443,1.04447,1.69,1.87
2016.11.07 06:20:16.995,1.04444,1.04449,1.87,4.12
2016.11.07 06:20:17.501,1.04445,1.04449,1.00,3.00
2016.11.07 06:20:17.956,1.04445,1.04451,7.72,4.50
2016.11.07 06:20:18.462,1.04446,1.04452,3.75,4.50
2016.11.07 06:20:18.966,1.04447,1.04452,2.62,1.37
2016.11.07 06:20:19.168,1.04449,1.04453,1.00,2.00
2016.11.07 06:20:19.371,1.04451,1.04456,1.00,4.50
2016.11.07 06:20:20.012,1.0445,1.04454,1.12,2.25
2016.11.07 06:20:20.063,1.0445,1.04453,1.00,1.37
2016.11.07 06:20:20.165,1.04448,1.04451,1.00,2.81
2016.11.07 06:20:20.266,1.04445,1.0445,2.62,2.62
2016.11.07 06:20:21.726,1.04445,1.04451,3.00,3.94
2016.11.07 06:20:22.231,1.04446,1.04451,1.50,3.94
2016.11.07 06:20:23.607,1.04445,1.04451,4.50,3.94
2016.11.07 06:20:25.468,1.04446,1.04451,1.00,3.94
2016.11.07 06:20:26.227,1.04445,1.04451,3.75,3.94
2016.11.07 06:20:27.900,1.04445,1.0445,2.28,1.00
2016.11.07 06:20:31.789,1.04445,1.04449,1.12,1.00
2016.11.07 06:20:35.131,1.04444,1.04448,1.91,1.00
2016.11.07 06:20:35.181,1.04444,1.04446,1.87,1.00
2016.11.07 06:20:35.485,1.04443,1.04446,2.62,1.00
2016.11.07 06:20:35.940,1.04441,1.04444,4.50,1.50
2016.11.07 06:20:35.991,1.04441,1.04444,1.00,2.25
2016.11.07 06:20:36.398,1.04443,1.04444,1.00,1.00
2016.11.07 06:20:36.556,1.04444,1.04447,2.51,1.87
2016.11.07 06:20:36.658,1.04445,1.04448,1.00,1.00
2016.11.07 06:20:37.215,1.04444,1.04447,2.10,1.50
2016.11.07 06:20:37.469,1.04443,1.04447,3.37,2.25
2016.11.07 06:20:37.722,1.04443,1.04445,2.62,1.00
2016.11.07 06:20:37.975,1.0444,1.04444,1.61,1.50
2016.11.07 06:20:38.480,1.0444,1.04443,1.14,1.50
2016.11.07 06:20:40.777,1.0444,1.04444,1.91,1.12
2016.11.07 06:20:44.106,1.0444,1.04445,3.41,2.62
2016.11.07 06:20:44.691,1.0444,1.04445,3.78,2.62
2016.11.07 06:20:45.197,1.0444,1.04445,3.78,1.87
2016.11.07 06:20:47.691,1.0444,1.04445,3.78,1.87
2016.11.07 06:20:50.928,1.0444,1.04445,2.66,1.50
2016.11.07 06:20:51.433,1.0444,1.04444,1.04,1.12
2016.11.07 06:20:52.697,1.0444,1.04445,4.50,1.87
2016.11.07 06:21:04.388,1.04441,1.04445,1.00,1.00
2016.11.07 06:21:04.893,1.04441,1.04446,1.00,3.37
2016.11.07 06:21:05.940,1.0444,1.04446,4.50,4.12
2016.11.07 06:21:05.992,1.0444,1.04445,3.00,2.06
2016.11.07 06:21:06.575,1.04439,1.04444,2.25,2.62
2016.11.07 06:21:07.082,1.04439,1.04443,1.50,1.12
2016.11.07 06:21:10.044,1.0444,1.04444,1.00,2.62
2016.11.07 06:21:10.550,1.0444,1.04444,1.00,1.87
2016.11.07 06:21:16.241,1.0444,1.04445,3.75,3.37
2016.11.07 06:21:16.746,1.04441,1.04445,1.00,1.87
2016.11.07 06:21:17.290,1.0444,1.04445,5.25,1.87
2016.11.07 06:21:17.842,1.04441,1.04445,1.00,1.87
2016.11.07 06:21:18.358,1.0444,1.04445,6.00,1.87
2016.11.07 06:21:23.977,1.04441,1.04446,1.00,4.12
2016.11.07 06:21:24.482,1.04441,1.04446,1.00,4.12
2016.11.07 06:21:32.498,1.04442,1.04447,1.00,3.94
2016.11.07 06:21:33.877,1.04443,1.04447,1.00,3.56
2016.11.07 06:21:37.792,1.04442,1.04447,1.87,1.25
2016.11.07 06:21:38.455,1.04443,1.04447,1.00,1.69
2016.11.07 06:21:38.961,1.04444,1.04448,2.62,1.00
2016.11.07 06:21:39.470,1.04444,1.04449,3.37,2.25
2016.11.07 06:21:40.039,1.04445,1.04449,1.00,2.25
2016.11.07 06:21:41.334,1.04445,1.0445,4.12,2.62
2016.11.07 06:21:48.789,1.04445,1.04449,1.00,1.12
2016.11.07 06:21:48.991,1.04443,1.04448,3.75,1.50
2016.11.07 06:21:49.598,1.04442,1.04448,3.00,3.75
2016.11.07 06:21:50.111,1.04443,1.04448,1.00,3.00
2016.11.07 06:21:58.418,1.04444,1.04448,1.00,1.50
2016.11.07 06:21:59.429,1.04443,1.04447,2.62,1.87
2016.11.07 06:21:59.581,1.0444,1.04445,3.02,1.00
2016.11.07 06:22:00.089,1.04441,1.04446,1.00,2.62
2016.11.07 06:22:07.140,1.0444,1.04446,3.03,3.37
2016.11.07 06:22:09.055,1.04441,1.04446,1.00,2.25
2016.11.07 06:22:09.560,1.0444,1.04446,3.78,3.37
2016.11.07 06:22:17.752,1.04441,1.04446,1.50,1.50
2016.11.07 06:22:27.340,1.0444,1.04445,2.25,1.00
2016.11.07 06:22:28.722,1.0444,1.04446,2.25,4.87
2016.11.07 06:22:29.228,1.0444,1.04446,2.62,4.87
2016.11.07 06:22:29.733,1.04441,1.04446,1.00,2.62
2016.11.07 06:22:31.541,1.0444,1.04446,2.62,4.12
2016.11.07 06:22:33.652,1.04441,1.04446,1.00,3.58
2016.11.07 06:22:35.543,1.04441,1.04442,1.87,1.25
2016.11.07 06:22:35.746,1.04438,1.0444,1.50,1.00
2016.11.07 06:22:36.265,1.04439,1.04442,1.50,1.50
2016.11.07 06:22:38.131,1.0444,1.04444,1.00,1.87
2016.11.07 06:22:38.636,1.0444,1.04445,1.00,4.87
2016.11.07 06:22:39.140,1.0444,1.04444,1.00,1.50
2016.11.07 06:22:39.646,1.04439,1.04444,1.87,1.50
2016.11.07 06:22:45.690,1.04438,1.04441,2.25,1.00
2016.11.07 06:22:45.792,1.04437,1.0444,1.12,1.00
2016.11.07 06:22:45.909,1.04435,1.0444,1.50,1.50
2016.11.07 06:22:46.415,1.04436,1.04441,1.50,1.87
2016.11.07 06:22:46.719,1.04434,1.04437,4.87,3.19
2016.11.07 06:22:46.973,1.04431,1.04435,1.00,2.25
2016.11.07 06:22:47.480,1.04432,1.04436,1.50,5.62
2016.11.07 06:22:47.581,1.0443,1.04435,2.62,2.81
2016.11.07 06:22:47.987,1.04432,1.04436,1.00,2.25
2016.11.07 06:22:48.299,1.04433,1.04438,2.25,1.50
2016.11.07 06:22:51.495,1.04435,1.04439,2.25,1.37
2016.11.07 06:22:51.648,1.04437,1.04443,2.25,10.50
2016.11.07 06:22:51.801,1.04439,1.04443,1.50,1.87
2016.11.07 06:22:52.318,1.04439,1.04444,1.00,4.12
2016.11.07 06:22:52.690,1.04437,1.04441,3.37,1.00
2016.11.07 06:22:53.095,1.04435,1.04441,4.87,2.25
2016.11.07 06:22:53.640,1.04435,1.04441,2.62,4.12
2016.11.07 06:22:54.392,1.04436,1.04441,1.50,2.62
2016.11.07 06:22:56.850,1.04435,1.04439,3.37,1.71
2016.11.07 06:22:57.002,1.04433,1.04437,1.50,1.87
2016.11.07 06:22:57.205,1.04431,1.04435,1.12,1.00
2016.11.07 06:22:57.306,1.0443,1.04435,1.50,1.12
2016.11.07 06:22:57.837,1.04431,1.04437,2.62,5.81
2016.11.07 06:22:58.344,1.04433,1.04438,1.50,3.37
2016.11.07 06:22:58.885,1.04433,1.04438,2.25,1.37
2016.11.07 06:22:59.390,1.04432,1.04438,1.87,4.50
2016.11.07 06:23:00.554,1.04433,1.04438,1.00,4.50
2016.11.07 06:23:01.899,1.04434,1.04438,1.00,3.37
2016.11.07 06:23:03.210,1.04433,1.04437,1.00,1.50
2016.11.07 06:23:03.716,1.04432,1.04437,1.50,2.62
2016.11.07 06:23:04.223,1.04433,1.04437,1.00,1.50
2016.11.07 06:23:04.324,1.04434,1.04438,1.00,1.50
2016.11.07 06:23:05.596,1.04435,1.04439,1.50,1.50
2016.11.07 06:23:06.103,1.04435,1.0444,2.25,3.37
2016.11.07 06:23:06.825,1.04436,1.0444,1.00,1.37
2016.11.07 06:23:07.331,1.04435,1.0444,3.00,1.37
2016.11.07 06:23:07.414,1.04435,1.04437,2.25,1.50
2016.11.07 06:23:07.820,1.04433,1.04434,1.12,1.00
2016.11.07 06:23:08.327,1.04432,1.04434,1.50,1.00
2016.11.07 06:23:08.849,1.04432,1.04435,1.50,1.50
2016.11.07 06:23:14.442,1.04431,1.04435,2.62,1.50
2016.11.07 06:23:15.233,1.04432,1.04435,1.00,1.50
2016.11.07 06:23:22.729,1.04431,1.04435,1.00,1.50
2016.11.07 06:23:23.034,1.04427,1.04431,8.70,3.00
2016.11.07 06:23:23.085,1.04427,1.0443,4.20,1.31
2016.11.07 06:23:23.301,1.04425,1.04429,1.50,1.50
2016.11.07 06:23:23.807,1.04426,1.04428,1.00,1.00
2016.11.07 06:23:23.899,1.04424,1.04428,1.12,1.00
2016.11.07 06:23:24.431,1.04424,1.04429,1.12,1.87
2016.11.07 06:23:26.818,1.04424,1.0443,2.25,3.94
2016.11.07 06:23:28.361,1.04426,1.0443,1.12,2.25
2016.11.07 06:23:28.866,1.04427,1.04431,1.20,1.87
2016.11.07 06:23:29.372,1.04427,1.0443,1.20,1.00
2016.11.07 06:23:29.878,1.04427,1.04431,2.32,1.12
2016.11.07 06:23:30.637,1.04428,1.04431,1.00,1.12
2016.11.07 06:23:30.811,1.04429,1.04433,1.50,3.00
2016.11.07 06:23:31.318,1.04429,1.04434,4.12,1.87
2016.11.07 06:23:32.845,1.04429,1.04433,1.00,1.00
2016.11.07 06:23:33.358,1.04428,1.04433,2.25,1.50
2016.11.07 06:23:34.167,1.04429,1.04433,1.00,1.50
2016.11.07 06:23:34.691,1.04429,1.04434,2.62,1.12
2016.11.07 06:23:35.355,1.0443,1.04434,1.00,1.12
2016.11.07 06:23:39.895,1.0443,1.04434,1.87,1.00
2016.11.07 06:23:40.440,1.0443,1.04434,1.00,1.00
2016.11.07 06:23:41.860,1.04429,1.04434,2.25,2.46
2016.11.07 06:23:42.466,1.04429,1.04433,1.00,1.00
2016.11.07 06:23:49.815,1.04429,1.04434,2.25,1.87
2016.11.07 06:23:52.446,1.04429,1.04433,2.25,1.00
2016.11.07 06:23:52.996,1.04429,1.04434,2.25,1.87
2016.11.07 06:23:55.642,1.04429,1.04433,1.12,1.00
2016.11.07 06:23:56.189,1.04429,1.04432,1.12,1.00
2016.11.07 06:23:56.701,1.04429,1.04433,2.25,1.00
2016.11.07 06:23:57.990,1.04429,1.04434,2.25,2.62
2016.11.07 06:23:58.702,1.0443,1.04434,1.12,1.87
2016.11.07 06:23:58.854,1.04432,1.04434,1.00,1.12
2016.11.07 06:23:58.956,1.04432,1.04437,4.20,2.81
2016.11.07 06:23:59.664,1.04432,1.04437,1.87,1.12
2016.11.07 06:24:00.295,1.04432,1.04436,1.12,1.50
2016.11.07 06:24:00.448,1.04429,1.04433,1.00,2.62
2016.11.07 06:24:00.971,1.04428,1.04432,1.50,1.12
2016.11.07 06:24:03.736,1.04429,1.04432,1.00,1.12
2016.11.07 06:24:03.938,1.04431,1.04434,1.00,6.56
2016.11.07 06:24:04.040,1.04427,1.04433,8.44,1.50
2016.11.07 06:24:04.590,1.04427,1.04432,6.56,1.00
2016.11.07 06:24:05.369,1.04427,1.04431,7.31,1.00
2016.11.07 06:24:08.793,1.04427,1.04431,3.94,1.00
2016.11.07 06:24:09.666,1.04427,1.04432,3.00,4.87
2016.11.07 06:24:12.890,1.04427,1.04431,5.25,1.00
2016.11.07 06:24:13.477,1.04427,1.0443,3.75,3.00
2016.11.07 06:24:14.045,1.04428,1.0443,1.00,1.00
2016.11.07 06:24:14.551,1.04428,1.04431,1.50,1.50
2016.11.07 06:24:20.146,1.04427,1.04429,3.75,1.00
2016.11.07 06:24:20.350,1.04422,1.04426,1.50,1.50
2016.11.07 06:24:20.856,1.04421,1.04425,2.70,1.12
2016.11.07 06:24:21.389,1.04421,1.04425,2.32,1.12
2016.11.07 06:24:21.895,1.04422,1.04426,4.12,1.00
2016.11.07 06:24:22.401,1.04422,1.04427,5.06,1.50
2016.11.07 06:24:22.921,1.04422,1.04427,3.56,1.50
2016.11.07 06:24:23.390,1.04422,1.04424,2.62,1.00
2016.11.07 06:24:23.523,1.0442,1.04423,1.00,1.50
2016.11.07 06:24:23.624,1.04418,1.04423,2.44,2.62
2016.11.07 06:24:24.130,1.04418,1.04422,1.87,1.00
2016.11.07 06:24:24.635,1.04418,1.04423,4.50,1.12
2016.11.07 06:24:25.146,1.04419,1.04424,2.25,3.00
2016.11.07 06:24:25.664,1.04419,1.04424,3.00,1.12
2016.11.07 06:24:28.669,1.04419,1.04423,1.12,1.50
2016.11.07 06:24:30.195,1.04419,1.04424,1.12,2.25
2016.11.07 06:24:30.754,1.04419,1.04423,1.12,1.00
2016.11.07 06:24:31.551,1.0442,1.04424,1.00,1.87
2016.11.07 06:24:32.057,1.04419,1.04424,2.62,1.12
2016.11.07 06:24:33.197,1.04419,1.04424,3.00,1.00
2016.11.07 06:24:34.901,1.04421,1.04424,1.12,1.00
2016.11.07 06:24:35.155,1.04422,1.04426,1.12,1.00
2016.11.07 06:24:42.890,1.04421,1.04426,2.62,1.12
2016.11.07 06:24:44.745,1.04421,1.04425,1.87,1.00
2016.11.07 06:24:45.246,1.04422,1.04425,1.35,1.00
2016.11.07 06:24:45.751,1.04421,1.04425,1.00,1.12
2016.11.07 06:24:46.167,1.04423,1.04426,1.34,2.62
2016.11.07 06:24:46.370,1.04425,1.04429,1.00,2.25
2016.11.07 06:24:46.977,1.04424,1.04429,2.62,1.87
2016.11.07 06:24:47.639,1.04424,1.04428,1.12,1.00
2016.11.07 06:24:48.140,1.04424,1.04429,1.87,1.87
2016.11.07 06:24:50.776,1.04424,1.04428,1.50,1.00
2016.11.07 06:24:53.542,1.04423,1.04427,1.00,1.00
2016.11.07 06:24:53.644,1.04422,1.04425,1.00,1.00
2016.11.07 06:24:54.150,1.0442,1.04425,1.50,3.37
2016.11.07 06:24:54.454,1.04417,1.04422,1.50,2.62
2016.11.07 06:24:54.656,1.04416,1.0442,1.57,1.00
2016.11.07 06:24:55.183,1.04417,1.0442,1.00,1.00
2016.11.07 06:24:55.689,1.04417,1.04421,1.00,1.12
2016.11.07 06:24:56.220,1.04416,1.0442,4.87,1.00
2016.11.07 06:24:56.725,1.04416,1.04421,4.87,1.00
2016.11.07 06:24:59.589,1.04416,1.04421,11.25,1.00
2016.11.07 06:25:00.045,1.04419,1.04422,1.00,2.62
2016.11.07 06:25:00.572,1.04418,1.04422,1.87,1.00
2016.11.07 06:25:01.486,1.04418,1.04421,1.00,1.00
2016.11.07 06:25:02.029,1.04418,1.04422,1.00,1.50
2016.11.07 06:25:03.288,1.04421,1.04423,1.00,1.50
2016.11.07 06:25:03.594,1.04424,1.04425,1.50,1.50
2016.11.07 06:25:04.475,1.04425,1.04426,1.00,4.61
2016.11.07 06:25:04.627,1.04423,1.04426,1.12,2.25
2016.11.07 06:25:04.779,1.04425,1.04427,1.00,2.62
2016.11.07 06:25:04.830,1.04425,1.04429,1.00,1.87
2016.11.07 06:25:04.881,1.04428,1.04429,1.00,1.00
2016.11.07 06:25:05.082,1.04429,1.04431,1.00,1.50
2016.11.07 06:25:05.184,1.04431,1.04433,1.50,1.12
2016.11.07 06:25:05.341,1.04431,1.04435,5.06,1.12
2016.11.07 06:25:05.442,1.04436,1.04437,1.00,1.12
2016.11.07 06:25:06.453,1.04435,1.04437,1.50,1.12
2016.11.07 06:25:06.756,1.04437,1.04438,1.00,1.48
2016.11.07 06:25:06.858,1.04438,1.04439,1.00,2.62
2016.11.07 06:25:07.370,1.04437,1.04439,1.50,3.37
2016.11.07 06:25:08.042,1.04435,1.04439,5.62,1.50
2016.11.07 06:25:08.093,1.04439,1.0444,1.00,2.62
2016.11.07 06:25:08.194,1.04437,1.0444,1.00,3.41
2016.11.07 06:25:08.727,1.04436,1.04438,1.00,2.25
2016.11.07 06:25:08.938,1.04434,1.04438,1.50,2.25
2016.11.07 06:25:23.304,1.04434,1.04439,1.12,2.62
2016.11.07 06:25:35.305,1.04434,1.04438,1.12,1.00
2016.11.07 06:25:43.236,1.04435,1.04439,1.00,1.87
2016.11.07 06:25:43.743,1.04435,1.0444,1.00,4.31
2016.11.07 06:25:44.248,1.04434,1.04439,3.75,1.00
2016.11.07 06:25:47.246,1.04434,1.0444,4.50,3.56
2016.11.07 06:25:49.165,1.04434,1.04439,3.00,1.50
2016.11.07 06:25:53.106,1.04435,1.04439,1.12,1.00
2016.11.07 06:25:53.626,1.04435,1.0444,2.62,1.31
2016.11.07 06:25:55.553,1.04436,1.0444,1.00,1.69
2016.11.07 06:25:56.061,1.04435,1.0444,1.87,3.00
2016.11.07 06:25:56.567,1.04434,1.04439,1.50,1.50
2016.11.07 06:26:02.548,1.04434,1.04438,1.00,1.00
2016.11.07 06:26:05.617,1.04434,1.04439,1.69,4.12
2016.11.07 06:26:06.122,1.04435,1.04439,1.00,2.62
2016.11.07 06:26:06.635,1.04434,1.04439,2.25,4.87
2016.11.07 06:26:08.917,1.04434,1.04438,2.25,1.00
2016.11.07 06:26:09.822,1.04434,1.04437,1.00,1.00
2016.11.07 06:26:10.326,1.04434,1.04438,1.00,1.87
2016.11.07 06:26:10.840,1.04433,1.04437,4.87,1.00
2016.11.07 06:26:15.472,1.04433,1.04438,5.62,3.37
2016.11.07 06:26:15.977,1.04433,1.04439,6.37,5.25
2016.11.07 06:26:16.520,1.04433,1.04438,6.37,1.00
2016.11.07 06:26:19.335,1.04433,1.04439,6.37,4.50
2016.11.07 06:26:22.496,1.04435,1.04439,1.00,3.00
2016.11.07 06:26:24.467,1.04435,1.0444,1.00,5.06
2016.11.07 06:26:24.972,1.04434,1.04439,2.25,1.00
2016.11.07 06:26:31.988,1.04435,1.04439,1.00,2.25
2016.11.07 06:26:32.493,1.04434,1.04439,3.00,1.00
2016.11.07 06:26:35.944,1.04435,1.04439,1.12,2.25
2016.11.07 06:26:36.458,1.04435,1.0444,1.12,2.06
2016.11.07 06:26:37.677,1.04434,1.04439,4.12,1.00
2016.11.07 06:26:38.182,1.04434,1.04438,1.37,1.50
2016.11.07 06:26:38.688,1.04434,1.04439,1.37,2.25
2016.11.07 06:26:42.587,1.04434,1.04438,1.37,1.00
2016.11.07 06:26:44.587,1.04434,1.04439,1.37,2.25
2016.11.07 06:26:49.638,1.04435,1.0444,1.12,2.81
2016.11.07 06:26:50.093,1.04438,1.04441,1.00,1.87
2016.11.07 06:26:50.349,1.04441,1.04445,1.00,1.00
2016.11.07 06:26:50.860,1.0444,1.04446,2.62,3.37
2016.11.07 06:26:52.335,1.0444,1.04445,2.62,1.00
2016.11.07 06:26:53.320,1.0444,1.04446,2.62,2.62
2016.11.07 06:27:00.597,1.04442,1.04447,1.12,2.25
2016.11.07 06:27:01.102,1.04442,1.04448,2.62,3.75
2016.11.07 06:27:08.002,1.04443,1.04448,1.00,3.00
2016.11.07 06:27:16.144,1.04445,1.04448,1.50,1.00
2016.11.07 06:27:16.449,1.0445,1.04452,2.25,1.87
2016.11.07 06:27:16.955,1.04448,1.04452,1.50,3.37
2016.11.07 06:27:17.057,1.04447,1.0445,3.00,1.00
2016.11.07 06:27:17.158,1.04449,1.04452,1.00,1.00
2016.11.07 06:27:17.664,1.04449,1.04453,1.50,1.00
2016.11.07 06:27:18.202,1.04449,1.04454,1.50,1.69
2016.11.07 06:27:18.640,1.04451,1.04455,1.00,1.00
2016.11.07 06:27:18.792,1.04451,1.04457,1.50,3.19
2016.11.07 06:27:22.963,1.04451,1.04457,3.00,2.06
2016.11.07 06:27:38.439,1.04451,1.04455,1.87,2.83
2016.11.07 06:27:38.591,1.04449,1.04452,2.25,3.75
2016.11.07 06:27:38.642,1.04449,1.0445,1.87,1.00
2016.11.07 06:27:38.693,1.04444,1.04446,2.62,2.25
2016.11.07 06:27:38.829,1.04441,1.04446,1.87,7.12
2016.11.07 06:27:39.337,1.0444,1.04445,1.50,3.19
2016.11.07 06:27:42.367,1.04441,1.04446,3.00,1.00
2016.11.07 06:27:42.474,1.04443,1.04446,1.00,1.00
2016.11.07 06:27:42.575,1.04443,1.04449,3.00,3.00
2016.11.07 06:27:43.080,1.04444,1.04449,1.00,1.50
2016.11.07 06:27:43.636,1.04444,1.04449,1.50,1.12
2016.11.07 06:27:52.091,1.04443,1.04448,3.00,1.50
2016.11.07 06:27:52.635,1.04443,1.04447,1.50,1.00
2016.11.07 06:27:55.247,1.04442,1.04446,2.62,1.00
2016.11.07 06:27:55.752,1.04442,1.04447,2.62,1.00
2016.11.07 06:27:56.592,1.04443,1.04448,3.37,2.06
2016.11.07 06:27:57.099,1.04442,1.04447,4.12,1.00
2016.11.07 06:27:59.552,1.04442,1.04448,4.50,2.81
2016.11.07 06:27:59.755,1.04442,1.04446,1.75,1.00
2016.11.07 06:28:00.008,1.04442,1.04446,1.12,1.00
2016.11.07 06:28:07.766,1.04443,1.04446,1.12,1.00
2016.11.07 06:28:07.969,1.04443,1.04448,3.00,1.12
2016.11.07 06:28:10.239,1.04443,1.04448,3.75,1.00
2016.11.07 06:28:13.042,1.04443,1.04447,3.75,1.00
2016.11.07 06:28:13.567,1.04442,1.04446,4.50,1.00
2016.11.07 06:28:16.952,1.04442,1.04446,2.25,1.00
2016.11.07 06:28:31.938,1.04443,1.04446,1.00,1.00
2016.11.07 06:28:32.469,1.04441,1.04445,3.75,1.00
2016.11.07 06:28:33.546,1.0444,1.04444,1.50,1.00
2016.11.07 06:28:34.052,1.0444,1.04443,1.00,1.00
2016.11.07 06:28:34.608,1.0444,1.04442,1.00,1.00
2016.11.07 06:28:35.266,1.0444,1.04443,1.00,1.00
2016.11.07 06:28:38.948,1.04439,1.04441,1.37,1.91
2016.11.07 06:28:39.151,1.04434,1.04436,1.12,1.00
2016.11.07 06:28:39.736,1.04433,1.04437,1.12,1.00
2016.11.07 06:28:41.697,1.04433,1.04436,1.12,1.00
2016.11.07 06:28:42.246,1.04433,1.04437,1.12,1.00
2016.11.07 06:28:44.988,1.04433,1.04436,1.12,1.00
2016.11.07 06:28:54.514,1.04433,1.04437,1.12,1.00
2016.11.07 06:28:55.019,1.04434,1.04437,1.00,1.00
2016.11.07 06:28:55.545,1.04434,1.04438,1.00,1.00
2016.11.07 06:28:56.079,1.04434,1.04437,1.00,1.00
2016.11.07 06:28:56.699,1.04434,1.04438,1.50,1.00
2016.11.07 06:28:59.592,1.04434,1.04437,1.50,1.00
2016.11.07 06:28:59.795,1.04431,1.04435,2.25,1.00
2016.11.07 06:29:00.098,1.0443,1.04433,1.50,1.00
2016.11.07 06:29:00.637,1.04429,1.04432,1.37,1.00
2016.11.07 06:29:01.162,1.04429,1.04433,2.62,1.00
2016.11.07 06:29:04.615,1.04429,1.04432,1.37,1.00
2016.11.07 06:29:05.150,1.04428,1.04431,1.37,1.00
2016.11.07 06:29:11.228,1.04431,1.04432,1.00,1.00
2016.11.07 06:29:11.331,1.04432,1.04435,1.00,1.00
2016.11.07 06:29:11.838,1.0443,1.04433,1.12,1.00
2016.11.07 06:29:12.366,1.0443,1.04434,1.12,1.00
2016.11.07 06:29:13.039,1.0443,1.04433,1.12,1.00
2016.11.07 06:29:13.832,1.0443,1.04432,1.12,1.00
2016.11.07 06:29:14.347,1.0443,1.04433,1.12,1.00
2016.11.07 06:29:15.615,1.04429,1.04432,1.37,1.00
2016.11.07 06:29:19.749,1.04428,1.04432,1.87,1.00
2016.11.07 06:29:20.010,1.04427,1.04431,1.95,1.00
2016.11.07 06:29:28.245,1.04426,1.0443,1.00,1.28
2016.11.07 06:29:28.347,1.04425,1.04428,1.50,1.00
2016.11.07 06:29:28.499,1.04423,1.04428,1.87,2.06
2016.11.07 06:29:28.651,1.04422,1.04426,2.25,1.00
2016.11.07 06:29:29.157,1.04422,1.04426,2.62,1.00
2016.11.07 06:29:34.497,1.04422,1.04426,1.87,1.00
2016.11.07 06:29:35.003,1.04423,1.04427,1.50,1.12
2016.11.07 06:29:35.540,1.04424,1.04427,1.00,1.12
2016.11.07 06:29:36.894,1.04425,1.04427,1.00,1.12
2016.11.07 06:29:37.423,1.04425,1.04428,1.00,1.00
2016.11.07 06:29:37.933,1.04425,1.04429,1.00,1.12
2016.11.07 06:29:40.285,1.04425,1.04429,1.00,3.37
2016.11.07 06:29:40.794,1.04424,1.04429,1.12,3.75
2016.11.07 06:29:42.068,1.04426,1.04429,1.00,2.25
2016.11.07 06:29:42.573,1.04425,1.04429,1.00,1.00
2016.11.07 06:29:43.093,1.04425,1.0443,1.00,3.19
2016.11.07 06:29:43.852,1.04425,1.04429,1.00,1.00
2016.11.07 06:29:44.873,1.04425,1.04428,1.00,1.00
2016.11.07 06:29:46.397,1.04424,1.04428,2.62,1.12
2016.11.07 06:29:46.902,1.04423,1.04427,1.91,1.00
2016.11.07 06:29:47.426,1.04422,1.04426,2.25,1.00
2016.11.07 06:29:48.594,1.04422,1.04426,1.12,1.50
2016.11.07 06:29:54.096,1.04423,1.04426,1.00,1.00
2016.11.07 06:29:54.197,1.04423,1.04428,2.62,1.87
2016.11.07 06:29:54.503,1.04425,1.04429,1.00,1.50
2016.11.07 06:29:55.008,1.04424,1.04429,1.87,1.50
2016.11.07 06:29:56.000,1.04424,1.04429,1.87,1.12
2016.11.07 06:30:01.126,1.04425,1.04429,1.05,1.12
2016.11.07 06:30:01.427,1.04429,1.04432,1.00,1.00
2016.11.07 06:30:01.958,1.04429,1.04434,1.50,2.62
2016.11.07 06:30:02.468,1.0443,1.04435,1.50,1.69
2016.11.07 06:30:06.992,1.0443,1.04434,1.12,1.00
2016.11.07 06:30:08.307,1.04429,1.04434,2.25,4.12
2016.11.07 06:30:08.763,1.04429,1.04432,1.50,1.00
2016.11.07 06:30:09.168,1.04428,1.0443,1.00,1.00
2016.11.07 06:30:09.673,1.04427,1.0443,1.00,1.50
2016.11.07 06:30:10.215,1.04428,1.04431,1.00,1.00
2016.11.07 06:30:10.721,1.04429,1.04432,1.00,1.87
2016.11.07 06:30:11.134,1.04431,1.04432,1.00,1.00
2016.11.07 06:30:11.336,1.04429,1.04433,1.50,1.00
2016.11.07 06:30:11.837,1.0443,1.04433,1.00,1.00
2016.11.07 06:30:12.590,1.0443,1.04434,1.00,2.25
2016.11.07 06:30:14.465,1.04429,1.04434,1.87,1.12
2016.11.07 06:30:20.093,1.04429,1.04433,1.87,1.00
2016.11.07 06:30:20.634,1.04429,1.04432,1.87,1.00
2016.11.07 06:30:21.085,1.04431,1.04433,1.00,1.00
2016.11.07 06:30:21.186,1.04432,1.04434,1.00,1.12
2016.11.07 06:30:21.706,1.04433,1.04435,1.00,1.00
2016.11.07 06:30:28.087,1.04433,1.04436,1.00,1.87
2016.11.07 06:30:35.581,1.04431,1.04436,2.70,1.87
2016.11.07 06:30:42.940,1.04432,1.04436,1.47,1.87
2016.11.07 06:30:45.839,1.04433,1.04437,2.62,1.87
2016.11.07 06:30:46.374,1.04433,1.04438,4.12,3.00
2016.11.07 06:30:48.701,1.04432,1.04438,5.32,6.37
2016.11.07 06:30:49.441,1.04432,1.04436,1.47,1.87
2016.11.07 06:30:52.888,1.04431,1.04432,1.12,2.25
2016.11.07 06:30:52.940,1.04429,1.04432,1.87,3.04
2016.11.07 06:30:53.041,1.04425,1.04428,3.75,4.50
2016.11.07 06:30:53.092,1.04423,1.04428,1.00,4.12
2016.11.07 06:30:53.346,1.04425,1.04428,1.20,1.87
2016.11.07 06:30:53.638,1.04426,1.0443,3.37,3.00
2016.11.07 06:30:54.145,1.04426,1.04431,2.25,3.00
2016.11.07 06:30:57.900,1.04426,1.04429,1.50,1.87
2016.11.07 06:30:58.002,1.04424,1.04428,2.62,1.12
2016.11.07 06:30:58.255,1.04424,1.04426,1.00,1.00
2016.11.07 06:30:58.761,1.04423,1.04426,1.50,1.00
2016.11.07 06:31:00.136,1.04426,1.04427,1.00,2.62
2016.11.07 06:31:00.289,1.04425,1.04429,2.62,2.25
2016.11.07 06:31:00.744,1.04425,1.04431,3.00,3.37
2016.11.07 06:31:01.251,1.04425,1.0443,1.50,1.00
2016.11.07 06:31:03.135,1.04425,1.0443,1.50,1.50
2016.11.07 06:31:03.741,1.04425,1.0443,1.50,1.87
2016.11.07 06:31:12.139,1.04424,1.04429,2.62,1.00
2016.11.07 06:31:12.644,1.04424,1.04428,1.00,1.00
2016.11.07 06:31:13.562,1.04423,1.04429,4.87,3.75
2016.11.07 06:31:14.104,1.04423,1.04428,4.12,1.00
2016.11.07 06:31:16.168,1.04424,1.04429,1.50,1.87
2016.11.07 06:31:16.682,1.04424,1.04428,1.00,1.00
2016.11.07 06:31:18.874,1.04424,1.04427,1.00,1.00
2016.11.07 06:31:19.397,1.04424,1.04429,1.00,4.87
2016.11.07 06:31:24.486,1.04424,1.04428,1.50,1.50
2016.11.07 06:31:24.723,1.04427,1.04431,3.75,1.12
2016.11.07 06:31:25.230,1.04428,1.04433,1.87,1.50
2016.11.07 06:31:25.482,1.04428,1.04434,4.50,5.62
2016.11.07 06:31:25.685,1.04429,1.04434,1.87,2.25
2016.11.07 06:31:27.035,1.04432,1.04435,1.87,3.75
2016.11.07 06:31:27.188,1.04434,1.04437,1.50,1.00
2016.11.07 06:31:27.290,1.04434,1.04439,1.87,1.87
2016.11.07 06:31:27.376,1.04436,1.04439,1.00,1.87
2016.11.07 06:31:27.933,1.04436,1.0444,1.12,1.12
2016.11.07 06:31:29.990,1.04434,1.04439,3.37,1.50
2016.11.07 06:31:30.511,1.04433,1.04438,1.87,4.12
2016.11.07 06:31:31.016,1.04433,1.04437,1.50,1.50
2016.11.07 06:31:31.522,1.04433,1.04438,2.62,3.37
2016.11.07 06:31:32.027,1.04434,1.04438,1.00,1.00
2016.11.07 06:31:32.452,1.04434,1.0444,3.00,4.50
2016.11.07 06:31:33.972,1.04434,1.04439,2.25,1.00
2016.11.07 06:31:34.125,1.04434,1.04437,1.50,1.00
2016.11.07 06:31:34.327,1.0443,1.04435,2.25,1.87
2016.11.07 06:31:34.582,1.04428,1.04433,4.12,1.00
2016.11.07 06:31:35.304,1.04428,1.04433,2.62,2.25
2016.11.07 06:31:35.810,1.04428,1.04432,1.37,1.00
2016.11.07 06:31:36.317,1.04428,1.04433,1.50,1.00
2016.11.07 06:31:40.842,1.04428,1.04432,1.50,1.00
2016.11.07 06:31:41.381,1.04428,1.04433,1.50,1.50
2016.11.07 06:31:48.992,1.0443,1.04433,1.25,1.00
2016.11.07 06:31:49.296,1.04431,1.04435,2.62,1.12
2016.11.07 06:31:55.988,1.04431,1.04436,3.37,1.50
2016.11.07 06:31:58.517,1.0443,1.04434,1.87,1.00
2016.11.07 06:31:58.720,1.04427,1.04432,6.75,1.12
2016.11.07 06:31:59.255,1.04428,1.04431,1.12,1.00
2016.11.07 06:32:02.433,1.04426,1.04429,1.87,2.25
2016.11.07 06:32:02.491,1.04426,1.04428,1.00,2.25
2016.11.07 06:32:02.542,1.04424,1.04428,1.12,3.37
2016.11.07 06:32:03.050,1.04423,1.04427,1.91,1.00
2016.11.07 06:32:03.571,1.04423,1.04428,1.91,1.12
2016.11.07 06:32:09.495,1.04423,1.04429,4.50,2.25
2016.11.07 06:32:10.000,1.04423,1.04428,3.75,1.00
2016.11.07 06:32:10.738,1.04423,1.04429,5.25,3.00
2016.11.07 06:32:11.243,1.04423,1.04428,5.25,1.00
2016.11.07 06:32:11.748,1.04423,1.04427,2.62,1.00
2016.11.07 06:32:12.103,1.04421,1.04426,5.70,1.00
2016.11.07 06:32:12.642,1.0442,1.04425,4.50,1.00
2016.11.07 06:32:13.187,1.04422,1.04425,1.00,1.00
2016.11.07 06:32:13.289,1.04422,1.04427,4.50,5.25
2016.11.07 06:32:13.790,1.04421,1.04426,3.82,1.12
2016.11.07 06:32:14.345,1.04422,1.04426,1.00,1.12
2016.11.07 06:32:14.854,1.04422,1.04427,4.12,1.50
2016.11.07 06:32:15.359,1.04422,1.04426,1.12,1.00
2016.11.07 06:32:15.873,1.04422,1.04427,1.12,1.87
2016.11.07 06:32:16.740,1.04421,1.04426,4.95,1.00
2016.11.07 06:32:17.051,1.04423,1.04427,1.00,2.25
2016.11.07 06:32:17.581,1.04422,1.04427,5.63,1.12
2016.11.07 06:32:23.235,1.04422,1.04428,6.00,3.56
2016.11.07 06:32:24.282,1.04423,1.04428,1.00,2.81
2016.11.07 06:32:29.443,1.04422,1.04427,3.75,1.50
2016.11.07 06:32:29.945,1.04421,1.04426,3.75,1.00
2016.11.07 06:32:30.840,1.04421,1.04425,2.25,1.00
2016.11.07 06:32:31.341,1.04421,1.04424,1.50,1.00
2016.11.07 06:32:31.696,1.04423,1.04427,1.00,4.50
2016.11.07 06:32:31.850,1.04425,1.04428,1.00,2.62
2016.11.07 06:32:31.956,1.04423,1.04428,2.25,2.62
2016.11.07 06:32:35.546,1.04423,1.04427,1.00,1.00
2016.11.07 06:32:36.206,1.04422,1.04427,2.25,1.00
2016.11.07 06:32:36.712,1.04421,1.04426,3.37,1.00
2016.11.07 06:32:37.470,1.04421,1.04423,1.87,1.00
2016.11.07 06:32:37.623,1.04419,1.04421,1.12,1.00
2016.11.07 06:32:37.775,1.04416,1.04422,10.50,6.19
2016.11.07 06:32:40.991,1.0442,1.04422,1.00,1.12
2016.11.07 06:32:41.327,1.04422,1.04426,1.50,2.25
2016.11.07 06:32:41.836,1.04421,1.04426,1.00,3.37
2016.11.07 06:32:42.039,1.04421,1.04423,1.00,1.00
2016.11.07 06:32:42.191,1.04417,1.04422,1.87,2.25
2016.11.07 06:32:42.696,1.04417,1.04423,2.62,4.12
2016.11.07 06:32:47.682,1.04418,1.04423,1.00,3.37
2016.11.07 06:32:49.360,1.04417,1.04422,1.12,1.12
2016.11.07 06:32:50.188,1.04417,1.04423,3.00,4.50
2016.11.07 06:32:50.340,1.04416,1.04421,9.75,3.19
2016.11.07 06:32:57.217,1.04416,1.04419,5.25,1.00
2016.11.07 06:32:57.470,1.04411,1.04416,1.50,4.31
2016.11.07 06:32:57.976,1.0441,1.04415,4.87,1.00
2016.11.07 06:32:58.481,1.04412,1.04416,1.00,3.00
2016.11.07 06:33:00.159,1.04413,1.04416,1.00,1.12
2016.11.07 06:33:00.684,1.04411,1.04416,5.25,1.12
2016.11.07 06:33:03.287,1.04415,1.04417,1.00,2.62
2016.11.07 06:33:03.440,1.04416,1.04419,4.12,1.87
2016.11.07 06:33:03.542,1.04416,1.04421,3.37,3.94
2016.11.07 06:33:04.351,1.04415,1.0442,3.37,1.12
2016.11.07 06:33:07.651,1.04414,1.04419,3.37,1.25
2016.11.07 06:33:07.803,1.04413,1.04417,3.00,1.00
2016.11.07 06:33:08.007,1.04412,1.04417,2.25,1.00
2016.11.07 06:33:08.555,1.04412,1.04416,1.50,1.00
2016.11.07 06:33:10.891,1.0441,1.04415,3.82,3.00
2016.11.07 06:33:10.992,1.04409,1.04413,2.25,2.06
2016.11.07 06:33:11.371,1.0441,1.04415,2.32,1.50
2016.11.07 06:33:11.675,1.04411,1.04417,2.25,3.37
2016.11.07 06:33:12.181,1.04412,1.04417,2.62,1.12
2016.11.07 06:33:12.784,1.04413,1.04418,1.00,6.00
2016.11.07 06:33:13.290,1.04412,1.04417,2.62,1.12
2016.11.07 06:33:14.859,1.04412,1.04414,1.87,1.00
2016.11.07 06:33:15.364,1.04411,1.04416,1.00,7.27
2016.11.07 06:33:15.458,1.04411,1.04416,4.87,1.37
2016.11.07 06:33:15.509,1.04411,1.04417,6.00,5.10
2016.11.07 06:33:17.237,1.04413,1.04417,1.00,1.87
2016.11.07 06:33:17.739,1.04413,1.04418,2.25,2.62
2016.11.07 06:33:17.891,1.04412,1.04416,3.00,1.00
2016.11.07 06:33:18.397,1.04411,1.04416,2.25,1.50
2016.11.07 06:33:19.104,1.04413,1.04417,1.00,1.50
2016.11.07 06:33:19.609,1.04412,1.04418,3.37,7.31
2016.11.07 06:33:24.005,1.04413,1.04418,1.00,6.37
2016.11.07 06:33:24.106,1.04413,1.04418,1.50,1.87
2016.11.07 06:33:25.784,1.04414,1.04418,1.24,1.12
2016.11.07 06:33:25.885,1.04415,1.04419,1.45,1.37
2016.11.07 06:33:25.936,1.04415,1.0442,1.45,4.91
2016.11.07 06:33:26.444,1.04415,1.0442,1.50,5.28
2016.11.07 06:33:45.643,1.04415,1.04417,1.00,1.87
2016.11.07 06:33:45.846,1.04412,1.04415,1.00,1.00
2016.11.07 06:33:46.655,1.0441,1.04415,4.12,3.52
2016.11.07 06:33:47.160,1.04411,1.04415,1.00,1.27
2016.11.07 06:33:47.667,1.04412,1.04416,1.00,2.77
2016.11.07 06:34:03.140,1.04411,1.04415,1.87,1.20
2016.11.07 06:34:03.644,1.0441,1.04415,2.25,2.02
2016.11.07 06:34:05.586,1.0441,1.04415,1.87,3.52
2016.11.07 06:34:07.910,1.04409,1.04412,2.25,1.50
2016.11.07 06:34:08.163,1.04406,1.0441,1.50,1.87
2016.11.07 06:34:08.215,1.04408,1.0441,1.00,1.50
2016.11.07 06:34:08.316,1.04406,1.04411,3.37,3.75
2016.11.07 06:34:09.604,1.04407,1.04411,1.00,2.62
2016.11.07 06:34:10.110,1.04407,1.04412,2.62,2.25
2016.11.07 06:34:10.638,1.04408,1.04412,1.00,1.69
2016.11.07 06:34:12.562,1.04407,1.04411,4.12,1.69
2016.11.07 06:34:16.538,1.04406,1.0441,3.37,1.25
2016.11.07 06:34:16.690,1.04405,1.04411,2.32,6.56
2016.11.07 06:34:18.489,1.04406,1.0441,3.60,1.50
2016.11.07 06:34:18.642,1.04408,1.04411,1.00,1.69
2016.11.07 06:34:19.147,1.04406,1.04411,4.12,1.25
2016.11.07 06:34:21.604,1.04406,1.04411,1.87,2.06
2016.11.07 06:34:22.990,1.04406,1.04411,1.12,5.06
2016.11.07 06:34:23.491,1.04405,1.04409,1.10,2.62
2016.11.07 06:34:23.802,1.044,1.04404,1.12,1.25
2016.11.07 06:34:24.524,1.04401,1.04405,1.00,1.19
2016.11.07 06:34:29.839,1.04402,1.04405,1.00,1.19
2016.11.07 06:34:30.344,1.04403,1.04405,1.00,1.19
2016.11.07 06:34:30.588,1.04405,1.04409,1.87,1.50
2016.11.07 06:34:31.094,1.04404,1.04409,3.00,3.19
2016.11.07 06:34:31.449,1.04406,1.04409,1.69,1.00
2016.11.07 06:34:31.500,1.04407,1.04411,1.00,4.31
2016.11.07 06:34:31.955,1.04409,1.04412,1.00,1.00
2016.11.07 06:34:32.158,1.0441,1.04415,1.57,4.84
2016.11.07 06:34:33.586,1.04409,1.04413,4.50,1.69
2016.11.07 06:34:33.738,1.04407,1.04412,6.00,1.87
2016.11.07 06:34:34.244,1.04408,1.04413,3.37,5.44
2016.11.07 06:34:37.796,1.04408,1.04412,1.12,1.69
2016.11.07 06:34:38.302,1.04406,1.04411,2.62,1.31
2016.11.07 06:34:38.838,1.04406,1.04409,1.37,1.69
2016.11.07 06:34:38.976,1.04404,1.04407,1.37,3.19
2016.11.07 06:34:39.027,1.04402,1.04406,1.37,2.06
2016.11.07 06:34:39.431,1.044,1.04405,1.87,2.44
2016.11.07 06:34:39.684,1.04402,1.04405,1.00,1.31
2016.11.07 06:34:44.241,1.04401,1.04406,1.50,5.44
2016.11.07 06:34:47.760,1.04403,1.04406,1.24,5.44
2016.11.07 06:34:48.014,1.04405,1.04408,1.20,3.00
2016.11.07 06:34:48.065,1.04407,1.04408,1.00,2.62
2016.11.07 06:34:48.116,1.04406,1.0441,3.37,1.12
2016.11.07 06:34:48.618,1.04406,1.04411,1.87,2.06
2016.11.07 06:34:49.176,1.04406,1.04411,1.87,3.19
2016.11.07 06:34:50.442,1.04405,1.0441,4.12,3.56
2016.11.07 06:34:50.923,1.04405,1.04408,1.20,1.69
2016.11.07 06:34:56.737,1.04405,1.04409,1.20,3.00
2016.11.07 06:34:58.089,1.04405,1.04408,1.00,3.00
2016.11.07 06:34:58.394,1.044,1.04404,1.12,1.50
2016.11.07 06:34:59.791,1.04401,1.04404,1.00,1.87
2016.11.07 06:35:00.339,1.04401,1.04405,1.12,3.37
2016.11.07 06:35:00.870,1.04402,1.04405,1.00,3.37
2016.11.07 06:35:01.997,1.044,1.04405,6.00,3.37
2016.11.07 06:35:03.038,1.044,1.04404,3.75,1.12
2016.11.07 06:35:03.544,1.04401,1.04405,1.00,5.62
2016.11.07 06:35:09.340,1.04401,1.04404,1.00,1.12
2016.11.07 06:35:12.745,1.044,1.04405,6.00,2.62
2016.11.07 06:35:13.251,1.04402,1.04406,1.00,2.25
2016.11.07 06:35:13.755,1.04401,1.04405,1.87,1.12
2016.11.07 06:35:19.613,1.04401,1.04404,1.00,1.12
2016.11.07 06:35:25.365,1.04401,1.04405,1.12,2.25
2016.11.07 06:35:25.899,1.044,1.04404,4.87,1.87
2016.11.07 06:35:26.425,1.044,1.04404,4.12,1.87
2016.11.07 06:35:31.826,1.044,1.04402,3.37,2.25
2016.11.07 06:35:32.080,1.04395,1.04399,3.00,3.37
2016.11.07 06:35:33.163,1.04395,1.044,4.12,3.75
2016.11.07 06:35:43.941,1.04395,1.044,4.87,1.12
2016.11.07 06:35:46.557,1.04395,1.04401,6.75,3.75
2016.11.07 06:35:50.487,1.04395,1.044,6.75,1.12
2016.11.07 06:35:50.790,1.04397,1.044,1.00,3.00
2016.11.07 06:35:50.892,1.04396,1.044,1.00,1.87
2016.11.07 06:35:51.397,1.04396,1.04401,1.87,1.87
2016.11.07 06:35:52.661,1.04398,1.04402,1.00,3.00
2016.11.07 06:35:53.168,1.04399,1.04402,1.50,1.00
2016.11.07 06:35:53.686,1.04399,1.04404,2.25,3.00
2016.11.07 06:35:53.990,1.04401,1.04404,1.00,1.50
2016.11.07 06:36:05.186,1.04401,1.04405,1.00,4.31
2016.11.07 06:36:08.922,1.04402,1.04406,1.69,3.37
2016.11.07 06:36:09.075,1.04403,1.04407,3.37,1.87
2016.11.07 06:36:09.580,1.04403,1.04408,3.37,1.12
2016.11.07 06:36:10.643,1.04402,1.04407,4.50,1.00
2016.11.07 06:36:11.054,1.04404,1.04408,1.45,1.12
2016.11.07 06:36:11.572,1.04405,1.04409,1.20,1.12
2016.11.07 06:36:17.319,1.04405,1.0441,2.32,3.94
2016.11.07 06:36:18.044,1.04406,1.0441,1.00,1.87
2016.11.07 06:36:18.554,1.04405,1.0441,3.37,1.87
2016.11.07 06:36:23.079,1.04406,1.0441,3.04,2.62
2016.11.07 06:36:23.383,1.04408,1.04412,2.25,1.12
2016.11.07 06:36:23.737,1.0441,1.04413,1.00,1.12
2016.11.07 06:36:23.889,1.0441,1.04415,1.00,4.65
2016.11.07 06:36:23.991,1.0441,1.04413,1.12,1.00
2016.11.07 06:36:24.534,1.04408,1.04413,1.50,1.87
2016.11.07 06:36:24.908,1.04411,1.04414,1.00,2.25
2016.11.07 06:36:25.413,1.04411,1.04415,4.50,1.20
2016.11.07 06:36:36.385,1.04414,1.04417,1.00,2.77
2016.11.07 06:36:36.486,1.04413,1.04417,1.87,1.87
2016.11.07 06:36:36.689,1.04413,1.04417,1.00,3.07
2016.11.07 06:36:42.800,1.04414,1.04418,1.00,1.07
2016.11.07 06:36:42.905,1.04415,1.04419,1.00,3.75
2016.11.07 06:36:43.259,1.04413,1.04419,3.37,4.12
2016.11.07 06:36:52.239,1.04414,1.04418,1.00,1.00
2016.11.07 06:36:52.745,1.04414,1.04419,1.00,3.75
2016.11.07 06:36:53.328,1.04413,1.04419,3.19,4.50
2016.11.07 06:37:04.195,1.04413,1.04418,3.19,1.00
2016.11.07 06:37:04.701,1.04413,1.04417,1.12,1.50
2016.11.07 06:37:06.042,1.04412,1.04418,3.37,3.37
2016.11.07 06:37:06.553,1.04412,1.04417,1.00,3.00
2016.11.07 06:37:09.576,1.04412,1.04418,2.25,5.62
2016.11.07 06:37:10.124,1.04412,1.04417,1.50,1.50
2016.11.07 06:37:10.377,1.04414,1.04417,1.50,1.50
2016.11.07 06:37:10.834,1.04412,1.04416,1.50,1.50
2016.11.07 06:37:11.341,1.04411,1.04416,4.87,2.25
2016.11.07 06:37:19.320,1.04415,1.04417,1.87,2.50
2016.11.07 06:37:19.472,1.04416,1.04419,3.75,1.00
2016.11.07 06:37:19.978,1.04417,1.0442,1.00,1.37
2016.11.07 06:37:21.500,1.04416,1.04421,5.62,8.25
2016.11.07 06:37:22.887,1.04417,1.04421,1.00,7.50
2016.11.07 06:37:23.039,1.04417,1.04421,1.00,3.00
2016.11.07 06:37:23.590,1.04416,1.04421,3.75,3.00
2016.11.07 06:37:25.094,1.04416,1.0442,5.25,1.00
2016.11.07 06:37:25.601,1.04416,1.04419,5.25,1.00
2016.11.07 06:37:28.619,1.04416,1.04418,4.12,1.00
2016.11.07 06:37:28.670,1.04414,1.04418,1.12,1.00
2016.11.07 06:37:29.835,1.04413,1.04418,2.06,2.62
2016.11.07 06:37:30.976,1.04414,1.04418,1.31,1.12
2016.11.07 06:37:31.787,1.04415,1.04418,1.00,1.00
2016.11.07 06:37:32.289,1.04416,1.04419,4.12,1.00
2016.11.07 06:37:35.345,1.04416,1.04418,4.12,1.00
2016.11.07 06:37:35.498,1.04413,1.04417,2.81,1.00
2016.11.07 06:37:36.087,1.04412,1.04417,5.06,1.50
2016.11.07 06:37:43.690,1.04413,1.04418,2.62,2.62
2016.11.07 06:37:44.916,1.04413,1.04418,1.87,3.00
2016.11.07 06:37:45.437,1.04414,1.04419,1.00,3.56
2016.11.07 06:37:50.386,1.04413,1.04419,2.62,4.31
2016.11.07 06:37:55.747,1.04414,1.04418,1.00,1.12
2016.11.07 06:37:56.286,1.04413,1.04417,1.37,1.00
2016.11.07 06:37:58.695,1.04414,1.04419,1.12,4.87
2016.11.07 06:38:00.337,1.04415,1.04419,1.00,2.62
2016.11.07 06:38:00.843,1.04413,1.04418,2.62,1.00
2016.11.07 06:38:01.838,1.04414,1.04419,1.61,3.37
2016.11.07 06:38:01.890,1.04414,1.04419,2.81,3.37
2016.11.07 06:38:05.836,1.04418,1.04419,1.00,1.00
2016.11.07 06:38:06.038,1.04416,1.0442,7.87,1.00
2016.11.07 06:38:13.044,1.0442,1.04421,1.00,1.87
2016.11.07 06:38:13.353,1.04424,1.04428,4.12,1.37
2016.11.07 06:38:13.405,1.04426,1.04429,1.87,1.50
2016.11.07 06:38:13.740,1.04427,1.0443,1.47,1.00
2016.11.07 06:38:14.247,1.04429,1.04433,2.62,6.00
2016.11.07 06:38:14.298,1.04429,1.04433,3.00,1.50
2016.11.07 06:38:14.804,1.04429,1.04434,1.37,4.89
2016.11.07 06:38:15.323,1.04429,1.04433,1.00,1.50
2016.11.07 06:38:19.919,1.04428,1.04432,1.37,1.50
2016.11.07 06:38:20.020,1.04426,1.04431,3.37,2.44
2016.11.07 06:38:20.427,1.04429,1.04433,1.50,2.81
2016.11.07 06:38:20.629,1.04429,1.04434,2.62,2.25
2016.11.07 06:38:20.983,1.04428,1.04432,1.12,1.00
2016.11.07 06:38:21.490,1.04428,1.04433,1.00,3.75
2016.11.07 06:38:22.264,1.04427,1.04433,3.45,3.00
2016.11.07 06:38:23.389,1.04428,1.04433,1.00,3.75
2016.11.07 06:38:23.897,1.04429,1.04434,3.37,1.87
2016.11.07 06:38:24.403,1.04429,1.04434,1.87,2.25
2016.11.07 06:38:25.165,1.04429,1.04435,4.12,2.62
2016.11.07 06:38:27.233,1.04429,1.04434,4.12,1.00
2016.11.07 06:38:27.756,1.04429,1.04433,4.12,1.00
2016.11.07 06:38:28.139,1.04429,1.04435,4.12,2.62
2016.11.07 06:38:32.240,1.0443,1.04434,1.87,1.00
2016.11.07 06:38:32.342,1.04429,1.04432,1.00,1.00
2016.11.07 06:38:32.490,1.04427,1.04432,1.00,4.12
2016.11.07 06:38:33.039,1.04426,1.04432,5.62,3.75
2016.11.07 06:38:35.241,1.04426,1.04432,2.25,5.62
2016.11.07 06:38:36.988,1.04425,1.0443,4.12,1.50
2016.11.07 06:38:37.498,1.04425,1.0443,2.25,1.87
2016.11.07 06:38:49.491,1.04426,1.04431,1.50,3.94
2016.11.07 06:38:49.643,1.04427,1.04432,1.50,1.87
2016.11.07 06:38:52.227,1.04428,1.04433,1.50,3.37
2016.11.07 06:38:52.429,1.04429,1.04434,2.62,1.87
2016.11.07 06:38:52.632,1.04431,1.04435,1.00,1.50
2016.11.07 06:38:52.885,1.04432,1.04437,1.12,1.87
2016.11.07 06:38:53.397,1.04433,1.04439,2.62,4.31
2016.11.07 06:38:53.953,1.04434,1.04439,1.00,3.56
2016.11.07 06:38:57.393,1.04434,1.04436,1.00,1.50
2016.11.07 06:38:57.596,1.04436,1.0444,1.00,1.87
2016.11.07 06:38:57.748,1.04434,1.04439,1.87,1.87
2016.11.07 06:38:58.255,1.04434,1.0444,2.25,4.50
2016.11.07 06:38:58.868,1.04434,1.04439,2.25,1.00
2016.11.07 06:39:00.940,1.04434,1.04438,2.25,1.00
2016.11.07 06:39:01.845,1.04434,1.04439,2.25,1.00
2016.11.07 06:39:02.126,1.04432,1.04437,2.62,1.87
2016.11.07 06:39:02.632,1.04432,1.04437,1.12,2.25
2016.11.07 06:39:04.392,1.04433,1.04436,1.87,1.12
2016.11.07 06:39:04.648,1.04434,1.04438,1.00,1.00
2016.11.07 06:39:04.800,1.04436,1.04438,1.25,1.00
2016.11.07 06:39:04.902,1.04435,1.0444,1.12,3.19
2016.11.07 06:39:05.408,1.04434,1.04439,2.25,1.12
2016.11.07 06:39:07.123,1.04434,1.04439,1.50,1.50
2016.11.07 06:39:11.591,1.04434,1.04439,3.00,1.19
2016.11.07 06:39:14.085,1.04435,1.04439,1.00,2.44
2016.11.07 06:39:14.684,1.04437,1.04439,1.00,1.87
2016.11.07 06:39:14.951,1.0444,1.04444,1.87,2.81
2016.11.07 06:39:15.103,1.04443,1.04444,1.00,1.69
2016.11.07 06:39:15.408,1.04447,1.0445,1.25,1.12
2016.11.07 06:39:15.459,1.04447,1.04452,1.00,5.81
2016.11.07 06:39:15.965,1.04448,1.04452,1.00,4.69
2016.11.07 06:39:16.486,1.04447,1.04452,1.87,3.19
2016.11.07 06:39:22.498,1.04448,1.04451,1.00,1.19
2016.11.07 06:39:22.651,1.04445,1.0445,2.25,3.19
2016.11.07 06:39:24.441,1.04445,1.04449,1.50,1.19
2016.11.07 06:39:24.593,1.04443,1.04448,1.87,2.70
2016.11.07 06:39:25.101,1.04444,1.04448,1.00,1.19
2016.11.07 06:39:25.607,1.04443,1.04448,4.50,1.69
2016.11.07 06:39:28.243,1.04444,1.04448,1.00,3.19
2016.11.07 06:39:43.765,1.04443,1.04446,1.00,1.00
2016.11.07 06:39:44.303,1.04442,1.04446,1.00,1.00
2016.11.07 06:39:44.826,1.04441,1.04446,4.12,1.19
2016.11.07 06:39:46.051,1.04442,1.04446,1.12,1.00
2016.11.07 06:39:46.886,1.04442,1.04447,1.00,3.94
2016.11.07 06:39:47.793,1.04442,1.04446,1.50,1.00
2016.11.07 06:39:49.611,1.04442,1.04447,3.00,3.94
2016.11.07 06:39:50.149,1.04443,1.04447,1.00,3.56
2016.11.07 06:39:51.540,1.04444,1.04447,2.25,1.69
2016.11.07 06:39:52.047,1.04445,1.04448,2.35,1.19
2016.11.07 06:39:52.233,1.04445,1.04449,3.85,2.62
2016.11.07 06:39:52.738,1.04446,1.0445,1.00,1.31
2016.11.07 06:39:55.270,1.04445,1.0445,2.73,1.31
2016.11.07 06:39:56.146,1.04445,1.0445,2.62,1.69
2016.11.07 06:39:56.937,1.04445,1.0445,3.48,1.25
2016.11.07 06:39:57.282,1.04445,1.04449,1.87,1.69
2016.11.07 06:39:57.739,1.04443,1.04447,1.75,2.44
2016.11.07 06:39:57.790,1.04442,1.04446,1.50,2.44
2016.11.07 06:39:58.340,1.04442,1.04446,3.37,1.69
2016.11.07 06:39:58.846,1.04442,1.04447,1.87,1.31
2016.11.07 06:40:08.574,1.04442,1.04445,1.50,1.69
2016.11.07 06:40:08.726,1.0444,1.04443,1.50,1.25
2016.11.07 06:40:08.777,1.04439,1.04441,1.12,1.50
2016.11.07 06:40:09.080,1.04436,1.04438,1.37,1.00
2016.11.07 06:40:09.182,1.04435,1.04438,1.87,1.00
2016.11.07 06:40:13.310,1.04436,1.04438,1.00,1.00
2016.11.07 06:40:13.663,1.04436,1.04441,1.60,4.31
2016.11.07 06:40:14.522,1.04435,1.0444,1.12,1.31
2016.11.07 06:40:18.659,1.04436,1.0444,1.00,1.25
2016.11.07 06:40:18.862,1.04438,1.0444,1.00,1.25
2016.11.07 06:40:19.368,1.04437,1.04442,2.62,2.81
2016.11.07 06:40:26.755,1.04436,1.0444,1.12,2.06
2016.11.07 06:40:27.059,1.04436,1.0444,1.50,2.06
2016.11.07 06:40:27.148,1.04436,1.0444,1.50,1.25
2016.11.07 06:40:34.082,1.04435,1.04439,3.37,1.00
2016.11.07 06:40:34.587,1.04435,1.0444,3.75,1.25
2016.11.07 06:40:35.281,1.04438,1.0444,1.00,1.25
2016.11.07 06:40:35.786,1.04439,1.04441,2.25,1.00
2016.11.07 06:40:37.831,1.04439,1.04443,1.00,1.31
2016.11.07 06:40:38.238,1.04438,1.04441,1.87,1.00
2016.11.07 06:40:38.833,1.04437,1.04441,4.50,1.25
2016.11.07 06:40:39.138,1.04435,1.0444,6.75,1.19
2016.11.07 06:40:41.097,1.04438,1.04441,1.00,3.56
2016.11.07 06:40:44.370,1.04436,1.0444,2.25,1.19
2016.11.07 06:40:44.471,1.04435,1.04439,1.00,2.44
2016.11.07 06:40:45.007,1.04433,1.04438,2.25,1.19
2016.11.07 06:40:45.542,1.04434,1.04438,1.00,2.81
2016.11.07 06:40:46.048,1.04433,1.04438,1.12,3.19
2016.11.07 06:40:47.939,1.04434,1.04438,1.00,3.94
2016.11.07 06:40:48.091,1.04438,1.04439,1.00,2.62
2016.11.07 06:40:48.293,1.0444,1.04442,1.13,1.25
2016.11.07 06:40:48.799,1.0444,1.04444,1.12,2.06
2016.11.07 06:40:48.951,1.04439,1.04441,1.12,1.00
2016.11.07 06:40:49.305,1.04439,1.04443,5.53,1.19
2016.11.07 06:40:49.710,1.04438,1.0444,2.62,1.00
2016.11.07 06:40:49.893,1.04435,1.0444,1.50,4.31
2016.11.07 06:40:50.689,1.04437,1.0444,1.00,4.12
2016.11.07 06:40:51.195,1.04438,1.04442,1.12,5.81
2016.11.07 06:40:54.840,1.04438,1.04442,1.37,3.37
2016.11.07 06:40:55.043,1.0444,1.04444,1.00,6.19
2016.11.07 06:40:55.549,1.04441,1.04444,1.13,1.25
2016.11.07 06:40:56.565,1.04441,1.04446,3.37,1.25
2016.11.07 06:40:56.919,1.04444,1.04447,1.00,1.31
2016.11.07 06:41:01.820,1.04443,1.04448,1.87,7.69
2016.11.07 06:41:06.485,1.04442,1.04447,1.87,3.94
2016.11.07 06:41:08.685,1.04442,1.04447,1.87,5.44
2016.11.07 06:41:15.902,1.04443,1.04447,1.00,4.31
2016.11.07 06:41:19.040,1.04443,1.04447,3.10,2.44
2016.11.07 06:41:19.242,1.04446,1.04449,3.00,2.06
2016.11.07 06:41:19.647,1.04444,1.04445,3.00,1.25
2016.11.07 06:41:19.799,1.0444,1.04445,4.50,6.56
2016.11.07 06:41:19.901,1.04439,1.04444,3.60,1.50
2016.11.07 06:41:20.494,1.0444,1.04444,1.00,1.50
2016.11.07 06:41:21.000,1.04439,1.04444,2.62,1.50
2016.11.07 06:41:22.473,1.04439,1.04443,2.62,1.00
2016.11.07 06:41:23.238,1.04439,1.04441,1.50,2.44
2016.11.07 06:41:23.571,1.04434,1.04439,3.37,1.25
2016.11.07 06:41:24.734,1.04433,1.04439,3.37,4.69
2016.11.07 06:41:25.726,1.04433,1.04438,4.12,1.00
2016.11.07 06:41:26.231,1.04433,1.04439,2.62,7.69
2016.11.07 06:41:28.840,1.04433,1.04439,2.62,7.69
2016.11.07 06:41:29.844,1.04434,1.04439,1.50,3.94
2016.11.07 06:41:30.349,1.04435,1.0444,1.00,5.81
2016.11.07 06:41:36.110,1.04435,1.0444,5.35,2.06
2016.11.07 06:41:36.690,1.04435,1.0444,4.12,1.31
2016.11.07 06:41:37.390,1.04436,1.0444,1.00,1.19
2016.11.07 06:41:37.896,1.04435,1.0444,5.62,1.19
