2012.08.15 05:00:13.687,0.78791,0.78798,2.48,1.88
2012.08.15 05:00:13.812,0.78791,0.78798,2.48,1.13
2012.08.15 05:00:14.349,0.78792,0.788,2.48,2.63
2012.08.15 05:00:16.883,0.78791,0.788,1.73,2.63
2012.08.15 05:00:27.003,0.78791,0.78798,1.73,1.50
2012.08.15 05:00:27.304,0.78788,0.78794,1.50,1.58
2012.08.15 05:00:27.547,0.78788,0.78793,1.50,2.48
2012.08.15 05:00:27.670,0.78786,0.78792,1.88,1.73
2012.08.15 05:00:27.735,0.78786,0.78793,1.88,2.48
2012.08.15 05:00:27.919,0.78786,0.78791,1.88,1.50
2012.08.15 05:00:28.598,0.78788,0.78793,1.13,1.88
2012.08.15 05:00:28.662,0.78788,0.78793,1.13,1.13
2012.08.15 05:00:29.198,0.78786,0.78793,1.73,1.13
2012.08.15 05:00:30.590,0.78787,0.78795,3.00,1.73
2012.08.15 05:00:32.919,0.78787,0.78795,4.35,2.63
2012.08.15 05:00:41.186,0.7879,0.78797,1.50,2.10
2012.08.15 05:00:41.309,0.78791,0.78798,1.88,3.75
2012.08.15 05:00:43.091,0.7879,0.78796,1.50,1.13
2012.08.15 05:00:51.867,0.7879,0.78798,2.25,2.25
2012.08.15 05:00:57.492,0.78791,0.78799,2.48,1.88
2012.08.15 05:00:57.993,0.78792,0.78799,1.50,1.13
2012.08.15 05:01:05.112,0.7879,0.78799,2.48,1.88
2012.08.15 05:01:05.899,0.78792,0.78798,1.50,1.50
2012.08.15 05:01:21.015,0.78792,0.78797,1.50,1.35
2012.08.15 05:01:21.319,0.78789,0.78797,2.85,3.38
2012.08.15 05:01:21.384,0.78789,0.78797,5.10,3.38
2012.08.15 05:01:21.919,0.78789,0.78797,5.48,3.38
2012.08.15 05:01:22.546,0.78789,0.78797,5.48,2.63
2012.08.15 05:01:31.463,0.78791,0.78797,2.10,1.50
2012.08.15 05:01:32.888,0.78791,0.78796,1.35,1.50
2012.08.15 05:01:33.514,0.78788,0.78796,3.60,1.50
2012.08.15 05:01:34.051,0.78787,0.78792,1.73,1.13
2012.08.15 05:01:34.414,0.78787,0.78794,1.50,1.50
2012.08.15 05:01:34.480,0.78792,0.78796,1.13,3.00
2012.08.15 05:01:34.724,0.78792,0.78797,1.13,3.00
2012.08.15 05:01:34.849,0.7879,0.78797,1.73,1.50
2012.08.15 05:01:34.975,0.78792,0.78799,1.50,3.23
2012.08.15 05:01:35.415,0.78792,0.78799,1.73,1.88
2012.08.15 05:01:36.039,0.78791,0.78799,2.85,3.38
2012.08.15 05:01:36.281,0.78791,0.78797,1.35,1.50
2012.08.15 05:01:48.873,0.78791,0.78798,2.10,3.00
2012.08.15 05:02:07.356,0.78791,0.78798,1.50,4.13
2012.08.15 05:02:07.420,0.7879,0.78798,3.60,4.13
2012.08.15 05:02:12.590,0.7879,0.78796,3.38,1.50
2012.08.15 05:02:13.124,0.78788,0.78795,1.73,1.88
2012.08.15 05:02:13.601,0.78789,0.78796,2.85,2.25
2012.08.15 05:02:17.774,0.78791,0.78799,2.63,4.35
2012.08.15 05:02:31.766,0.78793,0.78801,1.73,3.00
2012.08.15 05:02:32.294,0.78794,0.78801,1.73,1.50
2012.08.15 05:02:32.887,0.78793,0.788,1.50,2.48
2012.08.15 05:02:33.013,0.78792,0.788,2.48,3.60
2012.08.15 05:02:33.726,0.78791,0.788,1.73,3.38
2012.08.15 05:02:37.159,0.78791,0.788,3.23,2.63
2012.08.15 05:03:28.720,0.78792,0.78799,1.50,1.50
2012.08.15 05:03:29.278,0.7879,0.78798,3.98,3.00
2012.08.15 05:03:30.582,0.78791,0.78798,1.73,1.50
2012.08.15 05:03:37.465,0.78791,0.78799,2.48,2.25
2012.08.15 05:03:48.015,0.78791,0.78799,1.73,2.48
2012.08.15 05:03:48.552,0.7879,0.78797,2.85,1.50
2012.08.15 05:03:58.696,0.7879,0.78798,5.10,2.63
2012.08.15 05:04:09.390,0.7879,0.78798,5.10,3.38
2012.08.15 05:04:13.007,0.7879,0.78795,2.48,1.13
2012.08.15 05:04:13.071,0.7879,0.78795,1.73,1.13
2012.08.15 05:04:13.375,0.78792,0.78797,1.13,1.50
2012.08.15 05:04:30.475,0.78789,0.78797,3.38,2.48
2012.08.15 05:04:30.833,0.78789,0.78796,2.63,1.73
2012.08.15 05:04:31.307,0.78789,0.78797,2.63,2.48
2012.08.15 05:04:44.042,0.78789,0.78797,2.63,4.73
2012.08.15 05:04:48.956,0.7879,0.78797,1.13,5.48
2012.08.15 05:05:01.644,0.7879,0.78796,1.88,1.50
2012.08.15 05:05:02.267,0.7879,0.78796,1.88,1.50
2012.08.15 05:05:03.948,0.78792,0.78797,1.13,2.48
2012.08.15 05:05:04.872,0.78789,0.78797,1.73,2.25
2012.08.15 05:05:06.041,0.78788,0.78797,3.98,3.75
2012.08.15 05:05:38.600,0.78791,0.78796,1.88,1.50
2012.08.15 05:05:38.725,0.78792,0.78797,3.98,1.50
2012.08.15 05:05:42.235,0.78791,0.78797,1.73,1.50
2012.08.15 05:05:46.229,0.78793,0.78799,2.10,3.00
2012.08.15 05:05:46.413,0.78793,0.788,2.85,1.73
2012.08.15 05:05:46.598,0.78793,0.788,1.88,2.48
2012.08.15 05:05:46.724,0.78791,0.78799,2.10,2.48
2012.08.15 05:05:47.402,0.7879,0.78798,5.10,1.73
2012.08.15 05:05:48.448,0.7879,0.78796,1.88,1.50
2012.08.15 05:05:48.512,0.78789,0.78795,2.10,1.50
2012.08.15 05:06:02.867,0.78788,0.78795,1.50,1.73
2012.08.15 05:06:03.215,0.7879,0.78795,1.13,2.48
2012.08.15 05:06:03.519,0.78788,0.78795,1.73,1.50
2012.08.15 05:06:03.586,0.78789,0.78797,1.50,2.48
2012.08.15 05:06:03.773,0.78789,0.78797,2.63,3.60
2012.08.15 05:06:04.306,0.78789,0.78795,1.88,1.73
2012.08.15 05:06:10.906,0.78786,0.78794,3.98,2.25
2012.08.15 05:06:10.972,0.78786,0.78793,2.48,2.25
2012.08.15 05:06:11.510,0.78786,0.78794,2.85,3.23
2012.08.15 05:06:12.050,0.78787,0.78795,1.50,2.48
2012.08.15 05:06:12.115,0.78786,0.78794,2.63,2.48
2012.08.15 05:06:12.911,0.78784,0.78792,1.88,2.85
2012.08.15 05:06:13.482,0.78786,0.78793,2.25,1.50
2012.08.15 05:06:14.197,0.78789,0.78794,1.13,3.23
2012.08.15 05:06:14.498,0.78786,0.78793,1.73,1.50
2012.08.15 05:06:15.028,0.78786,0.78793,1.50,1.50
2012.08.15 05:06:16.103,0.78786,0.78793,1.50,1.50
2012.08.15 05:06:16.168,0.78789,0.78794,1.13,2.48
2012.08.15 05:06:16.353,0.78787,0.78795,1.50,2.85
2012.08.15 05:06:16.653,0.78788,0.78793,1.13,1.50
2012.08.15 05:06:18.090,0.78788,0.78795,1.88,2.25
2012.08.15 05:06:18.598,0.78786,0.78793,1.50,1.73
2012.08.15 05:06:20.682,0.78788,0.78795,1.88,1.50
2012.08.15 05:06:21.190,0.78788,0.78795,3.60,1.50
2012.08.15 05:06:24.372,0.78788,0.78795,1.88,1.73
2012.08.15 05:06:27.524,0.78788,0.78795,2.63,1.50
2012.08.15 05:06:31.746,0.78787,0.78794,3.98,1.88
2012.08.15 05:06:31.871,0.78788,0.78794,2.25,1.13
2012.08.15 05:06:32.406,0.7879,0.78796,1.13,1.50
2012.08.15 05:06:35.099,0.78789,0.78796,1.50,1.50
2012.08.15 05:06:35.642,0.78787,0.78796,2.85,1.73
2012.08.15 05:06:40.593,0.78788,0.78797,4.35,1.50
2012.08.15 05:06:44.509,0.78788,0.78795,1.88,1.50
2012.08.15 05:06:45.155,0.78788,0.78795,1.13,1.50
2012.08.15 05:06:46.483,0.78788,0.78795,1.35,1.50
2012.08.15 05:06:47.031,0.78788,0.78798,3.23,4.35
2012.08.15 05:07:05.681,0.78789,0.78796,1.88,1.50
2012.08.15 05:07:10.615,0.7879,0.78797,1.50,1.73
2012.08.15 05:07:12.244,0.78791,0.78797,1.50,1.50
2012.08.15 05:07:16.566,0.78789,0.78796,1.50,1.88
2012.08.15 05:07:16.986,0.78788,0.78795,1.13,1.50
2012.08.15 05:07:17.051,0.78788,0.78795,1.13,1.73
2012.08.15 05:07:17.354,0.78786,0.78795,4.88,1.73
2012.08.15 05:07:21.837,0.7879,0.78796,2.10,3.38
2012.08.15 05:07:22.142,0.78796,0.78801,1.88,1.44
2012.08.15 05:07:22.208,0.78794,0.78801,3.00,1.44
2012.08.15 05:07:22.394,0.78793,0.788,3.00,1.50
2012.08.15 05:07:26.058,0.78793,0.78798,1.88,2.48
2012.08.15 05:07:26.182,0.78791,0.78797,1.13,2.10
2012.08.15 05:07:26.247,0.78789,0.78797,3.38,2.10
2012.08.15 05:07:26.488,0.78789,0.78797,3.38,1.35
2012.08.15 05:07:27.998,0.78789,0.78797,2.63,2.10
2012.08.15 05:07:29.220,0.78789,0.78797,3.23,2.10
2012.08.15 05:07:29.740,0.78791,0.78798,1.13,1.73
2012.08.15 05:07:30.366,0.78791,0.78799,1.88,4.73
2012.08.15 05:07:39.521,0.78791,0.78799,2.85,2.63
2012.08.15 05:07:39.999,0.78795,0.78801,1.50,1.88
2012.08.15 05:07:41.785,0.78797,0.78802,1.13,1.50
2012.08.15 05:07:41.852,0.78797,0.78804,1.13,5.48
2012.08.15 05:07:42.157,0.78797,0.78804,3.38,1.73
2012.08.15 05:07:42.459,0.78797,0.78804,2.63,1.73
2012.08.15 05:07:44.077,0.78799,0.78804,1.13,1.73
2012.08.15 05:07:44.322,0.78799,0.78805,1.50,1.73
2012.08.15 05:07:44.912,0.78799,0.78806,1.13,1.50
2012.08.15 05:07:45.154,0.78799,0.78806,2.48,1.50
2012.08.15 05:07:47.306,0.78797,0.78803,2.25,1.88
2012.08.15 05:07:47.373,0.78795,0.78801,3.22,1.50
2012.08.15 05:07:47.498,0.78795,0.78802,1.13,1.73
2012.08.15 05:07:48.403,0.78798,0.78803,1.13,2.48
2012.08.15 05:07:48.590,0.78798,0.78805,1.88,3.00
2012.08.15 05:07:48.891,0.78798,0.78804,1.13,1.50
2012.08.15 05:07:49.428,0.78798,0.78805,2.63,1.73
2012.08.15 05:07:49.967,0.78797,0.78805,1.88,1.73
2012.08.15 05:07:54.244,0.78797,0.78804,1.88,1.50
2012.08.15 05:07:54.773,0.78797,0.78804,1.88,1.50
2012.08.15 05:07:55.612,0.78797,0.78804,1.88,1.50
2012.08.15 05:07:56.571,0.78797,0.78804,1.13,1.50
2012.08.15 05:08:04.227,0.78797,0.78806,3.60,2.48
2012.08.15 05:08:04.772,0.78798,0.78805,1.13,3.23
2012.08.15 05:08:19.742,0.78797,0.78805,1.88,3.23
2012.08.15 05:08:20.043,0.78797,0.78806,4.50,2.48
2012.08.15 05:08:25.211,0.78797,0.78803,1.88,1.73
2012.08.15 05:08:25.513,0.78795,0.78803,1.50,3.98
2012.08.15 05:08:26.070,0.78796,0.78803,1.88,3.98
2012.08.15 05:08:26.136,0.78796,0.78803,2.63,1.50
2012.08.15 05:08:26.201,0.78796,0.78804,4.13,2.25
2012.08.15 05:08:26.754,0.78798,0.78806,2.63,3.23
2012.08.15 05:08:28.486,0.78798,0.78806,1.88,3.23
2012.08.15 05:08:28.729,0.78794,0.78803,3.38,3.23
2012.08.15 05:08:29.528,0.78796,0.78803,1.13,3.23
2012.08.15 05:08:29.594,0.78796,0.78803,4.35,1.50
2012.08.15 05:08:29.719,0.78798,0.78805,1.88,2.48
2012.08.15 05:08:31.244,0.78798,0.78805,1.13,3.23
2012.08.15 05:08:31.704,0.78798,0.78806,2.63,1.73
2012.08.15 05:08:34.146,0.78798,0.78805,1.88,2.48
2012.08.15 05:08:34.330,0.78795,0.78802,1.50,2.10
2012.08.15 05:08:34.454,0.78798,0.78803,1.13,2.25
2012.08.15 05:08:34.766,0.78801,0.78806,1.50,2.85
2012.08.15 05:08:35.302,0.788,0.78806,1.50,2.10
2012.08.15 05:08:35.543,0.78801,0.78806,2.25,2.85
2012.08.15 05:08:36.044,0.78801,0.78806,1.50,2.85
2012.08.15 05:08:36.343,0.78798,0.78805,1.13,1.73
2012.08.15 05:08:36.410,0.78796,0.78803,2.25,1.35
2012.08.15 05:08:37.114,0.78798,0.78803,1.50,1.13
2012.08.15 05:08:37.179,0.78798,0.78806,4.13,3.75
2012.08.15 05:08:37.952,0.78798,0.78806,4.13,2.85
2012.08.15 05:08:38.768,0.78798,0.78805,2.63,1.73
2012.08.15 05:08:39.396,0.78798,0.78806,1.88,3.60
2012.08.15 05:08:39.930,0.78798,0.78806,2.63,5.10
2012.08.15 05:08:41.041,0.78798,0.78806,3.38,3.60
2012.08.15 05:08:46.411,0.78798,0.78806,3.38,3.60
2012.08.15 05:08:47.014,0.78798,0.78806,2.63,3.60
2012.08.15 05:08:53.314,0.78798,0.78806,3.00,3.38
2012.08.15 05:08:53.619,0.78801,0.78808,1.50,1.73
2012.08.15 05:08:54.100,0.78799,0.78806,1.50,1.35
2012.08.15 05:08:54.224,0.78798,0.78806,2.63,3.60
2012.08.15 05:08:54.528,0.78797,0.78804,1.50,2.33
2012.08.15 05:08:55.182,0.78797,0.78805,1.13,2.85
2012.08.15 05:09:03.464,0.78799,0.78806,1.13,4.73
2012.08.15 05:09:04.013,0.78799,0.78806,1.50,2.48
2012.08.15 05:09:04.742,0.78799,0.78806,1.13,2.48
2012.08.15 05:09:04.983,0.78797,0.78804,1.88,2.48
2012.08.15 05:09:06.101,0.78796,0.78802,1.50,1.35
2012.08.15 05:09:08.192,0.78796,0.78801,1.50,1.35
2012.08.15 05:09:08.554,0.78795,0.78804,1.50,4.35
2012.08.15 05:09:17.749,0.78794,0.78803,1.88,1.73
2012.08.15 05:09:18.110,0.78795,0.78804,1.50,4.35
2012.08.15 05:09:42.142,0.78795,0.78804,2.48,2.85
2012.08.15 05:10:07.935,0.78795,0.78802,1.73,1.88
2012.08.15 05:10:08.241,0.78792,0.78797,1.13,1.50
2012.08.15 05:10:08.367,0.78794,0.78799,1.13,2.85
2012.08.15 05:10:08.492,0.78792,0.78799,2.25,2.85
2012.08.15 05:10:09.025,0.78792,0.78799,2.25,2.85
2012.08.15 05:10:09.349,0.78795,0.78802,1.50,1.88
2012.08.15 05:10:09.654,0.78797,0.78802,2.25,1.13
2012.08.15 05:10:09.841,0.78797,0.78802,2.25,1.88
2012.08.15 05:10:10.357,0.78797,0.78802,1.50,1.88
2012.08.15 05:10:10.894,0.78795,0.78802,1.73,2.85
2012.08.15 05:10:11.496,0.78794,0.78802,2.85,2.85
2012.08.15 05:10:14.819,0.78795,0.78802,3.23,1.88
2012.08.15 05:10:19.412,0.78795,0.788,2.48,1.13
2012.08.15 05:10:19.653,0.78793,0.788,2.25,1.35
2012.08.15 05:10:20.836,0.78793,0.788,2.25,1.35
2012.08.15 05:10:20.963,0.78793,0.788,1.50,3.60
2012.08.15 05:10:21.029,0.78792,0.788,1.88,4.35
2012.08.15 05:10:21.564,0.78792,0.78799,1.88,1.73
2012.08.15 05:10:23.914,0.78792,0.788,2.85,2.85
2012.08.15 05:10:34.262,0.78792,0.788,3.60,2.85
2012.08.15 05:10:34.919,0.78792,0.788,3.60,2.85
2012.08.15 05:10:35.464,0.78792,0.788,3.60,2.85
2012.08.15 05:10:37.624,0.78794,0.78801,1.50,2.85
2012.08.15 05:11:26.143,0.78795,0.78802,2.48,1.13
2012.08.15 05:11:30.716,0.78795,0.78802,3.98,1.35
2012.08.15 05:11:31.150,0.78798,0.78805,2.85,1.50
2012.08.15 05:11:31.694,0.78798,0.78805,2.85,1.73
2012.08.15 05:11:32.087,0.78801,0.78808,3.00,2.25
2012.08.15 05:11:34.199,0.78799,0.78806,1.50,2.10
2012.08.15 05:11:39.541,0.78797,0.78805,1.73,3.38
2012.08.15 05:11:40.093,0.78797,0.78804,1.73,1.73
2012.08.15 05:11:41.307,0.78799,0.78804,1.13,1.73
2012.08.15 05:11:41.431,0.78799,0.78806,2.10,2.19
2012.08.15 05:11:41.791,0.78801,0.78807,2.10,2.25
2012.08.15 05:11:42.338,0.78802,0.78808,1.50,1.50
2012.08.15 05:11:46.774,0.78797,0.78802,2.55,1.13
2012.08.15 05:11:46.842,0.78799,0.78806,2.10,1.50
2012.08.15 05:11:47.260,0.78798,0.78805,2.48,1.50
2012.08.15 05:11:47.620,0.78798,0.78806,3.00,4.35
2012.08.15 05:11:48.009,0.78798,0.78805,2.25,1.73
2012.08.15 05:11:48.561,0.78798,0.78805,1.50,1.73
2012.08.15 05:11:49.800,0.78798,0.78805,1.88,1.73
2012.08.15 05:11:49.865,0.78799,0.78806,1.13,2.85
2012.08.15 05:11:50.169,0.78803,0.78809,1.50,3.98
2012.08.15 05:11:50.712,0.78803,0.78809,1.50,2.10
2012.08.15 05:11:51.562,0.78801,0.78806,1.73,1.13
2012.08.15 05:11:51.747,0.788,0.78806,1.73,1.88
2012.08.15 05:11:52.281,0.788,0.78807,2.10,1.73
2012.08.15 05:11:55.117,0.788,0.78806,2.10,1.73
2012.08.15 05:11:55.182,0.78799,0.78805,1.50,2.48
2012.08.15 05:11:55.484,0.78797,0.78802,1.88,1.50
2012.08.15 05:11:55.727,0.78796,0.78804,2.10,1.73
2012.08.15 05:11:55.850,0.78795,0.78803,5.10,2.10
2012.08.15 05:11:56.740,0.78795,0.78801,3.23,1.13
2012.08.15 05:12:00.803,0.78795,0.78801,2.25,2.10
2012.08.15 05:12:15.234,0.78795,0.78801,1.50,1.13
2012.08.15 05:12:22.995,0.78795,0.78802,1.73,3.38
2012.08.15 05:12:34.567,0.78794,0.78802,2.85,2.85
2012.08.15 05:12:57.692,0.78794,0.78802,4.35,2.10
2012.08.15 05:12:57.994,0.78795,0.78803,3.98,1.88
2012.08.15 05:13:00.543,0.78795,0.78803,3.60,1.88
2012.08.15 05:14:00.671,0.78794,0.78803,2.85,1.13
2012.08.15 05:14:23.247,0.78794,0.78804,2.85,2.48
2012.08.15 05:14:23.766,0.78796,0.78804,1.73,2.48
2012.08.15 05:14:24.122,0.78797,0.78804,1.50,3.23
2012.08.15 05:14:31.601,0.78796,0.78803,2.48,1.13
2012.08.15 05:14:32.124,0.78796,0.78803,1.73,1.13
2012.08.15 05:14:38.995,0.78795,0.78803,2.10,3.75
2012.08.15 05:14:39.502,0.78795,0.78803,1.73,3.60
2012.08.15 05:14:42.537,0.78796,0.78804,1.50,2.85
2012.08.15 05:14:42.603,0.78796,0.78804,1.73,2.10
2012.08.15 05:14:43.122,0.78796,0.78804,1.73,2.85
2012.08.15 05:14:51.701,0.78795,0.78804,3.98,2.85
2012.08.15 05:15:25.342,0.78796,0.78802,1.13,1.73
2012.08.15 05:15:25.406,0.78794,0.78802,3.23,2.85
2012.08.15 05:15:25.914,0.78795,0.78802,1.13,2.48
2012.08.15 05:15:26.507,0.78795,0.78803,2.10,1.35
2012.08.15 05:15:33.081,0.78794,0.78802,2.85,5.10
2012.08.15 05:16:23.750,0.78795,0.78802,1.13,4.73
2012.08.15 05:16:33.075,0.78795,0.78802,1.13,1.73
2012.08.15 05:16:38.379,0.78792,0.78799,2.85,1.50
2012.08.15 05:16:38.682,0.78792,0.78798,1.13,1.73
2012.08.15 05:16:39.228,0.78793,0.78798,1.13,2.48
2012.08.15 05:16:39.411,0.78792,0.78799,1.13,2.48
2012.08.15 05:16:39.476,0.78792,0.78798,1.13,1.73
2012.08.15 05:17:00.713,0.78793,0.78798,1.13,1.73
2012.08.15 05:17:00.897,0.78793,0.78799,1.13,2.48
2012.08.15 05:17:42.482,0.78794,0.78799,1.13,2.48
2012.08.15 05:17:44.376,0.78791,0.78799,2.85,3.60
2012.08.15 05:18:01.048,0.78791,0.78799,2.10,2.10
2012.08.15 05:18:01.116,0.78791,0.78799,2.85,2.85
2012.08.15 05:18:19.186,0.7879,0.78798,4.35,2.48
2012.08.15 05:18:25.484,0.7879,0.78797,5.10,1.50
2012.08.15 05:18:25.606,0.7879,0.78796,1.73,1.13
2012.08.15 05:18:25.791,0.78789,0.78796,1.73,1.88
2012.08.15 05:18:27.987,0.78789,0.78796,1.73,2.25
2012.08.15 05:19:20.263,0.78789,0.78795,1.13,1.88
2012.08.15 05:19:20.393,0.78787,0.78795,2.10,3.98
2012.08.15 05:19:20.931,0.78787,0.78795,2.85,3.00
2012.08.15 05:19:21.624,0.78786,0.78792,2.25,1.35
2012.08.15 05:19:22.159,0.78785,0.78791,1.50,1.13
2012.08.15 05:19:41.901,0.78785,0.78792,1.50,3.23
2012.08.15 05:19:59.109,0.78784,0.78792,3.98,2.48
2012.08.15 05:20:03.817,0.78784,0.78792,4.73,2.48
2012.08.15 05:20:04.363,0.78787,0.78793,1.73,1.13
2012.08.15 05:20:04.903,0.78786,0.78792,3.98,1.13
2012.08.15 05:20:05.087,0.78787,0.78795,2.48,1.73
2012.08.15 05:20:05.334,0.78788,0.78796,3.23,2.85
2012.08.15 05:20:19.078,0.78788,0.78795,2.48,1.13
2012.08.15 05:20:19.379,0.78786,0.78792,1.50,1.35
2012.08.15 05:20:22.191,0.78785,0.78792,2.25,1.73
2012.08.15 05:21:19.419,0.78784,0.78791,2.48,1.13
2012.08.15 05:21:19.482,0.78784,0.78791,4.73,1.13
2012.08.15 05:21:39.643,0.78786,0.78791,1.88,1.13
2012.08.15 05:21:48.953,0.78787,0.78791,1.13,1.13
2012.08.15 05:22:18.395,0.78785,0.78792,1.88,1.35
2012.08.15 05:22:18.690,0.78783,0.78791,2.85,1.73
2012.08.15 05:22:18.930,0.78783,0.78791,2.63,2.48
2012.08.15 05:22:28.543,0.78783,0.7879,2.10,1.50
2012.08.15 05:22:28.608,0.78786,0.78791,1.88,1.88
2012.08.15 05:22:29.143,0.78786,0.78793,1.88,2.48
2012.08.15 05:22:31.485,0.78786,0.78794,1.88,5.10
2012.08.15 05:22:34.091,0.78786,0.78793,1.88,2.48
2012.08.15 05:23:00.967,0.78786,0.78791,1.13,1.73
2012.08.15 05:23:01.536,0.78785,0.78791,1.13,1.73
2012.08.15 05:23:04.568,0.78785,0.78789,1.13,1.50
2012.08.15 05:23:04.753,0.78782,0.78788,1.88,1.35
2012.08.15 05:23:06.389,0.78784,0.78789,1.13,1.20
2012.08.15 05:23:16.840,0.78783,0.78787,1.13,1.35
2012.08.15 05:23:25.931,0.78781,0.78787,2.10,2.25
2012.08.15 05:23:26.485,0.78783,0.78787,1.13,2.48
2012.08.15 05:23:29.799,0.78782,0.78787,1.13,1.35
2012.08.15 05:23:33.282,0.78782,0.78787,1.88,2.63
2012.08.15 05:23:33.586,0.78778,0.78785,2.10,1.50
2012.08.15 05:23:33.946,0.78779,0.78786,1.35,1.88
2012.08.15 05:23:35.190,0.78778,0.78784,1.50,2.55
2012.08.15 05:23:35.493,0.78777,0.78782,1.13,2.10
2012.08.15 05:23:38.118,0.78777,0.78782,1.88,2.48
2012.08.15 05:23:40.507,0.78779,0.78783,1.13,1.50
2012.08.15 05:23:41.051,0.78777,0.78783,1.13,2.10
2012.08.15 05:23:41.233,0.78779,0.78783,1.13,1.35
2012.08.15 05:23:41.475,0.78777,0.78783,1.88,2.10
2012.08.15 05:23:41.778,0.78779,0.78784,1.13,1.35
2012.08.15 05:23:42.394,0.78779,0.78785,1.13,1.73
2012.08.15 05:24:18.746,0.7878,0.78786,1.13,2.48
2012.08.15 05:24:22.358,0.78777,0.78784,2.48,3.00
2012.08.15 05:24:22.482,0.7878,0.78784,1.13,3.00
2012.08.15 05:24:37.070,0.78781,0.78786,1.13,2.48
2012.08.15 05:24:41.648,0.78781,0.78786,1.13,1.73
2012.08.15 05:25:42.605,0.78782,0.78787,1.13,2.25
2012.08.15 05:25:42.788,0.78782,0.78789,1.88,1.73
2012.08.15 05:25:45.005,0.78783,0.78789,1.13,1.73
2012.08.15 05:25:46.915,0.78783,0.7879,2.63,2.25
2012.08.15 05:25:56.596,0.78784,0.78791,1.50,1.50
2012.08.15 05:26:00.802,0.78786,0.78792,1.50,1.35
2012.08.15 05:26:01.245,0.78786,0.78792,1.73,1.73
2012.08.15 05:26:02.392,0.78789,0.78794,1.13,1.05
2012.08.15 05:26:02.877,0.78789,0.78796,3.23,1.13
2012.08.15 05:26:03.417,0.78789,0.78795,1.73,1.88
2012.08.15 05:26:08.588,0.7879,0.78795,1.50,1.88
2012.08.15 05:26:09.124,0.7879,0.78795,1.50,1.13
2012.08.15 05:26:18.765,0.7879,0.78797,2.25,1.13
2012.08.15 05:26:21.352,0.7879,0.78797,2.48,1.13
2012.08.15 05:26:25.727,0.78792,0.78799,1.73,2.63
2012.08.15 05:26:29.194,0.78792,0.78798,1.73,1.50
2012.08.15 05:27:04.675,0.7879,0.78796,2.25,1.50
2012.08.15 05:27:06.498,0.7879,0.78797,2.10,1.50
2012.08.15 05:27:12.712,0.78791,0.788,1.35,4.50
2012.08.15 05:27:13.013,0.78791,0.788,2.85,3.00
2012.08.15 05:27:24.433,0.78794,0.78802,2.10,3.38
2012.08.15 05:27:25.531,0.78794,0.78802,2.10,4.13
2012.08.15 05:27:27.975,0.78794,0.78801,1.88,1.50
2012.08.15 05:27:28.038,0.78794,0.78801,1.13,3.00
2012.08.15 05:27:52.218,0.78793,0.78801,2.10,3.75
2012.08.15 05:27:58.575,0.78791,0.78798,2.25,1.88
2012.08.15 05:27:58.818,0.7879,0.78797,2.63,1.50
2012.08.15 05:27:59.296,0.78792,0.78798,1.13,1.50
2012.08.15 05:28:00.940,0.78791,0.78798,2.85,1.50
2012.08.15 05:28:59.472,0.78791,0.78799,1.50,1.50
2012.08.15 05:29:06.909,0.7879,0.788,2.10,2.85
2012.08.15 05:29:11.727,0.78791,0.78799,1.13,1.13
2012.08.15 05:29:18.011,0.7879,0.78798,2.10,1.13
2012.08.15 05:29:18.244,0.7879,0.78798,2.10,1.88
2012.08.15 05:29:18.547,0.7879,0.78794,1.35,1.50
2012.08.15 05:29:18.968,0.78791,0.78796,1.13,1.50
2012.08.15 05:29:19.208,0.78789,0.78797,3.60,2.63
2012.08.15 05:29:20.384,0.78789,0.78797,2.63,5.10
2012.08.15 05:29:21.127,0.78789,0.78797,2.85,4.35
2012.08.15 05:29:21.677,0.78789,0.78797,2.85,2.25
2012.08.15 05:29:24.980,0.78789,0.78797,3.98,2.25
2012.08.15 05:29:31.533,0.78789,0.78797,3.98,1.50
2012.08.15 05:29:32.120,0.7879,0.78797,2.10,1.50
2012.08.15 05:30:03.328,0.78792,0.78797,1.35,1.50
2012.08.15 05:30:21.215,0.78792,0.788,1.13,3.60
2012.08.15 05:30:30.293,0.78791,0.788,1.13,2.48
2012.08.15 05:30:33.634,0.78791,0.788,1.13,1.73
2012.08.15 05:30:57.207,0.78792,0.788,1.13,3.60
2012.08.15 05:30:57.889,0.78792,0.788,1.88,5.10
2012.08.15 05:31:12.368,0.78792,0.78799,1.88,2.25
2012.08.15 05:31:12.886,0.78792,0.78799,1.88,2.25
2012.08.15 05:31:13.554,0.78792,0.78799,1.88,2.25
2012.08.15 05:31:13.854,0.78793,0.788,2.10,1.50
2012.08.15 05:31:14.450,0.78793,0.788,1.50,2.25
2012.08.15 05:31:14.513,0.78791,0.78799,2.85,1.50
2012.08.15 05:31:14.988,0.78792,0.788,1.73,2.25
2012.08.15 05:31:15.525,0.78793,0.788,1.73,2.63
2012.08.15 05:31:16.537,0.78793,0.788,2.85,1.50
2012.08.15 05:31:17.081,0.78793,0.78801,1.73,2.48
2012.08.15 05:31:17.556,0.78792,0.788,2.85,2.48
2012.08.15 05:31:18.266,0.78792,0.78799,1.88,3.00
2012.08.15 05:31:18.449,0.7879,0.78798,4.35,1.73
2012.08.15 05:31:18.793,0.7879,0.78798,5.85,1.73
2012.08.15 05:31:25.244,0.78795,0.788,1.13,1.50
2012.08.15 05:31:25.428,0.78793,0.788,1.88,1.50
2012.08.15 05:31:38.567,0.78793,0.788,1.13,3.98
2012.08.15 05:31:50.717,0.78791,0.78799,1.73,1.50
2012.08.15 05:31:50.900,0.7879,0.78797,1.35,1.50
2012.08.15 05:31:57.422,0.78792,0.78797,1.13,1.50
2012.08.15 05:31:57.604,0.78792,0.78799,1.35,2.25
2012.08.15 05:32:57.601,0.78791,0.78799,2.10,1.88
2012.08.15 05:33:01.723,0.78791,0.78799,2.10,1.88
2012.08.15 05:33:02.363,0.78791,0.78799,1.35,1.88
2012.08.15 05:33:19.879,0.78792,0.78799,2.48,1.13
2012.08.15 05:33:20.414,0.78792,0.78799,3.23,1.13
2012.08.15 05:33:22.839,0.78792,0.78799,3.23,1.13
2012.08.15 05:33:23.023,0.78791,0.78799,2.93,2.63
2012.08.15 05:33:32.891,0.78791,0.78799,2.85,3.38
2012.08.15 05:33:43.005,0.78792,0.78799,1.50,1.50
2012.08.15 05:34:26.347,0.78792,0.788,3.98,2.63
2012.08.15 05:34:35.656,0.78792,0.788,3.60,2.63
2012.08.15 05:34:52.742,0.78792,0.78799,1.88,2.25
2012.08.15 05:35:00.199,0.78791,0.78799,2.85,4.88
2012.08.15 05:35:01.484,0.78791,0.78799,3.60,2.63
2012.08.15 05:35:40.653,0.7879,0.78797,2.85,1.50
2012.08.15 05:35:45.136,0.78789,0.78796,4.05,1.50
2012.08.15 05:35:55.726,0.78789,0.78796,2.70,3.00
2012.08.15 05:35:56.407,0.78789,0.78796,3.68,1.50
2012.08.15 05:36:00.361,0.78789,0.78797,3.68,3.00
2012.08.15 05:36:31.660,0.78789,0.78796,2.10,1.50
2012.08.15 05:36:32.283,0.78789,0.78797,2.10,1.50
2012.08.15 05:36:33.625,0.78789,0.78797,2.10,3.00
2012.08.15 05:36:35.047,0.78788,0.78794,1.88,1.50
2012.08.15 05:36:35.112,0.78788,0.78794,2.10,1.50
2012.08.15 05:36:35.177,0.78786,0.78792,1.88,1.50
2012.08.15 05:36:35.537,0.78785,0.78792,2.18,1.50
2012.08.15 05:36:36.074,0.78786,0.78792,1.73,1.13
2012.08.15 05:37:00.390,0.78785,0.78793,4.35,1.50
2012.08.15 05:37:02.597,0.78786,0.78794,2.48,2.25
2012.08.15 05:37:02.724,0.78788,0.78795,2.10,1.50
2012.08.15 05:37:03.264,0.7879,0.78797,3.23,1.50
2012.08.15 05:37:03.565,0.7879,0.78798,4.73,2.25
2012.08.15 05:37:04.074,0.7879,0.78798,2.85,3.00
2012.08.15 05:37:04.610,0.7879,0.78797,2.85,1.50
2012.08.15 05:37:05.168,0.78788,0.78796,1.73,1.50
2012.08.15 05:37:05.685,0.78788,0.78796,1.73,1.50
2012.08.15 05:37:29.986,0.78788,0.78796,1.73,1.50
2012.08.15 05:37:30.226,0.78789,0.78797,2.48,1.88
2012.08.15 05:37:53.314,0.78789,0.78797,2.48,1.88
2012.08.15 05:37:57.804,0.78789,0.78798,2.48,4.13
2012.08.15 05:37:58.224,0.78789,0.78795,1.50,1.50
2012.08.15 05:37:58.757,0.78788,0.78796,2.85,1.50
2012.08.15 05:37:58.883,0.78789,0.78798,1.73,3.38
2012.08.15 05:38:14.291,0.7879,0.78798,2.85,2.63
2012.08.15 05:38:26.842,0.78791,0.78798,1.73,1.88
2012.08.15 05:38:50.833,0.78789,0.78797,3.08,2.25
2012.08.15 05:38:51.373,0.78789,0.78795,2.10,1.50
2012.08.15 05:39:04.786,0.78789,0.78795,1.13,2.25
2012.08.15 05:39:05.552,0.78788,0.78795,1.13,2.25
2012.08.15 05:39:05.853,0.78788,0.78794,1.35,1.50
2012.08.15 05:39:06.609,0.78788,0.78796,2.10,5.10
2012.08.15 05:39:59.961,0.78786,0.78793,2.25,1.50
2012.08.15 05:40:04.955,0.78784,0.78791,1.73,2.10
2012.08.15 05:40:05.256,0.78783,0.78791,2.85,2.10
2012.08.15 05:40:25.752,0.78783,0.78791,3.60,2.85
2012.08.15 05:40:26.289,0.78783,0.78791,3.60,2.85
2012.08.15 05:40:41.564,0.78784,0.78791,1.73,1.35
2012.08.15 05:40:44.705,0.78787,0.78792,1.13,2.48
2012.08.15 05:40:45.009,0.78787,0.78794,2.10,1.73
2012.08.15 05:40:45.542,0.78787,0.78795,2.10,2.10
2012.08.15 05:40:45.606,0.78787,0.78795,2.10,2.85
2012.08.15 05:40:45.671,0.78787,0.78794,1.35,3.00
2012.08.15 05:40:48.768,0.78787,0.78794,1.35,2.25
2012.08.15 05:40:49.211,0.78787,0.78795,2.10,3.38
2012.08.15 05:41:01.432,0.78786,0.78793,2.48,2.10
2012.08.15 05:41:01.735,0.78786,0.78793,1.50,2.10
2012.08.15 05:41:08.129,0.78783,0.78791,1.73,1.73
2012.08.15 05:41:08.431,0.78783,0.7879,1.73,2.25
2012.08.15 05:41:11.321,0.78783,0.78791,1.73,2.48
2012.08.15 05:41:16.403,0.78782,0.7879,2.85,1.50
2012.08.15 05:41:16.587,0.78783,0.7879,1.73,2.25
2012.08.15 05:41:16.651,0.78782,0.7879,2.85,3.98
2012.08.15 05:41:52.838,0.78783,0.7879,2.63,2.48
2012.08.15 05:42:03.219,0.78785,0.7879,1.35,2.25
2012.08.15 05:42:03.525,0.78789,0.78796,1.73,2.25
2012.08.15 05:42:03.710,0.7879,0.78796,1.35,2.25
2012.08.15 05:42:03.896,0.78788,0.78795,2.25,1.35
2012.08.15 05:42:03.961,0.78786,0.78795,4.35,2.10
2012.08.15 05:42:04.027,0.78786,0.78793,1.73,2.63
2012.08.15 05:42:04.568,0.78785,0.78794,3.60,2.48
2012.08.15 05:42:05.151,0.78785,0.78794,3.60,1.73
2012.08.15 05:42:10.180,0.78785,0.78794,5.10,1.73
2012.08.15 05:42:21.933,0.78785,0.78793,1.73,3.38
2012.08.15 05:42:22.239,0.78785,0.78793,1.73,2.85
2012.08.15 05:42:35.546,0.78786,0.78794,1.88,1.35
2012.08.15 05:42:35.671,0.78784,0.78793,2.85,2.85
2012.08.15 05:42:36.565,0.78785,0.78792,1.73,1.73
2012.08.15 05:42:36.691,0.78786,0.78794,3.60,1.50
2012.08.15 05:43:14.999,0.78787,0.78795,2.48,2.10
2012.08.15 05:43:15.302,0.78787,0.78795,3.98,2.85
2012.08.15 05:43:15.838,0.78787,0.78795,2.48,3.60
2012.08.15 05:44:08.242,0.78787,0.78795,3.60,2.85
2012.08.15 05:44:43.908,0.78787,0.78796,2.21,2.10
2012.08.15 05:45:02.205,0.78789,0.78796,1.73,1.35
2012.08.15 05:45:12.457,0.78789,0.78796,1.73,1.13
2012.08.15 05:45:22.958,0.78789,0.78797,2.48,1.73
2012.08.15 05:45:24.374,0.78789,0.78797,1.73,3.23
2012.08.15 05:45:24.439,0.78788,0.78796,2.95,2.48
2012.08.15 05:45:24.800,0.78787,0.78795,1.73,3.60
2012.08.15 05:45:25.511,0.78787,0.78795,2.85,2.10
2012.08.15 05:45:45.843,0.78787,0.78795,2.85,2.25
2012.08.15 05:45:52.471,0.78787,0.78795,2.85,2.10
2012.08.15 05:45:56.320,0.78787,0.78795,1.88,3.98
2012.08.15 05:45:56.565,0.78785,0.78792,1.73,2.10
2012.08.15 05:45:57.102,0.78785,0.78794,2.63,2.10
2012.08.15 05:45:57.848,0.78785,0.78794,2.85,2.10
2012.08.15 05:46:01.295,0.78785,0.78795,2.85,7.35
2012.08.15 05:46:08.220,0.78786,0.78795,1.73,4.13
2012.08.15 05:46:08.405,0.78789,0.78797,2.10,5.85
2012.08.15 05:46:08.968,0.78789,0.78797,3.23,3.60
2012.08.15 05:46:17.488,0.78789,0.78797,3.00,2.85
2012.08.15 05:46:32.676,0.78789,0.78797,2.63,2.10
2012.08.15 05:46:36.070,0.78788,0.78796,3.38,1.73
2012.08.15 05:46:54.090,0.78787,0.78795,2.25,3.98
2012.08.15 05:46:54.394,0.78787,0.78794,1.73,2.10
2012.08.15 05:47:10.975,0.78789,0.78797,1.50,4.88
2012.08.15 05:47:12.922,0.78789,0.78797,1.50,5.10
2012.08.15 05:47:32.489,0.78787,0.78794,1.73,1.73
2012.08.15 05:47:34.577,0.78789,0.78796,1.88,1.73
2012.08.15 05:47:46.967,0.78786,0.78791,2.33,1.13
2012.08.15 05:47:47.213,0.78788,0.78796,2.25,2.48
2012.08.15 05:48:27.381,0.78788,0.78796,2.63,2.48
2012.08.15 05:49:21.686,0.78789,0.78796,1.13,1.73
2012.08.15 05:49:32.019,0.78787,0.78794,2.10,2.48
2012.08.15 05:49:34.014,0.78788,0.78793,1.73,1.50
2012.08.15 05:49:34.652,0.78789,0.78796,1.13,3.23
2012.08.15 05:49:45.408,0.78787,0.78794,2.48,2.48
2012.08.15 05:49:45.533,0.78786,0.78793,2.63,1.73
2012.08.15 05:49:52.969,0.78784,0.78791,2.48,1.73
2012.08.15 05:50:24.063,0.78786,0.78794,1.50,2.63
2012.08.15 05:50:26.206,0.78785,0.78794,2.63,2.85
2012.08.15 05:50:29.527,0.78786,0.78794,1.50,2.10
2012.08.15 05:50:29.590,0.78787,0.78794,1.50,1.88
2012.08.15 05:50:30.717,0.78788,0.78795,2.25,2.63
2012.08.15 05:50:31.556,0.78787,0.78795,1.50,3.38
2012.08.15 05:50:43.670,0.78788,0.78795,2.63,1.73
2012.08.15 05:51:02.857,0.78785,0.78792,3.00,1.88
2012.08.15 05:51:02.922,0.78784,0.78792,4.13,2.10
2012.08.15 05:51:03.046,0.78785,0.78792,1.50,2.10
2012.08.15 05:51:03.703,0.78785,0.78792,1.50,2.10
2012.08.15 05:51:04.604,0.78785,0.78792,1.50,2.85
2012.08.15 05:51:04.906,0.78787,0.78794,1.13,2.48
2012.08.15 05:51:05.147,0.78787,0.78794,2.63,1.73
2012.08.15 05:51:07.448,0.78787,0.78795,2.63,2.85
2012.08.15 05:51:07.847,0.78786,0.78794,3.38,1.73
2012.08.15 05:51:23.482,0.78787,0.78796,2.25,2.85
2012.08.15 05:51:28.535,0.78787,0.78796,3.75,2.85
2012.08.15 05:51:30.526,0.78788,0.78796,3.38,2.10
2012.08.15 05:51:31.064,0.78789,0.78797,3.38,4.35
2012.08.15 05:51:31.715,0.78789,0.78795,1.50,1.13
2012.08.15 05:51:32.316,0.78787,0.78795,1.88,2.10
2012.08.15 05:51:32.812,0.78787,0.78795,1.13,2.10
2012.08.15 05:51:32.937,0.78787,0.78795,1.88,4.35
2012.08.15 05:51:36.053,0.78784,0.78792,4.88,2.48
2012.08.15 05:51:40.230,0.78784,0.78792,4.13,2.48
2012.08.15 05:51:58.271,0.78785,0.78793,2.63,2.48
2012.08.15 05:52:11.255,0.78784,0.78792,4.13,2.10
2012.08.15 05:52:11.320,0.78784,0.78792,2.63,2.85
2012.08.15 05:53:11.402,0.78782,0.78792,3.98,1.35
2012.08.15 05:53:24.065,0.78782,0.78792,3.38,1.35
2012.08.15 05:53:50.267,0.78782,0.7879,1.35,2.10
2012.08.15 05:53:50.574,0.78777,0.78783,1.51,1.35
2012.08.15 05:53:50.641,0.78777,0.78783,1.51,2.85
2012.08.15 05:53:50.707,0.78775,0.78781,4.65,1.35
2012.08.15 05:53:50.968,0.78775,0.78781,4.65,1.35
2012.08.15 05:53:51.512,0.78775,0.78781,1.13,1.73
2012.08.15 05:53:52.288,0.78775,0.78782,2.10,2.25
2012.08.15 05:53:52.356,0.78779,0.78784,1.13,3.23
2012.08.15 05:53:52.599,0.78777,0.78782,1.13,1.50
2012.08.15 05:53:53.023,0.78778,0.78785,1.88,2.48
2012.08.15 05:53:53.148,0.7878,0.78787,1.13,4.73
2012.08.15 05:53:53.331,0.7878,0.78787,1.88,2.48
2012.08.15 05:53:53.871,0.7878,0.78787,1.13,3.23
2012.08.15 05:54:12.955,0.78782,0.78787,1.13,1.73
2012.08.15 05:54:13.654,0.78782,0.78787,1.13,1.73
2012.08.15 05:54:50.055,0.78781,0.78787,1.13,2.85
2012.08.15 05:55:10.639,0.78781,0.78786,1.13,1.73
2012.08.15 05:55:10.942,0.78776,0.78782,2.63,1.35
2012.08.15 05:55:22.441,0.78776,0.78782,3.60,1.13
2012.08.15 05:55:22.954,0.78776,0.78782,1.13,1.35
2012.08.15 05:55:23.368,0.78779,0.78784,1.13,2.10
2012.08.15 05:55:23.672,0.78779,0.78786,1.88,1.50
2012.08.15 05:55:25.505,0.78779,0.78785,1.13,1.73
2012.08.15 05:55:44.007,0.7878,0.78787,1.50,1.88
2012.08.15 05:55:44.315,0.78787,0.78793,1.13,3.23
2012.08.15 05:55:45.385,0.78786,0.78794,1.88,5.85
2012.08.15 05:55:46.395,0.78787,0.78793,1.13,2.85
2012.08.15 05:55:50.103,0.78789,0.78794,1.13,3.00
2012.08.15 05:55:50.286,0.78789,0.78795,1.13,3.60
2012.08.15 05:55:50.527,0.78785,0.78793,3.38,2.85
2012.08.15 05:55:50.650,0.78785,0.78791,1.88,2.10
2012.08.15 05:55:50.953,0.78782,0.78788,1.50,1.35
2012.08.15 05:55:51.018,0.78782,0.78788,1.50,2.10
2012.08.15 05:55:51.554,0.78783,0.78789,1.13,1.73
2012.08.15 05:56:04.286,0.78783,0.78791,2.85,2.85
2012.08.15 05:56:04.352,0.78786,0.78792,1.88,2.85
2012.08.15 05:56:07.668,0.78787,0.78793,1.13,4.35
2012.08.15 05:56:20.064,0.78786,0.78792,1.88,1.35
2012.08.15 05:56:23.283,0.78785,0.78791,1.88,2.10
2012.08.15 05:56:25.050,0.78783,0.7879,1.88,1.73
2012.08.15 05:56:25.234,0.78783,0.78789,1.13,2.10
2012.08.15 05:56:26.440,0.78784,0.78789,1.50,1.35
2012.08.15 05:56:26.804,0.78787,0.78793,1.13,4.35
2012.08.15 05:56:26.987,0.78787,0.78793,1.88,2.85
2012.08.15 05:56:27.901,0.78788,0.78794,1.13,3.60
2012.08.15 05:56:34.311,0.78788,0.78794,1.88,2.10
2012.08.15 05:56:44.510,0.78787,0.78793,1.50,2.10
2012.08.15 05:56:45.042,0.78788,0.78794,1.13,2.10
2012.08.15 05:56:45.107,0.78788,0.78794,1.88,2.10
2012.08.15 05:56:45.411,0.78789,0.78797,1.88,5.10
2012.08.15 05:56:46.006,0.78789,0.78797,2.63,5.10
2012.08.15 05:56:46.362,0.78789,0.78797,1.88,5.10
2012.08.15 05:56:46.781,0.78788,0.78793,1.13,1.13
2012.08.15 05:56:47.376,0.78788,0.78796,3.00,2.85
2012.08.15 05:56:47.911,0.78788,0.78794,1.88,2.10
2012.08.15 05:56:48.447,0.78788,0.78794,1.13,2.85
2012.08.15 05:57:15.251,0.78788,0.78794,1.88,2.85
2012.08.15 05:57:28.345,0.78787,0.78794,1.88,1.73
2012.08.15 05:58:28.108,0.78787,0.78793,2.63,1.35
2012.08.15 05:58:31.378,0.78787,0.78793,1.88,2.10
2012.08.15 05:58:51.183,0.78787,0.78793,1.88,1.35
2012.08.15 05:58:52.003,0.78787,0.78793,1.88,2.10
2012.08.15 05:59:51.455,0.78786,0.78794,1.13,3.60
