2013.11.07 08:00:05.200,0.98657,0.98661,1.88,2.70
2013.11.07 08:00:10.136,0.98657,0.98662,2.70,1.28
2013.11.07 08:00:10.316,0.98661,0.98663,1.00,1.10
2013.11.07 08:00:15.056,0.98661,0.98663,1.20,1.00
2013.11.07 08:00:16.234,0.9866,0.98664,1.28,1.13
2013.11.07 08:00:16.783,0.98661,0.98665,1.58,1.20
2013.11.07 08:00:17.258,0.98663,0.98667,1.50,4.88
2013.11.07 08:00:17.318,0.98663,0.98667,1.95,1.20
2013.11.07 08:00:17.736,0.98663,0.98668,1.95,2.03
2013.11.07 08:00:17.976,0.98663,0.98668,1.95,2.40
2013.11.07 08:00:18.779,0.98663,0.98667,1.10,2.03
2013.11.07 08:00:19.527,0.98663,0.98667,1.38,2.25
2013.11.07 08:00:20.344,0.98663,0.98667,1.13,2.70
2013.11.07 08:00:20.906,0.98663,0.98667,1.38,2.25
2013.11.07 08:00:21.206,0.98663,0.98668,1.48,3.15
2013.11.07 08:00:21.766,0.98663,0.98668,1.48,3.53
2013.11.07 08:00:22.246,0.98663,0.98667,1.00,2.33
2013.11.07 08:00:22.616,0.98663,0.98668,1.48,3.53
2013.11.07 08:00:23.146,0.98663,0.98668,1.48,3.53
2013.11.07 08:00:23.686,0.98664,0.98668,1.38,2.03
2013.11.07 08:00:27.564,0.98666,0.98668,1.00,1.55
2013.11.07 08:00:28.106,0.98666,0.98671,1.00,5.70
2013.11.07 08:00:28.507,0.98669,0.98672,1.00,3.75
2013.11.07 08:00:29.046,0.98668,0.98672,1.13,1.65
2013.11.07 08:00:37.676,0.98669,0.98673,1.10,1.95
2013.11.07 08:00:38.216,0.9867,0.98675,1.00,4.95
2013.11.07 08:00:38.756,0.98669,0.98674,4.20,1.55
2013.11.07 08:00:39.487,0.98669,0.98674,4.20,1.55
2013.11.07 08:00:40.166,0.9867,0.98675,1.00,5.33
2013.11.07 08:00:40.755,0.9867,0.98675,1.13,5.33
2013.11.07 08:00:42.476,0.9867,0.98675,1.38,5.33
2013.11.07 08:00:43.224,0.9867,0.98675,1.13,5.33
2013.11.07 08:00:43.561,0.9867,0.98675,1.38,5.33
2013.11.07 08:00:47.646,0.9867,0.98674,1.00,1.55
2013.11.07 08:00:48.727,0.98669,0.98674,4.20,1.18
2013.11.07 08:00:49.516,0.98669,0.98672,1.95,1.50
2013.11.07 08:00:50.039,0.98667,0.98671,2.33,1.10
2013.11.07 08:00:56.314,0.98667,0.98672,2.33,1.65
2013.11.07 08:00:59.846,0.98667,0.98672,2.40,1.58
2013.11.07 08:01:00.217,0.98668,0.98672,1.55,1.13
2013.11.07 08:01:00.399,0.98672,0.98677,1.50,6.45
2013.11.07 08:01:00.578,0.98673,0.98677,2.33,1.58
2013.11.07 08:01:01.439,0.98672,0.98675,1.20,1.08
2013.11.07 08:01:01.746,0.98668,0.98672,1.48,3.46
2013.11.07 08:01:02.286,0.98667,0.9867,1.88,1.28
2013.11.07 08:01:02.846,0.98667,0.98671,1.50,2.25
2013.11.07 08:01:09.017,0.98666,0.98669,3.00,1.48
2013.11.07 08:01:09.915,0.98657,0.98667,1.00,2.63
2013.11.07 08:01:09.976,0.98659,0.98663,1.00,2.26
2013.11.07 08:01:10.337,0.98656,0.9866,1.18,1.13
2013.11.07 08:01:10.397,0.98655,0.9866,3.83,1.65
2013.11.07 08:01:10.636,0.98654,0.98659,1.20,1.80
2013.11.07 08:01:10.877,0.98653,0.98657,1.10,1.58
2013.11.07 08:01:11.369,0.98651,0.98655,3.82,1.58
2013.11.07 08:01:13.497,0.98652,0.98655,1.00,1.20
2013.11.07 08:01:14.388,0.98652,0.98657,1.65,1.58
2013.11.07 08:01:20.327,0.98654,0.98657,1.88,1.58
2013.11.07 08:01:20.866,0.98655,0.98657,1.10,1.00
2013.11.07 08:01:26.286,0.98654,0.98656,1.28,1.00
2013.11.07 08:01:27.678,0.98654,0.98657,1.28,1.50
2013.11.07 08:01:34.978,0.98655,0.98658,1.58,1.13
2013.11.07 08:01:35.097,0.98657,0.9866,1.50,3.15
2013.11.07 08:01:35.456,0.98664,0.98667,2.28,1.00
2013.11.07 08:01:37.626,0.98666,0.9867,1.00,1.65
2013.11.07 08:01:43.327,0.98666,0.98669,1.00,1.48
2013.11.07 08:01:44.286,0.98666,0.98669,1.00,1.48
2013.11.07 08:01:44.826,0.98665,0.98667,1.10,1.13
2013.11.07 08:01:48.196,0.98665,0.98668,1.20,1.00
2013.11.07 08:01:53.238,0.98667,0.9867,1.00,1.45
2013.11.07 08:01:53.356,0.98667,0.98671,1.20,1.48
2013.11.07 08:01:56.286,0.98665,0.98668,3.45,1.13
2013.11.07 08:01:56.466,0.98662,0.98667,2.78,1.48
2013.11.07 08:01:56.587,0.98662,0.98664,1.95,1.13
2013.11.07 08:01:56.826,0.9866,0.98663,1.20,1.38
2013.11.07 08:01:57.136,0.9866,0.98665,1.48,2.40
2013.11.07 08:01:58.447,0.98662,0.98665,1.13,1.65
2013.11.07 08:01:58.567,0.98663,0.98666,1.00,3.83
2013.11.07 08:01:58.687,0.98664,0.98666,1.38,1.58
2013.11.07 08:01:59.686,0.98664,0.98669,1.48,4.20
2013.11.07 08:02:00.187,0.98664,0.98669,1.48,2.03
2013.11.07 08:02:00.489,0.98665,0.9867,1.65,1.58
2013.11.07 08:02:37.348,0.98666,0.9867,3.45,1.13
2013.11.07 08:02:48.676,0.98666,0.9867,1.48,1.58
2013.11.07 08:03:09.165,0.98665,0.9867,1.95,2.03
2013.11.07 08:03:12.669,0.98665,0.9867,1.20,2.78
2013.11.07 08:03:12.966,0.98661,0.98666,7.13,1.45
2013.11.07 08:03:13.506,0.98662,0.98666,1.00,1.55
2013.11.07 08:03:18.349,0.98662,0.98666,1.50,1.18
2013.11.07 08:03:24.206,0.98662,0.98667,3.15,1.20
2013.11.07 08:03:36.697,0.98665,0.98667,1.10,1.13
2013.11.07 08:03:36.817,0.98666,0.98667,3.30,1.00
2013.11.07 08:03:36.877,0.98666,0.98669,4.20,1.00
2013.11.07 08:03:39.846,0.98666,0.9867,3.45,3.00
2013.11.07 08:03:44.007,0.98667,0.98672,3.15,1.58
2013.11.07 08:03:44.187,0.98668,0.98672,2.70,1.38
2013.11.07 08:03:47.206,0.98668,0.98672,2.70,1.13
2013.11.07 08:03:47.873,0.98667,0.98672,3.15,1.20
2013.11.07 08:03:50.776,0.9867,0.98673,1.00,2.03
2013.11.07 08:03:51.316,0.9867,0.98675,1.58,2.78
2013.11.07 08:03:52.178,0.9867,0.98675,1.58,2.78
2013.11.07 08:03:52.676,0.98669,0.98672,1.10,1.50
2013.11.07 08:03:52.856,0.98666,0.9867,2.78,1.00
2013.11.07 08:03:58.027,0.98665,0.98669,4.58,1.00
2013.11.07 08:04:04.720,0.98666,0.9867,1.55,3.00
2013.11.07 08:04:10.076,0.98666,0.9867,1.55,1.88
2013.11.07 08:04:10.626,0.98668,0.98671,1.28,1.88
2013.11.07 08:04:11.557,0.98668,0.98671,1.20,1.20
2013.11.07 08:04:22.237,0.98669,0.98673,1.00,4.58
2013.11.07 08:04:22.786,0.98669,0.98672,1.20,1.13
2013.11.07 08:04:25.077,0.98669,0.98672,1.00,3.45
2013.11.07 08:04:25.722,0.98667,0.98672,2.63,3.45
2013.11.07 08:04:27.137,0.98667,0.98672,2.70,1.20
2013.11.07 08:04:28.877,0.9867,0.98674,1.00,4.43
2013.11.07 08:04:39.017,0.98668,0.98671,1.50,1.00
2013.11.07 08:04:39.556,0.98668,0.98672,1.50,1.10
2013.11.07 08:04:39.857,0.9867,0.98674,1.38,3.00
2013.11.07 08:04:41.096,0.9867,0.98674,1.00,3.08
2013.11.07 08:04:44.216,0.9867,0.98674,1.88,3.00
2013.11.07 08:05:00.596,0.98671,0.98674,1.00,2.70
2013.11.07 08:05:01.137,0.98671,0.98674,1.38,2.25
2013.11.07 08:05:02.117,0.98671,0.98675,1.38,1.65
2013.11.07 08:05:02.804,0.98671,0.98675,1.50,1.28
2013.11.07 08:05:07.597,0.9867,0.98675,3.08,2.40
2013.11.07 08:05:09.828,0.98671,0.98675,1.38,1.28
2013.11.07 08:05:10.186,0.98673,0.98677,1.13,2.03
2013.11.07 08:05:10.800,0.98673,0.98677,1.38,1.28
2013.11.07 08:05:12.489,0.98673,0.98678,1.00,5.70
2013.11.07 08:05:13.046,0.98672,0.98676,1.50,2.70
2013.11.07 08:05:14.366,0.98672,0.98676,1.10,1.48
2013.11.07 08:05:15.906,0.98672,0.98677,1.58,2.78
2013.11.07 08:05:17.136,0.98672,0.98677,1.58,2.03
2013.11.07 08:05:17.703,0.98672,0.98677,1.58,2.03
2013.11.07 08:05:30.198,0.98673,0.98678,1.00,5.70
2013.11.07 08:05:31.526,0.98673,0.98678,1.13,4.95
2013.11.07 08:05:38.996,0.98673,0.98678,3.30,2.40
2013.11.07 08:05:39.297,0.98674,0.98678,2.25,1.00
2013.11.07 08:05:39.987,0.98674,0.98679,3.00,1.20
2013.11.07 08:05:41.226,0.98674,0.98679,3.00,1.10
2013.11.07 08:05:43.936,0.98675,0.98679,1.10,1.95
2013.11.07 08:05:44.317,0.98673,0.98678,5.18,2.33
2013.11.07 08:05:44.379,0.98673,0.98678,1.58,2.78
2013.11.07 08:05:44.916,0.98672,0.98677,4.65,1.95
2013.11.07 08:05:45.836,0.98672,0.98677,5.03,1.95
2013.11.07 08:05:47.477,0.98672,0.98677,4.95,2.03
2013.11.07 08:05:47.837,0.98672,0.98673,1.88,1.13
2013.11.07 08:05:47.957,0.9867,0.98674,1.00,3.53
2013.11.07 08:05:48.496,0.98668,0.98672,1.65,1.13
2013.11.07 08:05:56.797,0.98668,0.98672,1.58,1.20
2013.11.07 08:05:57.978,0.98667,0.98672,3.08,3.90
2013.11.07 08:05:58.160,0.98667,0.9867,1.13,1.65
2013.11.07 08:05:58.401,0.98665,0.98668,1.20,1.00
2013.11.07 08:05:59.667,0.98665,0.98669,2.70,1.48
2013.11.07 08:06:00.172,0.98665,0.9867,2.70,3.90
2013.11.07 08:06:04.367,0.98666,0.98668,1.00,1.00
2013.11.07 08:06:04.907,0.98665,0.98669,1.95,1.20
2013.11.07 08:06:05.726,0.98665,0.98669,1.95,1.48
2013.11.07 08:06:06.466,0.98665,0.98669,1.95,1.20
2013.11.07 08:06:07.006,0.98665,0.98669,4.58,1.00
2013.11.07 08:06:13.946,0.98666,0.9867,1.55,1.50
2013.11.07 08:06:19.077,0.98665,0.98669,3.45,1.00
2013.11.07 08:06:24.747,0.98665,0.98669,3.08,1.50
2013.11.07 08:06:24.929,0.98663,0.98666,5.33,1.00
2013.11.07 08:06:25.467,0.98663,0.98667,4.58,1.13
2013.11.07 08:06:30.158,0.98666,0.9867,1.38,2.40
2013.11.07 08:06:34.198,0.98667,0.9867,1.38,1.65
2013.11.07 08:06:34.387,0.98668,0.98672,1.48,1.20
2013.11.07 08:06:35.406,0.98668,0.98672,2.70,1.10
2013.11.07 08:06:35.949,0.9867,0.98673,1.10,1.13
2013.11.07 08:06:37.157,0.98669,0.98672,3.00,1.00
2013.11.07 08:06:37.647,0.98668,0.98671,1.95,1.13
2013.11.07 08:06:47.347,0.98668,0.98673,8.10,1.58
2013.11.07 08:06:47.708,0.9867,0.98674,1.48,1.20
2013.11.07 08:06:48.899,0.9867,0.98675,1.20,2.40
2013.11.07 08:06:49.436,0.98669,0.98674,3.75,1.20
2013.11.07 08:06:52.799,0.9867,0.98673,1.10,1.13
2013.11.07 08:06:52.979,0.98669,0.98671,1.00,1.00
2013.11.07 08:06:55.898,0.98668,0.98672,1.48,1.95
2013.11.07 08:06:56.415,0.98668,0.98671,1.48,1.00
2013.11.07 08:06:58.746,0.98668,0.98672,1.48,1.95
2013.11.07 08:06:59.111,0.98668,0.98672,1.38,4.20
2013.11.07 08:06:59.658,0.98668,0.98672,1.38,3.75
2013.11.07 08:07:00.727,0.98668,0.98671,1.00,1.18
2013.11.07 08:07:00.907,0.98666,0.9867,2.85,3.08
2013.11.07 08:07:00.968,0.98666,0.9867,2.48,4.58
2013.11.07 08:07:21.157,0.98666,0.9867,1.50,2.40
2013.11.07 08:07:24.456,0.98667,0.9867,2.25,1.20
2013.11.07 08:07:24.637,0.9867,0.98674,1.13,6.53
2013.11.07 08:07:25.116,0.98668,0.98671,1.10,1.85
2013.11.07 08:07:25.657,0.98666,0.98671,2.03,2.33
2013.11.07 08:07:43.667,0.98668,0.98672,1.75,1.28
2013.11.07 08:07:43.971,0.98671,0.98675,3.08,1.50
2013.11.07 08:07:44.516,0.98671,0.98675,5.33,1.13
2013.11.07 08:07:51.047,0.98673,0.98677,2.33,2.70
2013.11.07 08:07:51.408,0.98674,0.98678,1.55,2.25
2013.11.07 08:07:52.667,0.98674,0.98676,1.55,1.00
2013.11.07 08:07:53.209,0.98674,0.98677,1.55,1.00
2013.11.07 08:07:55.017,0.98675,0.98678,2.63,1.00
2013.11.07 08:08:00.308,0.98675,0.98679,4.20,1.38
2013.11.07 08:08:00.367,0.98676,0.98681,1.55,1.95
2013.11.07 08:08:00.909,0.98676,0.98681,5.25,1.10
2013.11.07 08:08:09.328,0.98677,0.98682,5.33,2.70
2013.11.07 08:08:09.459,0.98678,0.98682,2.55,2.25
2013.11.07 08:08:09.641,0.98681,0.98684,1.13,6.45
2013.11.07 08:08:09.827,0.9868,0.98683,1.95,1.13
2013.11.07 08:08:10.008,0.9868,0.98683,1.58,1.88
2013.11.07 08:08:10.488,0.98679,0.98683,2.03,1.50
2013.11.07 08:08:10.917,0.98677,0.98682,4.28,1.48
2013.11.07 08:08:11.477,0.98677,0.98683,5.03,3.15
2013.11.07 08:08:12.197,0.98677,0.98682,2.70,1.28
2013.11.07 08:08:12.617,0.98677,0.98681,1.38,3.45
2013.11.07 08:08:13.157,0.98677,0.9868,1.13,2.70
2013.11.07 08:08:26.737,0.98675,0.98679,2.25,1.28
2013.11.07 08:08:27.097,0.98673,0.98677,1.38,2.25
2013.11.07 08:08:27.157,0.98675,0.98678,1.00,3.08
2013.11.07 08:08:27.702,0.98675,0.98679,1.88,1.28
2013.11.07 08:08:36.097,0.98676,0.9868,1.50,3.83
2013.11.07 08:08:36.747,0.98676,0.9868,1.50,3.08
2013.11.07 08:08:40.637,0.98677,0.9868,1.00,3.83
2013.11.07 08:08:42.350,0.98677,0.9868,1.13,2.33
2013.11.07 08:08:43.117,0.98677,0.9868,1.00,1.58
2013.11.07 08:08:43.637,0.98676,0.9868,1.10,1.58
2013.11.07 08:08:45.107,0.98677,0.9868,1.95,1.13
2013.11.07 08:08:45.347,0.9868,0.98683,1.10,1.20
2013.11.07 08:08:46.757,0.98678,0.98682,4.58,1.00
2013.11.07 08:08:47.961,0.98677,0.98682,2.78,1.10
2013.11.07 08:08:51.322,0.9868,0.98683,1.50,1.58
2013.11.07 08:08:51.387,0.98679,0.98683,1.38,1.28
2013.11.07 08:08:51.567,0.98682,0.98684,1.00,2.25
2013.11.07 08:08:51.807,0.9868,0.98684,3.23,2.70
2013.11.07 08:08:51.942,0.98678,0.98682,4.73,2.33
2013.11.07 08:08:52.187,0.98678,0.98681,1.00,2.33
2013.11.07 08:08:52.726,0.98677,0.98681,3.00,2.25
2013.11.07 08:08:53.260,0.98678,0.98681,1.00,2.70
2013.11.07 08:08:54.667,0.98676,0.98679,5.10,2.33
2013.11.07 08:08:55.207,0.98676,0.98678,1.88,4.36
2013.11.07 08:08:57.278,0.98675,0.98678,1.38,4.35
2013.11.07 08:08:58.447,0.98675,0.98678,1.00,3.08
2013.11.07 08:08:58.967,0.98675,0.98678,1.38,3.00
2013.11.07 08:08:59.526,0.98673,0.98677,1.50,3.08
2013.11.07 08:09:26.497,0.98673,0.98677,2.25,3.45
2013.11.07 08:09:27.507,0.98674,0.98677,1.00,3.45
2013.11.07 08:09:27.808,0.9867,0.98674,1.50,1.55
2013.11.07 08:09:27.868,0.9867,0.98675,3.23,4.20
2013.11.07 08:09:27.927,0.98671,0.98673,1.50,1.20
2013.11.07 08:09:28.047,0.98668,0.98673,4.50,5.33
2013.11.07 08:09:28.470,0.98666,0.9867,3.23,2.70
2013.11.07 08:09:28.827,0.98668,0.9867,4.88,2.18
2013.11.07 08:09:28.887,0.98668,0.98673,3.00,3.45
2013.11.07 08:09:29.437,0.9867,0.98673,1.00,3.45
2013.11.07 08:09:32.177,0.9867,0.98674,1.00,3.45
2013.11.07 08:09:32.537,0.98673,0.98677,1.50,4.20
2013.11.07 08:09:33.699,0.98673,0.98677,1.20,1.95
2013.11.07 08:09:36.677,0.98673,0.98678,1.95,2.40
2013.11.07 08:09:38.547,0.98673,0.98677,1.88,3.45
2013.11.07 08:09:38.727,0.98672,0.98675,1.50,1.10
2013.11.07 08:09:39.087,0.98673,0.98677,1.48,1.20
2013.11.07 08:09:44.431,0.98672,0.98676,1.88,1.28
2013.11.07 08:09:44.850,0.98671,0.98676,2.70,3.45
2013.11.07 08:09:45.032,0.9867,0.98674,1.00,1.55
2013.11.07 08:09:45.101,0.98669,0.98674,2.70,1.55
2013.11.07 08:09:45.638,0.98667,0.98672,1.95,1.55
2013.11.07 08:09:46.177,0.98669,0.98671,1.00,1.58
2013.11.07 08:09:48.986,0.98667,0.98672,2.33,2.78
2013.11.07 08:09:58.089,0.9867,0.98672,1.00,1.20
2013.11.07 08:09:58.209,0.98671,0.98675,1.00,4.39
2013.11.07 08:09:58.707,0.9867,0.98675,4.50,1.95
2013.11.07 08:09:59.247,0.98671,0.98675,1.20,4.50
2013.11.07 08:09:59.787,0.9867,0.98675,1.13,4.95
2013.11.07 08:10:05.620,0.98671,0.98675,1.00,4.20
2013.11.07 08:10:06.158,0.98672,0.98675,1.00,3.83
2013.11.07 08:10:15.677,0.98672,0.98675,1.50,1.20
2013.11.07 08:10:18.630,0.98671,0.98676,2.70,2.03
2013.11.07 08:10:19.168,0.98669,0.98674,3.83,3.75
2013.11.07 08:10:19.287,0.98669,0.98672,1.20,1.50
2013.11.07 08:10:19.829,0.98667,0.98671,4.95,1.00
2013.11.07 08:10:19.949,0.9867,0.98674,3.68,1.00
2013.11.07 08:10:20.067,0.98673,0.98676,2.55,1.08
2013.11.07 08:10:20.127,0.98673,0.98677,2.93,3.75
2013.11.07 08:10:20.367,0.98668,0.98674,4.43,2.70
2013.11.07 08:10:20.427,0.98668,0.98672,3.45,1.00
2013.11.07 08:10:20.667,0.98667,0.98672,3.53,1.58
2013.11.07 08:10:22.217,0.98667,0.98671,2.40,1.00
2013.11.07 08:10:25.169,0.98667,0.98669,2.03,1.00
2013.11.07 08:10:25.528,0.98664,0.98667,2.03,1.13
2013.11.07 08:10:25.828,0.98664,0.98667,2.03,1.13
2013.11.07 08:10:28.478,0.98663,0.98668,3.83,2.25
2013.11.07 08:10:29.789,0.98663,0.98666,4.95,1.00
2013.11.07 08:10:30.338,0.98663,0.98669,4.95,2.33
2013.11.07 08:10:30.697,0.98665,0.98669,1.48,2.70
2013.11.07 08:10:31.237,0.98666,0.98669,1.55,1.00
2013.11.07 08:10:31.559,0.98668,0.98672,5.55,2.25
2013.11.07 08:10:31.868,0.98672,0.98675,1.48,1.00
2013.11.07 08:10:32.419,0.9867,0.98674,1.48,1.20
2013.11.07 08:10:32.928,0.9867,0.98674,1.20,1.20
2013.11.07 08:10:40.608,0.98668,0.98672,3.08,1.00
2013.11.07 08:10:41.087,0.9867,0.98673,4.50,1.10
2013.11.07 08:10:41.627,0.98672,0.98675,1.00,1.50
2013.11.07 08:10:41.747,0.98673,0.98677,1.00,2.03
2013.11.07 08:10:43.182,0.98672,0.98677,2.33,2.03
2013.11.07 08:10:46.177,0.98673,0.98677,1.00,2.03
2013.11.07 08:10:46.727,0.98672,0.98677,1.10,2.03
2013.11.07 08:10:47.587,0.98671,0.98677,4.13,2.03
2013.11.07 08:10:54.647,0.98672,0.98676,1.58,1.10
2013.11.07 08:10:54.948,0.98675,0.98679,1.48,2.70
2013.11.07 08:10:55.607,0.98676,0.98679,1.00,1.20
2013.11.07 08:10:56.168,0.98674,0.98677,1.93,1.00
2013.11.07 08:10:56.809,0.98675,0.98679,1.48,2.70
2013.11.07 08:10:57.109,0.98674,0.98678,2.03,1.50
2013.11.07 08:10:57.168,0.98674,0.98676,1.65,1.00
2013.11.07 08:10:57.289,0.98674,0.98678,2.03,2.25
2013.11.07 08:10:57.348,0.98674,0.98678,2.03,2.25
2013.11.07 08:10:57.768,0.98675,0.98678,1.48,1.00
2013.11.07 08:10:57.929,0.98675,0.98677,1.10,1.00
2013.11.07 08:10:59.056,0.98674,0.98676,1.58,1.00
2013.11.07 08:10:59.607,0.98674,0.98678,1.28,1.00
2013.11.07 08:11:00.157,0.98674,0.98678,1.28,3.00
2013.11.07 08:11:00.698,0.98671,0.98676,4.58,3.38
2013.11.07 08:11:00.758,0.98671,0.98675,2.70,1.00
2013.11.07 08:11:00.817,0.98672,0.98675,1.18,1.13
2013.11.07 08:11:00.937,0.9867,0.98676,2.40,2.03
2013.11.07 08:11:01.477,0.98671,0.98677,6.30,1.95
2013.11.07 08:11:08.317,0.98672,0.98677,4.50,1.48
2013.11.07 08:11:13.291,0.98671,0.98676,2.93,2.03
2013.11.07 08:11:13.657,0.98672,0.98676,1.00,1.55
2013.11.07 08:11:13.717,0.98672,0.98676,3.00,1.48
2013.11.07 08:11:14.258,0.98674,0.98678,2.72,1.50
2013.11.07 08:11:14.437,0.98673,0.98676,3.08,1.13
2013.11.07 08:11:14.977,0.98675,0.98679,1.10,1.95
2013.11.07 08:11:16.280,0.98674,0.98679,1.55,1.95
2013.11.07 08:11:16.848,0.98674,0.98679,1.88,1.95
2013.11.07 08:11:17.421,0.98674,0.98678,1.88,1.00
2013.11.07 08:11:17.958,0.98674,0.98679,1.88,1.95
2013.11.07 08:11:21.954,0.98674,0.98679,1.50,1.58
2013.11.07 08:11:22.137,0.98679,0.98682,1.00,1.88
2013.11.07 08:11:22.678,0.98679,0.98684,3.83,2.63
2013.11.07 08:11:24.057,0.98679,0.98684,3.45,1.88
2013.11.07 08:11:24.598,0.98679,0.98684,7.58,1.50
2013.11.07 08:11:25.927,0.9868,0.98684,1.18,1.88
2013.11.07 08:11:26.487,0.9868,0.98684,1.13,2.03
2013.11.07 08:11:26.727,0.98677,0.98683,4.05,3.45
2013.11.07 08:11:26.799,0.98677,0.9868,2.55,1.13
2013.11.07 08:11:26.865,0.98676,0.9868,4.43,2.25
2013.11.07 08:11:27.417,0.98676,0.98679,1.88,1.95
2013.11.07 08:11:27.927,0.98674,0.98679,2.03,1.95
2013.11.07 08:11:28.607,0.98675,0.98679,1.10,1.95
2013.11.07 08:11:28.917,0.98677,0.98679,1.68,1.10
2013.11.07 08:11:28.977,0.98676,0.9868,5.18,1.88
2013.11.07 08:11:29.157,0.98677,0.98681,1.13,1.55
2013.11.07 08:11:29.338,0.98676,0.9868,1.48,1.58
2013.11.07 08:11:29.638,0.98678,0.98682,1.65,1.73
2013.11.07 08:11:29.698,0.98678,0.98682,3.38,1.50
2013.11.07 08:11:29.878,0.9868,0.98684,2.33,1.95
2013.11.07 08:11:30.237,0.98677,0.98681,1.65,1.38
2013.11.07 08:11:30.297,0.98678,0.98681,1.10,1.88
2013.11.07 08:11:30.847,0.98678,0.98681,1.20,1.88
2013.11.07 08:11:33.408,0.98677,0.98681,1.65,1.50
2013.11.07 08:11:33.887,0.9868,0.98684,4.65,1.88
2013.11.07 08:11:34.082,0.98682,0.98684,1.00,1.13
2013.11.07 08:11:34.208,0.98682,0.98685,1.00,1.58
2013.11.07 08:11:34.507,0.98682,0.98687,1.00,3.45
2013.11.07 08:11:35.048,0.98682,0.98686,1.00,2.03
2013.11.07 08:11:35.587,0.98679,0.98683,5.78,1.10
2013.11.07 08:11:36.127,0.9868,0.98684,1.00,1.55
2013.11.07 08:11:36.487,0.98678,0.98684,3.15,2.40
2013.11.07 08:11:38.568,0.98677,0.98682,2.78,2.33
2013.11.07 08:11:39.107,0.98677,0.98681,1.95,1.95
2013.11.07 08:11:39.568,0.98677,0.98681,2.93,1.48
2013.11.07 08:11:39.928,0.9868,0.98684,3.45,1.13
2013.11.07 08:11:40.467,0.9868,0.98685,3.45,2.25
2013.11.07 08:11:41.010,0.98683,0.98685,1.00,1.00
2013.11.07 08:11:41.129,0.98682,0.98687,1.20,2.03
2013.11.07 08:11:41.248,0.98683,0.98687,1.00,2.40
2013.11.07 08:11:41.431,0.98683,0.98687,1.50,2.03
2013.11.07 08:11:42.119,0.98683,0.98687,1.00,2.40
2013.11.07 08:12:00.138,0.98682,0.98686,1.38,1.20
2013.11.07 08:12:01.508,0.98682,0.98685,1.38,1.10
2013.11.07 08:12:07.048,0.98681,0.98685,2.93,1.10
2013.11.07 08:12:10.197,0.98682,0.98685,1.00,1.48
2013.11.07 08:12:10.378,0.98678,0.98683,1.75,4.73
2013.11.07 08:12:10.437,0.98677,0.98681,3.23,1.38
2013.11.07 08:12:10.497,0.98677,0.9868,1.13,2.70
2013.11.07 08:12:10.857,0.98675,0.98678,1.50,1.00
2013.11.07 08:12:11.321,0.98674,0.98676,6.00,1.48
2013.11.07 08:12:11.857,0.98674,0.98676,6.00,1.20
2013.11.07 08:12:12.514,0.98673,0.98676,1.00,1.20
2013.11.07 08:12:19.057,0.98674,0.98678,4.00,2.93
2013.11.07 08:12:19.117,0.98676,0.98681,7.51,2.25
2013.11.07 08:12:19.177,0.98678,0.9868,1.65,1.00
2013.11.07 08:12:19.357,0.98678,0.98681,1.20,1.88
2013.11.07 08:12:19.598,0.98676,0.9868,3.38,1.50
2013.11.07 08:12:19.718,0.98676,0.9868,1.10,2.33
2013.11.07 08:12:20.708,0.98677,0.98679,1.00,1.00
2013.11.07 08:12:21.247,0.98677,0.98681,1.00,1.55
2013.11.07 08:12:21.798,0.98677,0.98681,1.38,1.28
2013.11.07 08:12:23.118,0.98677,0.98681,1.13,1.55
2013.11.07 08:12:27.737,0.98679,0.98681,1.00,1.55
2013.11.07 08:12:28.360,0.98683,0.98686,1.88,1.00
2013.11.07 08:12:28.437,0.98686,0.98689,1.00,1.00
2013.11.07 08:12:28.574,0.98688,0.98691,2.70,1.13
2013.11.07 08:12:28.878,0.98691,0.98694,3.08,1.50
2013.11.07 08:12:29.124,0.9869,0.98694,1.65,1.50
2013.11.07 08:12:29.489,0.9869,0.98692,1.20,1.88
2013.11.07 08:12:29.910,0.98687,0.98691,3.45,1.38
2013.11.07 08:12:30.458,0.98684,0.98688,1.00,1.55
2013.11.07 08:12:30.997,0.98684,0.98688,1.38,1.55
2013.11.07 08:12:33.837,0.98684,0.98688,1.00,1.55
2013.11.07 08:12:35.613,0.98683,0.98688,2.93,1.55
2013.11.07 08:12:36.157,0.98682,0.98687,1.28,2.33
2013.11.07 08:12:36.787,0.98681,0.98686,4.05,1.75
2013.11.07 08:12:36.847,0.9868,0.98684,2.03,1.00
2013.11.07 08:12:36.907,0.9868,0.98684,2.03,1.38
2013.11.07 08:12:37.087,0.98676,0.98679,1.73,1.10
2013.11.07 08:12:37.627,0.98676,0.98678,1.00,1.13
2013.11.07 08:12:39.284,0.98674,0.98678,1.55,1.13
2013.11.07 08:12:41.027,0.98674,0.98678,1.28,1.38
2013.11.07 08:12:42.878,0.98673,0.98677,2.70,1.50
2013.11.07 08:12:53.658,0.98674,0.98678,2.40,1.38
2013.11.07 08:12:53.717,0.98676,0.9868,1.30,3.08
2013.11.07 08:12:53.897,0.9868,0.98682,1.20,1.10
2013.11.07 08:12:54.017,0.98681,0.98684,1.58,1.13
2013.11.07 08:12:54.797,0.98682,0.98685,1.58,1.88
2013.11.07 08:12:55.098,0.98684,0.98686,1.88,1.13
2013.11.07 08:12:56.987,0.98684,0.98687,1.88,1.18
2013.11.07 08:13:01.187,0.98684,0.98687,1.20,1.50
2013.11.07 08:13:02.823,0.98685,0.98687,1.50,1.50
2013.11.07 08:13:03.948,0.98685,0.98688,1.88,1.10
2013.11.07 08:13:04.307,0.98689,0.98691,1.58,1.13
2013.11.07 08:13:04.851,0.98689,0.98694,1.00,2.40
2013.11.07 08:13:05.267,0.98689,0.98694,6.38,1.38
2013.11.07 08:13:06.157,0.98689,0.98694,1.10,2.33
2013.11.07 08:13:08.307,0.98689,0.98693,1.18,1.50
2013.11.07 08:13:08.548,0.98687,0.9869,2.63,1.00
2013.11.07 08:13:09.096,0.98685,0.98689,1.10,2.33
2013.11.07 08:13:10.780,0.98684,0.98687,1.13,1.20
2013.11.07 08:13:21.288,0.98683,0.98687,1.58,1.48
2013.11.07 08:13:22.618,0.98685,0.98688,1.00,2.03
2013.11.07 08:13:22.977,0.98689,0.98691,1.28,1.13
2013.11.07 08:13:23.338,0.98688,0.98691,4.43,1.13
2013.11.07 08:13:23.408,0.98688,0.98691,4.80,1.88
2013.11.07 08:13:23.647,0.98688,0.98691,2.33,1.50
2013.11.07 08:13:23.887,0.98687,0.98691,3.41,1.88
2013.11.07 08:13:23.948,0.98687,0.98691,2.96,1.88
2013.11.07 08:13:24.488,0.98685,0.98689,5.72,1.00
2013.11.07 08:13:24.547,0.98685,0.98689,3.69,1.88
2013.11.07 08:13:24.608,0.98685,0.98691,6.20,3.00
2013.11.07 08:13:24.668,0.98686,0.98691,4.68,1.65
2013.11.07 08:13:25.319,0.98686,0.9869,2.33,1.13
2013.11.07 08:13:26.147,0.98686,0.9869,2.33,1.50
2013.11.07 08:13:29.037,0.98686,0.98691,2.63,1.88
2013.11.07 08:13:41.193,0.98686,0.98691,3.00,1.38
2013.11.07 08:13:41.257,0.98688,0.98692,1.48,2.93
2013.11.07 08:13:41.378,0.9869,0.98693,1.65,1.38
2013.11.07 08:13:41.437,0.9869,0.98693,2.40,1.13
2013.11.07 08:13:41.992,0.98692,0.98694,2.13,1.00
2013.11.07 08:13:42.797,0.98692,0.98694,1.13,1.00
2013.11.07 08:13:43.537,0.98692,0.98697,3.63,1.58
2013.11.07 08:13:44.087,0.98692,0.98697,3.73,1.50
2013.11.07 08:13:44.328,0.98696,0.98699,3.38,4.28
2013.11.07 08:13:44.687,0.98698,0.98701,4.05,1.95
2013.11.07 08:13:44.867,0.98699,0.98702,4.18,1.50
2013.11.07 08:13:45.287,0.98699,0.98704,3.45,4.43
2013.11.07 08:13:45.407,0.987,0.98702,1.50,1.50
2013.11.07 08:13:45.947,0.987,0.98703,1.28,1.88
2013.11.07 08:13:46.607,0.987,0.98702,1.20,1.88
2013.11.07 08:13:47.148,0.987,0.98702,1.00,2.25
2013.11.07 08:13:47.328,0.98698,0.98701,1.00,1.55
2013.11.07 08:13:47.807,0.98697,0.98701,1.00,2.78
2013.11.07 08:13:48.329,0.98696,0.98701,1.20,2.78
2013.11.07 08:13:48.927,0.98696,0.98701,2.20,2.78
2013.11.07 08:13:49.467,0.98696,0.98701,2.49,2.78
2013.11.07 08:13:50.251,0.98695,0.98699,1.43,1.13
2013.11.07 08:13:50.379,0.98692,0.98695,3.17,2.70
2013.11.07 08:13:50.619,0.98688,0.98691,1.29,3.45
2013.11.07 08:13:50.678,0.98687,0.98689,1.00,1.20
2013.11.07 08:13:50.737,0.98685,0.98689,1.20,1.20
2013.11.07 08:13:52.017,0.98685,0.9869,2.33,1.18
2013.11.07 08:13:52.481,0.98689,0.98691,1.00,3.00
2013.11.07 08:13:52.555,0.98691,0.98697,4.88,2.03
2013.11.07 08:13:56.497,0.98694,0.98697,1.10,1.00
2013.11.07 08:14:03.737,0.98694,0.98697,3.75,1.00
2013.11.07 08:14:04.280,0.98696,0.98699,4.05,1.13
2013.11.07 08:14:04.344,0.98697,0.987,3.60,1.48
2013.11.07 08:14:04.411,0.98697,0.98702,8.11,1.38
2013.11.07 08:14:04.478,0.98697,0.98701,8.48,1.00
2013.11.07 08:14:05.019,0.98699,0.98702,4.10,1.00
2013.11.07 08:14:07.947,0.987,0.98701,1.10,1.13
2013.11.07 08:14:09.387,0.98697,0.98701,1.65,1.50
2013.11.07 08:14:09.507,0.98697,0.98701,1.50,4.58
2013.11.07 08:14:09.808,0.98696,0.98699,8.42,1.58
2013.11.07 08:14:10.877,0.98696,0.98699,1.95,2.70
2013.11.07 08:14:11.417,0.98692,0.98696,1.65,1.13
2013.11.07 08:14:11.897,0.98692,0.98696,1.65,1.13
2013.11.07 08:14:13.559,0.98692,0.98695,1.65,1.00
2013.11.07 08:14:14.108,0.98692,0.98696,1.65,1.00
2013.11.07 08:14:18.378,0.98692,0.98695,1.65,1.13
2013.11.07 08:14:18.499,0.98691,0.98694,1.00,1.48
2013.11.07 08:14:18.678,0.98689,0.9869,1.13,1.13
2013.11.07 08:14:18.737,0.98687,0.9869,1.13,1.20
2013.11.07 08:14:18.858,0.98686,0.9869,1.13,4.20
2013.11.07 08:14:20.347,0.98687,0.9869,3.25,3.38
2013.11.07 08:14:20.648,0.98688,0.98693,11.10,2.14
2013.11.07 08:14:20.708,0.98688,0.98692,7.73,2.55
2013.11.07 08:14:20.827,0.98688,0.98694,4.81,1.58
2013.11.07 08:14:21.007,0.98688,0.98694,1.20,2.03
2013.11.07 08:14:21.308,0.98687,0.9869,4.35,1.00
2013.11.07 08:14:21.701,0.98688,0.98694,3.15,1.55
2013.11.07 08:14:21.817,0.98688,0.98693,3.76,1.10
2013.11.07 08:14:22.677,0.98688,0.98693,8.11,1.00
2013.11.07 08:14:23.187,0.98689,0.98694,1.95,1.88
2013.11.07 08:14:23.489,0.98686,0.9869,1.10,1.85
2013.11.07 08:14:24.277,0.98686,0.9869,1.13,1.85
2013.11.07 08:14:24.839,0.98684,0.9869,4.95,1.85
2013.11.07 08:14:25.398,0.98686,0.9869,1.20,1.85
2013.11.07 08:14:25.578,0.98684,0.98689,7.95,1.13
2013.11.07 08:14:25.698,0.98686,0.98689,2.55,1.50
2013.11.07 08:14:25.817,0.98689,0.98692,1.13,2.63
2013.11.07 08:14:25.951,0.98689,0.98694,1.13,4.20
2013.11.07 08:14:26.021,0.98691,0.98694,2.26,2.25
2013.11.07 08:14:26.079,0.98691,0.98695,2.26,3.53
2013.11.07 08:14:26.559,0.9869,0.98694,1.48,1.48
2013.11.07 08:14:26.681,0.98687,0.98692,2.03,1.48
2013.11.07 08:14:27.217,0.98687,0.98693,3.28,1.55
2013.11.07 08:14:30.233,0.98687,0.98692,1.88,1.48
2013.11.07 08:14:30.387,0.98686,0.9869,6.23,1.38
2013.11.07 08:14:30.567,0.98684,0.98688,1.58,1.20
2013.11.07 08:14:31.117,0.98683,0.98687,4.13,1.00
2013.11.07 08:14:33.287,0.98683,0.98688,3.38,1.58
2013.11.07 08:14:33.792,0.98684,0.98687,1.10,1.13
2013.11.07 08:14:34.267,0.98682,0.98687,1.10,1.93
2013.11.07 08:14:35.977,0.98682,0.98687,2.70,1.18
2013.11.07 08:14:36.277,0.98682,0.98686,1.58,1.10
2013.11.07 08:14:42.072,0.98682,0.98688,1.48,4.95
2013.11.07 08:14:44.969,0.98682,0.98687,1.48,1.65
2013.11.07 08:14:45.327,0.98677,0.98681,2.40,1.38
2013.11.07 08:14:45.629,0.98677,0.9868,1.95,1.50
2013.11.07 08:14:46.048,0.98676,0.98679,1.50,1.58
2013.11.07 08:14:46.348,0.98678,0.98681,2.80,3.68
2013.11.07 08:14:46.468,0.98681,0.98685,1.95,3.45
2013.11.07 08:14:46.528,0.98682,0.98687,1.13,8.55
2013.11.07 08:14:46.588,0.98683,0.98687,1.43,5.33
2013.11.07 08:14:46.707,0.98683,0.98688,1.05,1.18
2013.11.07 08:14:46.888,0.98686,0.9869,2.33,1.38
2013.11.07 08:14:46.949,0.98685,0.9869,2.70,1.83
2013.11.07 08:14:47.008,0.98683,0.9869,3.68,1.93
2013.11.07 08:14:47.250,0.98683,0.98688,3.68,1.38
2013.11.07 08:14:47.848,0.98683,0.98689,5.93,1.48
2013.11.07 08:14:48.271,0.98683,0.98689,5.18,1.20
2013.11.07 08:14:48.329,0.98685,0.98689,1.20,1.20
2013.11.07 08:14:48.877,0.98686,0.98689,1.08,1.13
2013.11.07 08:14:52.918,0.98685,0.98688,3.45,1.13
2013.11.07 08:14:53.038,0.98682,0.98686,1.00,1.55
2013.11.07 08:14:53.098,0.9868,0.98686,2.40,1.55
2013.11.07 08:14:53.338,0.98679,0.98682,1.20,1.88
2013.11.07 08:14:53.458,0.98676,0.9868,1.55,1.75
2013.11.07 08:14:53.818,0.98676,0.98679,1.00,2.33
2013.11.07 08:14:53.998,0.98673,0.98677,1.95,2.33
2013.11.07 08:14:54.118,0.98673,0.98678,5.33,1.00
2013.11.07 08:14:54.418,0.98674,0.98679,1.28,1.20
2013.11.07 08:14:56.557,0.98677,0.9868,1.75,1.10
2013.11.07 08:14:56.618,0.98679,0.98683,1.13,2.33
2013.11.07 08:14:56.741,0.9868,0.98684,3.83,1.88
2013.11.07 08:14:57.288,0.98682,0.98687,2.70,1.65
2013.11.07 08:14:57.348,0.98682,0.98687,2.78,3.08
2013.11.07 08:14:57.648,0.98684,0.9869,4.20,1.85
2013.11.07 08:15:00.399,0.98686,0.98688,1.10,1.13
2013.11.07 08:15:00.579,0.98687,0.98692,1.38,6.08
2013.11.07 08:15:01.118,0.98688,0.98691,1.10,1.13
2013.11.07 08:15:04.436,0.98687,0.98691,1.18,1.38
2013.11.07 08:15:04.951,0.98687,0.98691,1.00,1.55
2013.11.07 08:15:06.448,0.98685,0.9869,1.65,1.58
2013.11.07 08:15:07.228,0.98684,0.98688,3.08,1.50
2013.11.07 08:15:07.767,0.98682,0.98688,4.20,2.33
2013.11.07 08:15:08.098,0.98686,0.9869,3.30,1.13
2013.11.07 08:15:08.278,0.98684,0.98691,3.45,2.40
2013.11.07 08:15:09.357,0.98684,0.98688,3.45,1.00
2013.11.07 08:15:09.718,0.98687,0.98692,1.75,3.00
2013.11.07 08:15:10.077,0.98684,0.98689,1.13,3.45
2013.11.07 08:15:12.088,0.98683,0.98686,2.25,2.18
2013.11.07 08:15:12.148,0.98683,0.98685,1.50,2.03
2013.11.07 08:15:12.208,0.98681,0.98684,1.00,6.00
2013.11.07 08:15:12.687,0.98678,0.98682,4.95,6.78
2013.11.07 08:15:13.578,0.98678,0.98681,5.50,1.00
2013.11.07 08:15:14.581,0.9868,0.98682,1.13,1.10
2013.11.07 08:15:14.759,0.98681,0.98684,1.00,1.58
2013.11.07 08:15:14.882,0.98682,0.98685,1.65,5.63
2013.11.07 08:15:15.009,0.98682,0.98687,3.15,2.70
2013.11.07 08:15:15.437,0.98684,0.98687,1.75,2.33
2013.11.07 08:15:17.178,0.98686,0.98688,2.25,5.25
2013.11.07 08:15:17.237,0.98688,0.98691,2.13,2.55
2013.11.07 08:15:17.417,0.98686,0.9869,3.08,1.38
2013.11.07 08:15:17.477,0.98686,0.9869,1.10,1.48
2013.11.07 08:15:19.425,0.98685,0.98687,1.20,6.75
2013.11.07 08:15:19.548,0.98685,0.98689,1.65,1.13
2013.11.07 08:15:24.790,0.98684,0.98689,3.08,1.50
2013.11.07 08:15:25.032,0.98686,0.98689,1.20,1.50
2013.11.07 08:15:26.247,0.98686,0.98688,1.10,1.13
2013.11.07 08:15:31.517,0.98685,0.98688,1.18,1.50
2013.11.07 08:15:32.657,0.98685,0.98688,1.18,1.50
2013.11.07 08:15:33.177,0.98685,0.98688,1.00,1.58
2013.11.07 08:15:33.888,0.98686,0.9869,2.88,6.00
2013.11.07 08:15:33.948,0.98687,0.98691,2.13,1.00
2013.11.07 08:15:34.129,0.98686,0.98691,1.58,2.03
2013.11.07 08:15:34.697,0.98685,0.98689,1.00,1.55
2013.11.07 08:15:38.838,0.98685,0.98688,1.00,1.58
2013.11.07 08:15:39.377,0.98685,0.98688,1.00,1.58
2013.11.07 08:15:46.743,0.98683,0.98687,2.63,1.38
2013.11.07 08:15:46.988,0.98681,0.98686,2.16,1.20
2013.11.07 08:15:47.048,0.9868,0.98685,3.92,1.50
2013.11.07 08:15:47.407,0.98682,0.98687,3.08,1.50
2013.11.07 08:15:47.587,0.98682,0.98687,4.20,1.00
2013.11.07 08:15:48.357,0.98683,0.98688,1.28,3.45
2013.11.07 08:15:52.308,0.98682,0.98687,3.08,1.88
2013.11.07 08:15:52.618,0.98681,0.98683,2.25,1.13
2013.11.07 08:15:52.738,0.9868,0.98683,1.18,1.13
2013.11.07 08:15:54.187,0.98681,0.98685,2.33,1.58
2013.11.07 08:15:54.368,0.98682,0.98685,3.08,1.00
2013.11.07 08:15:54.428,0.98682,0.98687,4.58,1.50
2013.11.07 08:15:54.727,0.98682,0.98687,3.08,2.25
2013.11.07 08:15:54.787,0.98682,0.98686,1.10,1.48
2013.11.07 08:15:55.027,0.9868,0.98686,5.25,5.70
2013.11.07 08:15:55.148,0.98679,0.98682,3.00,1.50
2013.11.07 08:15:55.269,0.98679,0.98681,1.10,1.38
2013.11.07 08:15:55.388,0.98677,0.9868,2.70,1.13
2013.11.07 08:16:04.294,0.98678,0.9868,1.00,1.00
2013.11.07 08:16:04.598,0.98683,0.98687,3.83,3.98
2013.11.07 08:16:04.718,0.98684,0.98689,1.55,1.20
2013.11.07 08:16:04.843,0.98683,0.98687,1.10,1.58
2013.11.07 08:16:05.268,0.9868,0.98684,2.70,1.48
2013.11.07 08:16:05.329,0.98679,0.98684,2.03,1.48
2013.11.07 08:16:05.934,0.98679,0.98683,2.03,1.00
2013.11.07 08:16:07.078,0.98679,0.98683,1.18,1.38
2013.11.07 08:16:07.140,0.98678,0.98682,3.08,1.00
2013.11.07 08:16:07.558,0.98676,0.9868,3.04,1.38
2013.11.07 08:16:09.831,0.98676,0.9868,2.70,1.13
2013.11.07 08:16:14.108,0.98678,0.98682,1.10,1.20
2013.11.07 08:16:17.758,0.98678,0.98682,1.20,3.45
2013.11.07 08:16:24.437,0.98676,0.9868,2.55,2.48
2013.11.07 08:16:24.992,0.98674,0.98678,3.08,1.13
2013.11.07 08:16:31.537,0.98675,0.9868,1.95,2.03
2013.11.07 08:16:32.798,0.98677,0.9868,1.38,1.00
2013.11.07 08:16:32.858,0.98679,0.98681,1.88,1.58
2013.11.07 08:16:32.918,0.98679,0.98682,5.70,1.00
2013.11.07 08:16:33.098,0.98682,0.98685,2.40,1.00
2013.11.07 08:16:36.028,0.98682,0.98685,2.25,1.10
2013.11.07 08:16:36.208,0.98681,0.98685,1.00,5.25
2013.11.07 08:16:36.567,0.98677,0.98682,3.45,2.63
2013.11.07 08:16:39.128,0.98677,0.98681,3.45,1.00
2013.11.07 08:16:40.389,0.98677,0.9868,3.45,1.50
2013.11.07 08:16:40.628,0.98675,0.9868,4.20,2.63
2013.11.07 08:16:43.209,0.98675,0.9868,1.95,2.78
2013.11.07 08:17:02.902,0.98677,0.9868,2.40,1.00
2013.11.07 08:17:02.970,0.98678,0.98682,2.33,1.10
2013.11.07 08:17:03.029,0.9868,0.98685,4.20,1.88
2013.11.07 08:17:03.088,0.98682,0.98685,1.20,1.88
2013.11.07 08:17:03.269,0.98683,0.98687,1.88,5.40
2013.11.07 08:17:03.389,0.9868,0.98685,2.33,1.65
2013.11.07 08:17:03.747,0.98678,0.98681,1.48,1.00
2013.11.07 08:17:05.371,0.98678,0.98682,1.48,1.58
2013.11.07 08:17:05.919,0.9868,0.98683,1.65,1.13
2013.11.07 08:17:07.688,0.98682,0.98685,1.50,2.33
2013.11.07 08:17:08.228,0.98683,0.98687,1.13,3.83
2013.11.07 08:17:09.969,0.98681,0.98687,5.55,2.70
2013.11.07 08:17:12.942,0.98683,0.98689,3.08,4.20
2013.11.07 08:17:15.878,0.98685,0.98689,1.00,3.83
2013.11.07 08:17:22.979,0.98685,0.98689,1.50,3.83
2013.11.07 08:17:23.519,0.98684,0.98689,3.00,3.08
2013.11.07 08:17:26.209,0.98684,0.98687,3.15,1.00
2013.11.07 08:17:36.165,0.98686,0.98689,2.18,1.00
2013.11.07 08:17:36.233,0.98689,0.98691,1.10,1.38
2013.11.07 08:17:36.359,0.98689,0.98693,4.21,1.88
2013.11.07 08:17:36.658,0.98688,0.98693,2.55,2.78
2013.11.07 08:17:37.689,0.98686,0.9869,3.45,1.38
2013.11.07 08:17:37.809,0.98688,0.98692,3.76,2.48
2013.11.07 08:17:39.258,0.98687,0.98692,1.65,1.85
2013.11.07 08:17:39.797,0.98689,0.98693,1.00,3.53
2013.11.07 08:17:40.960,0.98689,0.98693,1.58,1.58
2013.11.07 08:17:41.078,0.9869,0.98695,4.13,1.10
2013.11.07 08:17:41.202,0.98692,0.98695,1.10,1.00
2013.11.07 08:17:41.747,0.98692,0.98698,2.70,5.70
2013.11.07 08:17:45.458,0.98692,0.98698,4.21,4.20
2013.11.07 08:17:47.109,0.98693,0.98696,1.88,1.10
2013.11.07 08:17:53.318,0.98692,0.98697,2.33,1.93
2013.11.07 08:17:53.678,0.9869,0.98694,1.20,1.58
2013.11.07 08:17:53.980,0.9869,0.98694,5.33,1.00
2013.11.07 08:17:57.129,0.98691,0.98695,2.03,2.48
2013.11.07 08:17:57.668,0.98691,0.98695,2.03,1.00
2013.11.07 08:18:01.758,0.98691,0.98695,1.18,1.88
2013.11.07 08:18:03.169,0.98691,0.98695,1.55,1.50
2013.11.07 08:18:04.728,0.98691,0.98697,2.33,1.65
2013.11.07 08:18:13.088,0.98692,0.98696,1.00,3.00
2013.11.07 08:18:13.628,0.98691,0.98695,2.33,1.50
2013.11.07 08:18:18.699,0.98692,0.98697,4.95,1.38
2013.11.07 08:18:20.228,0.98692,0.98696,5.70,1.00
2013.11.07 08:18:30.379,0.98693,0.98698,1.13,6.45
2013.11.07 08:18:30.801,0.98691,0.98694,1.95,1.05
2013.11.07 08:18:31.339,0.98691,0.98694,1.38,2.55
2013.11.07 08:18:35.567,0.98691,0.98694,1.13,1.95
2013.11.07 08:18:38.961,0.9869,0.98694,1.58,1.95
2013.11.07 08:18:39.858,0.98691,0.98694,1.00,1.95
2013.11.07 08:18:40.460,0.9869,0.98694,1.58,1.95
2013.11.07 08:18:41.338,0.98691,0.98694,1.00,1.95
2013.11.07 08:18:41.877,0.98691,0.98694,1.65,1.00
2013.11.07 08:18:45.363,0.98691,0.98695,1.65,1.88
2013.11.07 08:18:45.489,0.98691,0.98695,2.40,1.00
2013.11.07 08:18:48.070,0.98693,0.98695,1.00,1.00
2013.11.07 08:18:48.838,0.98692,0.98697,3.45,2.40
2013.11.07 08:18:49.397,0.98692,0.98697,3.70,2.40
2013.11.07 08:18:49.922,0.98692,0.98697,1.95,2.40
2013.11.07 08:18:51.238,0.98693,0.98697,1.00,1.93
2013.11.07 08:18:51.958,0.98692,0.98697,1.10,1.93
2013.11.07 08:18:52.019,0.98691,0.98693,1.20,1.00
2013.11.07 08:18:52.558,0.98691,0.98693,1.00,1.20
2013.11.07 08:18:52.798,0.98686,0.98692,3.83,2.80
2013.11.07 08:18:52.978,0.98686,0.9869,1.13,1.65
2013.11.07 08:18:53.539,0.98685,0.9869,2.70,1.28
2013.11.07 08:18:53.658,0.98686,0.9869,1.58,1.48
2013.11.07 08:18:53.898,0.98685,0.9869,5.33,1.00
2013.11.07 08:18:54.028,0.98685,0.98691,4.95,3.83
2013.11.07 08:18:55.658,0.98685,0.9869,1.58,1.65
2013.11.07 08:19:04.238,0.98685,0.98689,1.58,1.10
2013.11.07 08:19:05.568,0.98685,0.9869,3.83,1.50
2013.11.07 08:19:06.360,0.98685,0.9869,2.33,1.08
2013.11.07 08:19:06.897,0.98685,0.9869,2.25,1.65
2013.11.07 08:19:07.248,0.98685,0.9869,2.25,1.28
2013.11.07 08:19:08.792,0.98687,0.98691,1.38,3.45
2013.11.07 08:19:09.098,0.9869,0.98695,3.00,2.70
2013.11.07 08:19:09.399,0.98688,0.98692,2.40,1.38
2013.11.07 08:19:09.818,0.98687,0.9869,2.25,1.10
2013.11.07 08:19:12.839,0.98687,0.98691,1.50,1.55
2013.11.07 08:19:12.898,0.98686,0.98689,1.20,3.38
2013.11.07 08:19:13.258,0.98686,0.98689,1.48,1.00
2013.11.07 08:19:14.768,0.98685,0.9869,2.03,1.20
2013.11.07 08:19:17.574,0.98685,0.9869,1.65,1.58
2013.11.07 08:19:18.232,0.98685,0.9869,1.65,1.58
2013.11.07 08:19:18.798,0.98685,0.98689,1.65,1.00
2013.11.07 08:19:23.128,0.98685,0.98689,1.65,1.13
2013.11.07 08:19:24.958,0.98685,0.98689,1.65,1.38
2013.11.07 08:19:26.378,0.98685,0.98689,1.65,1.13
2013.11.07 08:19:28.858,0.98685,0.9869,1.00,4.95
2013.11.07 08:19:35.638,0.98685,0.9869,1.00,5.70
2013.11.07 08:19:36.178,0.98685,0.98688,1.50,1.10
2013.11.07 08:19:36.548,0.98685,0.98688,1.13,1.58
2013.11.07 08:19:37.208,0.98684,0.98688,1.13,3.83
2013.11.07 08:19:37.568,0.9868,0.98684,1.13,2.18
2013.11.07 08:19:37.688,0.98679,0.98682,3.00,1.00
2013.11.07 08:19:38.048,0.98677,0.9868,1.13,3.83
2013.11.07 08:19:38.836,0.98679,0.98681,1.00,1.00
2013.11.07 08:19:38.912,0.98682,0.98685,2.25,2.70
2013.11.07 08:19:39.090,0.98682,0.98687,2.25,4.20
2013.11.07 08:19:41.302,0.98682,0.98687,2.40,1.20
2013.11.07 08:19:41.838,0.98682,0.98688,4.28,3.15
2013.11.07 08:19:42.378,0.98683,0.98688,3.08,3.00
2013.11.07 08:19:51.218,0.98685,0.98689,3.08,1.00
2013.11.07 08:19:51.757,0.98685,0.9869,3.08,3.00
2013.11.07 08:19:56.280,0.98685,0.98689,3.08,1.00
2013.11.07 08:20:08.458,0.98685,0.9869,3.08,3.00
2013.11.07 08:20:13.508,0.98685,0.98689,3.08,1.00
2013.11.07 08:20:18.378,0.98685,0.98689,1.10,1.48
2013.11.07 08:20:18.803,0.98683,0.98687,1.88,8.03
2013.11.07 08:20:19.108,0.98681,0.98682,1.50,1.95
2013.11.07 08:20:19.919,0.98678,0.98682,1.88,2.78
2013.11.07 08:20:23.158,0.98676,0.98682,4.13,2.78
2013.11.07 08:20:27.148,0.98677,0.98681,1.95,1.48
2013.11.07 08:20:28.767,0.98677,0.98681,1.95,1.20
2013.11.07 08:20:39.160,0.98678,0.98682,1.20,1.95
2013.11.07 08:20:44.389,0.98678,0.98682,2.93,2.70
2013.11.07 08:20:44.691,0.98675,0.98681,2.40,6.53
2013.11.07 08:20:45.588,0.98675,0.9868,1.93,1.00
2013.11.07 08:20:47.248,0.98675,0.98679,1.55,1.00
2013.11.07 08:20:49.338,0.98676,0.98679,1.48,1.00
2013.11.07 08:20:49.878,0.98675,0.9868,2.40,1.50
2013.11.07 08:20:51.245,0.98675,0.98682,1.28,2.18
2013.11.07 08:20:51.610,0.9868,0.98684,7.81,1.38
2013.11.07 08:20:51.669,0.98682,0.98687,4.28,6.30
2013.11.07 08:20:51.969,0.98682,0.98688,6.15,2.03
2013.11.07 08:20:58.471,0.98685,0.9869,1.65,1.95
2013.11.07 08:21:01.128,0.98684,0.98689,4.20,1.13
2013.11.07 08:21:01.669,0.98684,0.98688,4.20,1.00
2013.11.07 08:21:01.809,0.98684,0.9869,4.20,2.70
2013.11.07 08:21:02.349,0.98684,0.98689,3.45,1.00
2013.11.07 08:21:02.953,0.98684,0.9869,4.20,3.08
2013.11.07 08:21:10.701,0.98685,0.9869,3.38,2.33
2013.11.07 08:21:11.998,0.98684,0.9869,6.68,1.95
2013.11.07 08:21:12.479,0.98685,0.98688,1.10,1.10
2013.11.07 08:21:12.778,0.98684,0.9869,5.70,1.95
2013.11.07 08:21:16.419,0.98684,0.98689,5.33,1.00
2013.11.07 08:21:16.959,0.98685,0.9869,1.65,1.58
2013.11.07 08:21:20.228,0.98684,0.98689,6.08,1.00
2013.11.07 08:21:22.200,0.98685,0.9869,2.40,1.10
2013.11.07 08:21:22.470,0.98687,0.98691,1.50,1.65
2013.11.07 08:21:28.109,0.98689,0.98692,4.88,2.55
2013.11.07 08:21:28.169,0.98689,0.98694,11.26,1.00
2013.11.07 08:21:28.588,0.98691,0.98697,7.43,3.08
2013.11.07 08:21:29.139,0.98692,0.98697,6.83,1.50
2013.11.07 08:21:29.378,0.98692,0.98697,6.83,1.50
2013.11.07 08:21:32.778,0.98693,0.98698,2.33,4.50
2013.11.07 08:21:34.222,0.98693,0.98698,2.63,4.58
2013.11.07 08:21:37.825,0.98693,0.98698,2.25,4.58
2013.11.07 08:21:40.390,0.98693,0.98698,2.63,4.58
2013.11.07 08:21:41.566,0.98693,0.98698,2.25,4.58
2013.11.07 08:21:57.788,0.98693,0.98696,1.48,1.00
2013.11.07 08:22:00.869,0.98691,0.98694,2.25,1.48
2013.11.07 08:22:00.989,0.98689,0.98692,1.13,1.13
2013.11.07 08:22:01.109,0.98687,0.98691,1.50,4.16
2013.11.07 08:22:01.648,0.98686,0.98687,1.00,1.00
2013.11.07 08:22:02.169,0.98686,0.9869,1.38,3.45
2013.11.07 08:22:03.529,0.98686,0.9869,1.38,3.45
2013.11.07 08:22:04.554,0.98686,0.9869,1.48,1.20
2013.11.07 08:22:14.319,0.98685,0.98689,1.55,1.00
2013.11.07 08:22:14.859,0.98685,0.9869,1.28,1.95
2013.11.07 08:22:15.388,0.98685,0.98689,1.55,1.00
2013.11.07 08:22:18.678,0.98685,0.9869,1.55,1.95
2013.11.07 08:22:20.113,0.98688,0.9869,1.50,1.95
2013.11.07 08:22:20.184,0.98689,0.98694,3.76,1.50
2013.11.07 08:22:20.309,0.98691,0.98697,7.80,3.83
2013.11.07 08:22:20.729,0.9869,0.98695,2.78,1.58
2013.11.07 08:22:21.290,0.9869,0.98694,1.13,1.55
2013.11.07 08:22:25.575,0.98688,0.98693,1.93,1.48
2013.11.07 08:22:26.118,0.98688,0.98692,1.18,1.13
2013.11.07 08:22:26.678,0.98688,0.98692,1.65,1.00
2013.11.07 08:22:27.190,0.9869,0.98693,1.00,1.20
2013.11.07 08:22:33.168,0.98688,0.98694,3.15,1.55
2013.11.07 08:22:35.113,0.98691,0.98694,1.38,1.18
2013.11.07 08:22:35.426,0.98691,0.98697,6.46,1.95
2013.11.07 08:22:36.509,0.98692,0.98697,2.40,1.48
2013.11.07 08:22:37.898,0.98695,0.98699,3.38,3.90
2013.11.07 08:22:37.958,0.98696,0.98703,11.50,1.10
2013.11.07 08:22:38.018,0.98698,0.98702,2.58,1.38
2013.11.07 08:22:38.319,0.98697,0.98701,2.33,1.00
2013.11.07 08:22:38.499,0.98695,0.987,1.65,1.95
2013.11.07 08:22:38.918,0.98697,0.987,1.38,1.20
2013.11.07 08:22:39.398,0.987,0.98703,1.00,1.20
2013.11.07 08:22:39.699,0.98697,0.98701,5.63,1.65
2013.11.07 08:22:39.819,0.98697,0.987,1.00,1.95
2013.11.07 08:22:39.998,0.98695,0.987,1.65,1.95
2013.11.07 08:22:40.539,0.98695,0.98699,1.00,1.65
2013.11.07 08:22:41.459,0.98693,0.98699,3.15,1.93
2013.11.07 08:22:45.498,0.98693,0.98698,1.55,1.58
2013.11.07 08:22:45.859,0.98695,0.98698,6.90,1.13
2013.11.07 08:22:46.099,0.98695,0.98698,1.58,1.10
2013.11.07 08:22:46.638,0.98695,0.98699,1.13,1.65
2013.11.07 08:22:47.158,0.98695,0.98699,1.50,1.65
2013.11.07 08:22:56.298,0.98693,0.98698,2.78,1.58
2013.11.07 08:23:01.448,0.98692,0.98697,5.70,1.38
2013.11.07 08:23:06.168,0.98692,0.98698,4.28,3.15
2013.11.07 08:23:16.118,0.98692,0.98698,3.53,3.16
2013.11.07 08:23:17.179,0.98692,0.98697,4.28,1.48
2013.11.07 08:23:24.330,0.98693,0.98696,1.00,2.63
2013.11.07 08:23:24.689,0.98686,0.9869,1.58,1.10
2013.11.07 08:23:24.809,0.98686,0.9869,1.10,1.10
2013.11.07 08:23:25.351,0.98685,0.98689,1.65,1.00
2013.11.07 08:23:28.671,0.98685,0.98689,1.65,1.38
2013.11.07 08:23:29.219,0.98685,0.98689,1.65,1.00
2013.11.07 08:23:29.341,0.98685,0.98687,1.18,1.00
2013.11.07 08:23:31.779,0.98685,0.98687,1.10,1.00
2013.11.07 08:23:32.078,0.98685,0.98688,1.18,1.88
2013.11.07 08:23:35.143,0.98684,0.98688,3.08,1.50
2013.11.07 08:23:37.800,0.98685,0.98689,1.65,1.00
2013.11.07 08:23:52.679,0.98684,0.98688,2.40,1.00
2013.11.07 08:23:53.216,0.98684,0.98689,3.15,1.10
2013.11.07 08:24:05.918,0.98685,0.98689,1.58,1.20
2013.11.07 08:24:07.489,0.98685,0.9869,1.58,2.40
2013.11.07 08:24:28.339,0.98688,0.98691,1.00,4.20
2013.11.07 08:24:28.400,0.9869,0.98693,3.38,1.13
2013.11.07 08:24:28.519,0.98692,0.98695,3.63,1.00
2013.11.07 08:24:28.639,0.98692,0.98698,5.23,2.33
2013.11.07 08:24:28.759,0.98692,0.98698,5.23,1.20
2013.11.07 08:24:29.409,0.98692,0.98698,6.46,1.58
2013.11.07 08:24:29.781,0.98696,0.98699,2.85,1.58
2013.11.07 08:24:29.899,0.98698,0.98703,2.81,2.78
2013.11.07 08:24:30.079,0.987,0.98706,3.90,1.65
2013.11.07 08:24:30.619,0.987,0.98703,5.63,1.00
2013.11.07 08:24:31.169,0.98701,0.98706,3.45,1.55
2013.11.07 08:24:31.979,0.987,0.98702,1.10,1.00
2013.11.07 08:24:32.099,0.98698,0.98701,1.88,1.10
2013.11.07 08:24:32.159,0.98698,0.98701,1.88,1.10
2013.11.07 08:24:32.399,0.98698,0.987,1.50,1.00
2013.11.07 08:24:32.639,0.98697,0.987,1.00,2.78
2013.11.07 08:24:36.759,0.98695,0.987,1.10,3.53
2013.11.07 08:24:36.879,0.98695,0.987,3.08,3.45
2013.11.07 08:24:37.380,0.98695,0.987,5.26,3.00
2013.11.07 08:24:41.740,0.98699,0.98702,2.40,1.50
2013.11.07 08:24:44.729,0.98699,0.98701,1.95,2.25
2013.11.07 08:24:44.849,0.98697,0.987,3.75,1.13
2013.11.07 08:24:45.148,0.98695,0.987,3.08,1.88
2013.11.07 08:24:45.698,0.98695,0.987,2.63,1.88
2013.11.07 08:24:51.408,0.98698,0.98701,1.13,2.33
2013.11.07 08:24:51.899,0.98698,0.98701,1.20,1.88
2013.11.07 08:24:52.139,0.98694,0.987,3.90,2.03
2013.11.07 08:24:55.259,0.98695,0.987,3.83,1.65
2013.11.07 08:24:55.319,0.98697,0.98701,4.23,3.30
2013.11.07 08:24:55.379,0.98698,0.98703,6.83,1.55
2013.11.07 08:24:55.439,0.98699,0.98704,5.26,1.20
2013.11.07 08:24:55.619,0.98701,0.98705,2.78,1.50
2013.11.07 08:24:55.799,0.98701,0.98705,6.38,1.00
2013.11.07 08:24:55.919,0.98701,0.98706,3.75,1.85
2013.11.07 08:24:56.943,0.98702,0.98706,1.20,1.85
2013.11.07 08:24:57.678,0.98701,0.98704,3.15,1.00
2013.11.07 08:24:58.768,0.987,0.98706,6.30,2.33
2013.11.07 08:24:59.308,0.98702,0.98706,1.20,2.33
2013.11.07 08:25:01.899,0.98701,0.98703,1.50,1.65
2013.11.07 08:25:02.199,0.98696,0.987,6.38,2.03
2013.11.07 08:25:02.759,0.98696,0.98699,1.00,1.95
2013.11.07 08:25:03.618,0.98696,0.98699,1.18,1.50
2013.11.07 08:25:08.922,0.98693,0.98699,3.38,2.03
2013.11.07 08:25:15.831,0.98693,0.98699,3.38,1.65
2013.11.07 08:25:29.098,0.98694,0.98699,1.93,1.58
2013.11.07 08:25:30.260,0.98696,0.98699,4.50,1.10
2013.11.07 08:25:30.379,0.98697,0.98702,6.35,1.50
2013.11.07 08:25:30.738,0.98699,0.98703,4.21,1.50
2013.11.07 08:25:31.302,0.98699,0.98705,6.08,1.95
2013.11.07 08:25:31.849,0.98701,0.98705,2.20,1.58
2013.11.07 08:25:32.368,0.98701,0.98705,2.20,2.70
2013.11.07 08:25:33.078,0.98702,0.98704,1.00,1.00
2013.11.07 08:25:33.618,0.98703,0.98706,1.10,1.75
2013.11.07 08:25:35.330,0.98701,0.98705,3.68,1.13
2013.11.07 08:25:36.699,0.98701,0.98705,2.43,1.58
2013.11.07 08:25:38.829,0.98702,0.98706,1.00,1.93
2013.11.07 08:25:39.396,0.98702,0.98705,1.00,1.10
2013.11.07 08:25:50.886,0.98702,0.98707,1.50,4.58
2013.11.07 08:25:51.522,0.98702,0.98705,1.00,1.58
2013.11.07 08:25:52.260,0.98702,0.98705,1.00,1.58
2013.11.07 08:25:54.584,0.98702,0.98705,1.00,1.58
2013.11.07 08:25:55.139,0.98702,0.98705,1.00,1.58
2013.11.07 08:25:56.589,0.98702,0.98705,3.60,1.00
2013.11.07 08:25:57.009,0.98703,0.98707,2.66,1.00
2013.11.07 08:25:57.550,0.98704,0.98709,5.63,1.00
2013.11.07 08:25:58.438,0.98704,0.98707,1.10,1.00
2013.11.07 08:26:00.678,0.98705,0.98709,1.38,3.00
2013.11.07 08:26:00.801,0.98707,0.98712,4.83,1.18
2013.11.07 08:26:01.219,0.98707,0.98711,1.55,1.13
2013.11.07 08:26:01.399,0.98707,0.98711,1.10,2.70
2013.11.07 08:26:01.958,0.98705,0.98709,3.15,1.38
2013.11.07 08:26:03.899,0.98705,0.98709,1.55,1.38
2013.11.07 08:26:04.019,0.98705,0.98711,5.66,1.55
2013.11.07 08:26:04.139,0.98707,0.98712,4.51,2.93
2013.11.07 08:26:04.499,0.98706,0.98709,3.83,1.00
2013.11.07 08:26:05.039,0.98704,0.98709,5.33,1.38
2013.11.07 08:26:05.399,0.98708,0.98711,2.50,1.10
2013.11.07 08:26:05.819,0.98711,0.98716,1.13,1.38
2013.11.07 08:26:06.359,0.98711,0.98716,1.38,3.45
2013.11.07 08:26:07.459,0.98712,0.98716,1.00,4.58
2013.11.07 08:26:08.649,0.98712,0.98716,1.50,4.58
2013.11.07 08:26:08.959,0.98713,0.98719,3.38,4.92
2013.11.07 08:26:09.140,0.98718,0.98721,1.58,1.50
2013.11.07 08:26:09.200,0.98717,0.98721,3.30,1.08
2013.11.07 08:26:09.259,0.98717,0.98721,1.00,1.18
2013.11.07 08:26:09.319,0.98714,0.9872,1.48,3.08
2013.11.07 08:26:09.680,0.9871,0.98713,1.13,2.55
2013.11.07 08:26:10.039,0.98707,0.98711,2.33,1.55
2013.11.07 08:26:10.578,0.98706,0.98711,1.50,3.45
2013.11.07 08:26:10.879,0.98709,0.98713,1.75,3.68
2013.11.07 08:26:11.189,0.98711,0.98715,2.25,1.55
2013.11.07 08:26:11.732,0.98713,0.98716,3.00,4.58
2013.11.07 08:26:11.799,0.98713,0.98717,3.08,1.48
2013.11.07 08:26:11.919,0.98715,0.98717,1.00,1.20
2013.11.07 08:26:13.119,0.98714,0.98717,1.13,2.63
2013.11.07 08:26:13.529,0.98715,0.98718,1.50,3.30
2013.11.07 08:26:13.589,0.98717,0.9872,1.50,2.03
2013.11.07 08:26:13.949,0.98714,0.98719,3.15,1.80
2013.11.07 08:26:14.199,0.98716,0.98719,1.00,1.80
2013.11.07 08:26:14.499,0.98719,0.9872,1.00,1.00
2013.11.07 08:26:14.619,0.98716,0.98721,1.58,3.38
2013.11.07 08:26:15.120,0.98716,0.98721,1.00,5.55
2013.11.07 08:26:15.678,0.98714,0.98719,2.40,1.48
2013.11.07 08:26:27.889,0.98714,0.98718,2.63,2.70
2013.11.07 08:26:29.738,0.98714,0.98719,2.70,1.55
2013.11.07 08:26:36.758,0.98714,0.98718,2.63,3.45
2013.11.07 08:26:36.998,0.98713,0.98718,1.13,5.70
2013.11.07 08:26:37.539,0.98713,0.98717,1.00,2.03
2013.11.07 08:26:41.968,0.98714,0.98717,1.38,1.28
2013.11.07 08:26:44.142,0.98715,0.98719,3.75,2.93
2013.11.07 08:26:44.379,0.98718,0.9872,1.13,1.28
2013.11.07 08:26:44.439,0.98717,0.98719,1.38,2.18
2013.11.07 08:26:44.560,0.98714,0.98719,2.63,3.45
2013.11.07 08:26:57.071,0.98716,0.98718,1.00,2.03
2013.11.07 08:27:03.341,0.98714,0.98719,1.38,3.45
2013.11.07 08:27:03.399,0.98716,0.98722,3.38,2.48
2013.11.07 08:27:03.579,0.9872,0.98724,1.00,4.47
2013.11.07 08:27:03.639,0.98721,0.98724,1.10,1.38
2013.11.07 08:27:03.699,0.98721,0.98723,1.10,1.00
2013.11.07 08:27:04.619,0.98719,0.98722,2.18,1.13
2013.11.07 08:27:04.739,0.98718,0.98722,1.18,4.13
2013.11.07 08:27:04.859,0.98715,0.98721,4.80,1.58
2013.11.07 08:27:05.399,0.98715,0.98719,4.50,1.38
2013.11.07 08:27:06.919,0.98717,0.98722,1.85,2.03
2013.11.07 08:27:06.979,0.98717,0.98721,1.93,1.20
2013.11.07 08:27:09.559,0.9872,0.98722,1.00,1.13
2013.11.07 08:27:09.919,0.98721,0.98723,1.10,1.10
2013.11.07 08:27:10.588,0.98721,0.98723,1.55,1.00
2013.11.07 08:27:11.189,0.9872,0.98725,3.83,2.63
2013.11.07 08:27:11.729,0.98723,0.98727,1.13,2.78
2013.11.07 08:27:13.490,0.98724,0.98726,1.00,2.63
2013.11.07 08:27:13.970,0.98724,0.98729,2.70,2.40
2013.11.07 08:27:14.149,0.98728,0.98729,1.13,1.13
2013.11.07 08:27:14.931,0.98728,0.98733,1.50,3.83
2013.11.07 08:27:15.229,0.98729,0.98733,2.33,1.88
2013.11.07 08:27:15.289,0.98731,0.98733,1.00,1.00
2013.11.07 08:27:15.711,0.98733,0.9874,1.50,4.20
2013.11.07 08:27:16.559,0.98732,0.98737,1.50,8.70
2013.11.07 08:27:17.049,0.98732,0.98736,1.13,1.55
2013.11.07 08:27:17.865,0.98732,0.98737,1.13,3.45
2013.11.07 08:27:18.409,0.98732,0.98736,1.00,5.33
2013.11.07 08:27:18.768,0.9873,0.98735,3.08,2.25
2013.11.07 08:27:19.129,0.9873,0.98733,3.08,1.50
2013.11.07 08:27:19.249,0.9873,0.98733,2.70,1.13
2013.11.07 08:27:19.549,0.98728,0.98733,5.33,1.50
2013.11.07 08:27:20.030,0.98732,0.98735,1.13,2.03
2013.11.07 08:27:20.929,0.98732,0.98737,1.95,3.45
2013.11.07 08:27:24.669,0.98731,0.98735,8.40,1.50
2013.11.07 08:27:24.969,0.98732,0.98736,1.38,4.50
2013.11.07 08:27:26.299,0.98732,0.98738,3.45,6.08
2013.11.07 08:27:28.281,0.98733,0.98738,3.00,3.83
2013.11.07 08:27:28.340,0.98736,0.98739,1.38,1.10
2013.11.07 08:27:28.699,0.98737,0.98741,1.58,1.10
2013.11.07 08:27:28.880,0.98737,0.98741,1.00,3.08
2013.11.07 08:27:29.122,0.98737,0.98741,1.88,2.70
2013.11.07 08:27:29.420,0.98736,0.98739,1.00,2.70
2013.11.07 08:27:29.959,0.98735,0.98738,1.00,2.33
2013.11.07 08:27:30.319,0.98732,0.98736,1.13,2.33
2013.11.07 08:27:31.340,0.98732,0.98737,3.45,1.28
2013.11.07 08:27:32.229,0.98734,0.98738,1.13,3.00
2013.11.07 08:27:32.929,0.98735,0.98738,2.25,2.18
2013.11.07 08:27:33.049,0.98736,0.98739,1.13,1.18
2013.11.07 08:27:33.229,0.98734,0.98739,2.33,1.28
2013.11.07 08:27:34.269,0.98734,0.9874,4.58,4.95
2013.11.07 08:27:34.389,0.98734,0.9874,4.20,4.95
2013.11.07 08:27:34.980,0.98734,0.9874,3.08,6.45
2013.11.07 08:27:39.759,0.98734,0.98739,5.33,1.50
2013.11.07 08:27:40.599,0.98735,0.9874,1.65,2.70
2013.11.07 08:27:40.719,0.98738,0.9874,1.13,1.50
2013.11.07 08:27:41.258,0.98738,0.98741,2.78,1.88
2013.11.07 08:27:41.681,0.98739,0.98743,3.45,1.95
2013.11.07 08:27:42.304,0.98739,0.98743,2.33,1.95
2013.11.07 08:27:43.660,0.98738,0.98743,2.78,1.95
2013.11.07 08:27:45.469,0.98738,0.98742,4.20,1.38
2013.11.07 08:27:45.998,0.98739,0.98742,1.18,1.13
2013.11.07 08:27:46.599,0.98739,0.98742,1.10,1.13
2013.11.07 08:27:47.139,0.98736,0.9874,2.78,1.00
2013.11.07 08:27:48.299,0.98736,0.9874,1.58,1.08
2013.11.07 08:27:48.479,0.98737,0.9874,1.00,1.28
2013.11.07 08:27:55.959,0.98735,0.98739,1.10,2.70
2013.11.07 08:28:00.499,0.98734,0.98739,6.53,2.70
2013.11.07 08:28:01.692,0.98732,0.98736,1.95,1.48
2013.11.07 08:28:03.456,0.98732,0.98736,1.10,1.95
2013.11.07 08:28:04.331,0.98731,0.98736,1.65,2.33
2013.11.07 08:28:04.570,0.98729,0.98734,7.95,2.78
2013.11.07 08:28:08.949,0.98729,0.98734,1.20,3.15
2013.11.07 08:28:09.459,0.98729,0.98734,1.58,3.15
2013.11.07 08:28:09.969,0.9873,0.98734,1.00,2.40
2013.11.07 08:28:10.499,0.9873,0.98734,1.13,2.40
2013.11.07 08:28:11.799,0.98729,0.98734,1.20,3.15
2013.11.07 08:28:12.649,0.98729,0.98734,4.20,1.88
2013.11.07 08:28:13.009,0.98729,0.98734,4.58,2.25
2013.11.07 08:28:13.548,0.98729,0.98734,4.58,1.88
2013.11.07 08:28:14.511,0.98729,0.98733,4.58,1.00
2013.11.07 08:28:16.929,0.98729,0.98733,4.58,1.38
2013.11.07 08:28:17.475,0.98729,0.98734,2.25,5.70
2013.11.07 08:28:17.600,0.98729,0.98734,2.40,1.95
2013.11.07 08:28:18.139,0.9873,0.98734,2.25,1.50
2013.11.07 08:28:18.379,0.9873,0.98734,2.70,1.50
2013.11.07 08:28:18.939,0.98729,0.98734,5.03,1.58
2013.11.07 08:28:24.269,0.9873,0.98734,3.83,1.00
2013.11.07 08:28:29.579,0.98729,0.98734,3.53,6.83
2013.11.07 08:28:29.699,0.98729,0.98734,2.78,1.95
2013.11.07 08:28:30.251,0.98729,0.98734,2.25,4.20
2013.11.07 08:28:32.869,0.98729,0.98734,1.88,4.95
2013.11.07 08:28:33.908,0.9873,0.98734,1.00,3.45
2013.11.07 08:28:34.449,0.98729,0.98734,3.38,7.95
2013.11.07 08:28:36.070,0.98729,0.98734,2.78,1.95
2013.11.07 08:28:37.529,0.98729,0.98734,3.15,1.95
2013.11.07 08:28:42.779,0.98729,0.98733,2.03,1.38
2013.11.07 08:28:43.347,0.98729,0.98733,1.88,3.38
2013.11.07 08:28:43.939,0.9873,0.98734,1.00,4.20
2013.11.07 08:28:46.899,0.98728,0.98731,1.10,3.25
2013.11.07 08:28:47.139,0.98727,0.98729,1.00,1.65
2013.11.07 08:28:47.679,0.98725,0.98729,1.58,1.58
2013.11.07 08:28:48.238,0.98725,0.98729,1.10,1.58
2013.11.07 08:28:54.928,0.98725,0.98729,3.08,1.50
2013.11.07 08:28:55.990,0.98727,0.9873,1.58,1.88
2013.11.07 08:28:56.349,0.98729,0.98733,1.50,4.80
2013.11.07 08:28:56.709,0.98729,0.98734,5.33,1.88
2013.11.07 08:28:58.259,0.98729,0.98733,3.45,1.85
2013.11.07 08:29:00.829,0.98729,0.98734,6.08,1.50
2013.11.07 08:29:02.342,0.98729,0.98731,4.50,1.50
2013.11.07 08:29:02.461,0.98726,0.98731,3.53,1.95
2013.11.07 08:29:02.699,0.98723,0.98727,3.08,1.50
2013.11.07 08:29:03.239,0.98726,0.98728,1.00,1.55
2013.11.07 08:29:06.163,0.98724,0.98729,1.13,6.08
2013.11.07 08:29:07.539,0.98724,0.98727,1.13,2.70
2013.11.07 08:29:08.309,0.98723,0.98727,1.13,3.83
2013.11.07 08:29:09.150,0.98722,0.98727,2.25,4.20
2013.11.07 08:29:09.509,0.9872,0.98725,2.55,3.75
2013.11.07 08:29:10.109,0.98722,0.98726,1.50,2.78
2013.11.07 08:29:10.651,0.98722,0.98726,1.65,1.13
2013.11.07 08:29:11.629,0.98722,0.98726,1.18,1.88
2013.11.07 08:29:12.431,0.98722,0.98726,1.10,4.88
2013.11.07 08:29:12.609,0.9872,0.98724,3.83,1.58
2013.11.07 08:29:12.789,0.98719,0.98724,3.15,1.95
2013.11.07 08:29:14.919,0.98719,0.98724,2.40,1.95
2013.11.07 08:29:16.440,0.9872,0.98724,1.10,1.58
2013.11.07 08:29:18.126,0.98719,0.98724,2.78,1.58
2013.11.07 08:29:22.259,0.9872,0.98724,1.10,1.95
2013.11.07 08:29:24.730,0.98721,0.98724,1.00,1.48
2013.11.07 08:29:25.269,0.9872,0.98724,1.10,1.48
2013.11.07 08:29:28.529,0.98719,0.98724,3.53,1.48
2013.11.07 08:29:29.580,0.98719,0.98724,2.40,2.33
2013.11.07 08:29:33.989,0.9872,0.98724,1.13,3.45
2013.11.07 08:29:34.109,0.9872,0.98724,1.13,4.58
2013.11.07 08:29:35.979,0.98719,0.98724,1.00,4.95
2013.11.07 08:29:36.959,0.98719,0.98724,1.88,3.45
2013.11.07 08:29:39.349,0.98719,0.98725,2.03,2.40
2013.11.07 08:29:39.949,0.98719,0.98725,1.18,2.40
2013.11.07 08:29:40.509,0.98719,0.98725,2.03,2.40
2013.11.07 08:29:42.889,0.98719,0.98724,2.78,1.20
2013.11.07 08:29:44.281,0.9872,0.98724,1.85,1.20
2013.11.07 08:29:44.812,0.9872,0.98725,1.58,2.40
2013.11.07 08:29:47.029,0.98719,0.98723,2.78,1.00
2013.11.07 08:29:51.604,0.98719,0.98722,2.40,1.00
2013.11.07 08:29:52.199,0.98719,0.98722,2.03,1.00
2013.11.07 08:29:53.489,0.98719,0.98723,2.78,1.00
2013.11.07 08:29:53.670,0.98721,0.98725,2.03,1.00
2013.11.07 08:29:54.210,0.98723,0.98726,1.55,1.50
2013.11.07 08:29:54.759,0.98723,0.98725,1.28,1.00
2013.11.07 08:29:55.319,0.98722,0.98725,1.58,1.00
2013.11.07 08:29:58.089,0.98721,0.98725,2.78,1.00
2013.11.07 08:29:58.632,0.98722,0.98728,3.08,6.08
2013.11.07 08:29:58.930,0.98723,0.98729,3.53,5.03
2013.11.07 08:29:59.419,0.98725,0.98726,1.00,1.00
2013.11.07 08:29:59.779,0.98725,0.98729,1.00,3.53
2013.11.07 08:30:05.809,0.98723,0.98726,1.65,1.00
2013.11.07 08:30:06.049,0.98725,0.98728,1.00,3.45
2013.11.07 08:30:13.090,0.98727,0.98729,1.88,1.10
2013.11.07 08:30:13.211,0.98728,0.98731,1.88,1.58
2013.11.07 08:30:13.331,0.98731,0.98734,1.10,1.88
2013.11.07 08:30:13.453,0.98731,0.98734,1.10,1.00
2013.11.07 08:30:13.572,0.98731,0.98734,3.00,1.00
2013.11.07 08:30:14.109,0.98731,0.98735,4.58,1.13
2013.11.07 08:30:15.299,0.98731,0.98734,4.58,1.00
2013.11.07 08:30:16.649,0.98731,0.98733,3.75,1.00
2013.11.07 08:30:18.309,0.98732,0.98734,1.18,1.00
2013.11.07 08:30:18.740,0.98733,0.98739,8.10,2.18
2013.11.07 08:30:18.861,0.98737,0.98743,7.50,1.18
2013.11.07 08:30:19.399,0.98738,0.98739,2.33,1.00
2013.11.07 08:30:19.520,0.98734,0.98738,1.58,1.10
2013.11.07 08:30:19.580,0.98733,0.98736,1.10,2.25
2013.11.07 08:30:19.700,0.98731,0.98734,5.25,1.10
2013.11.07 08:30:19.819,0.9873,0.98733,1.50,2.63
2013.11.07 08:30:20.559,0.98734,0.98736,1.58,1.35
2013.11.07 08:30:20.622,0.98738,0.98741,1.88,2.33
2013.11.07 08:30:20.681,0.98738,0.98743,2.70,1.10
2013.11.07 08:30:20.740,0.98738,0.98744,3.53,7.88
2013.11.07 08:30:20.859,0.9874,0.98744,1.00,7.88
2013.11.07 08:30:20.982,0.9874,0.98748,1.95,1.10
2013.11.07 08:30:22.069,0.98742,0.98746,2.33,1.48
2013.11.07 08:30:23.210,0.98742,0.98746,2.25,1.18
2013.11.07 08:30:23.783,0.98742,0.98746,2.25,1.28
2013.11.07 08:30:24.779,0.98742,0.98744,2.25,1.00
2013.11.07 08:30:25.320,0.98741,0.98746,2.70,1.28
2013.11.07 08:30:29.139,0.98741,0.98746,5.70,1.00
2013.11.07 08:30:30.055,0.98741,0.98745,5.70,1.00
2013.11.07 08:30:30.574,0.98742,0.98745,1.18,1.13
2013.11.07 08:30:34.361,0.98742,0.98746,1.00,3.45
2013.11.07 08:30:44.269,0.9874,0.98745,3.08,1.55
2013.11.07 08:30:44.390,0.9874,0.98743,1.10,1.20
2013.11.07 08:30:44.904,0.98737,0.98739,1.50,1.55
2013.11.07 08:30:45.210,0.98733,0.98737,1.00,4.88
2013.11.07 08:30:46.400,0.98735,0.98737,1.00,2.18
2013.11.07 08:30:47.459,0.98733,0.98736,1.00,2.70
2013.11.07 08:30:47.579,0.98735,0.98738,1.88,4.20
2013.11.07 08:30:47.699,0.98735,0.98737,1.88,1.55
2013.11.07 08:30:47.879,0.98732,0.98737,1.58,3.45
2013.11.07 08:30:47.999,0.9873,0.98734,2.55,2.33
2013.11.07 08:30:48.060,0.9873,0.98733,1.35,3.45
2013.11.07 08:30:48.240,0.98727,0.9873,3.68,1.20
2013.11.07 08:30:48.300,0.98727,0.9873,1.00,3.45
2013.11.07 08:30:50.540,0.98726,0.9873,2.25,3.00
2013.11.07 08:30:50.663,0.98727,0.9873,1.10,1.38
2013.11.07 08:30:50.899,0.98727,0.98732,1.58,1.55
2013.11.07 08:30:51.019,0.98728,0.98732,1.18,1.38
2013.11.07 08:30:51.320,0.98724,0.98729,6.75,3.45
2013.11.07 08:30:51.859,0.98723,0.98728,6.08,1.55
2013.11.07 08:30:53.439,0.98725,0.98729,1.13,3.38
2013.11.07 08:30:54.319,0.98727,0.98729,1.13,2.55
2013.11.07 08:30:54.379,0.98728,0.98731,2.51,1.00
2013.11.07 08:30:54.500,0.9873,0.98733,1.00,1.20
2013.11.07 08:30:55.040,0.98728,0.98733,2.40,1.48
2013.11.07 08:30:55.989,0.98728,0.98732,1.65,2.63
2013.11.07 08:30:56.170,0.98725,0.9873,4.58,1.00
2013.11.07 08:30:56.290,0.98725,0.98728,1.58,1.50
2013.11.07 08:30:57.249,0.98724,0.98728,1.28,1.00
2013.11.07 08:30:58.691,0.98726,0.9873,1.38,1.65
2013.11.07 08:31:00.591,0.98726,0.98732,3.83,3.08
2013.11.07 08:31:03.799,0.98728,0.98731,1.95,1.00
2013.11.07 08:31:04.159,0.98728,0.98731,5.93,1.00
2013.11.07 08:31:04.722,0.98728,0.98733,10.05,1.38
2013.11.07 08:31:06.863,0.98729,0.98734,1.55,4.05
2013.11.07 08:31:07.600,0.98729,0.98731,1.18,1.00
2013.11.07 08:31:10.100,0.98725,0.9873,7.58,1.00
2013.11.07 08:31:10.339,0.98726,0.98731,2.40,1.10
2013.11.07 08:31:10.879,0.98726,0.98731,2.40,1.10
2013.11.07 08:31:12.109,0.98726,0.98732,2.40,3.15
2013.11.07 08:31:13.292,0.98727,0.98731,1.10,1.48
2013.11.07 08:31:24.419,0.98727,0.9873,1.95,1.13
2013.11.07 08:31:24.600,0.98729,0.98733,2.33,1.73
2013.11.07 08:31:25.168,0.98729,0.98733,3.08,2.10
2013.11.07 08:31:26.242,0.98729,0.98733,2.70,3.60
2013.11.07 08:31:26.361,0.98727,0.9873,1.65,1.00
2013.11.07 08:31:26.603,0.98726,0.98729,1.80,1.00
2013.11.07 08:31:27.149,0.98726,0.98728,1.05,1.88
2013.11.07 08:31:27.209,0.98726,0.98728,1.05,1.50
2013.11.07 08:31:27.329,0.98726,0.98731,5.18,1.18
2013.11.07 08:31:27.450,0.98727,0.9873,1.58,2.25
2013.11.07 08:31:27.570,0.98727,0.9873,2.03,1.00
2013.11.07 08:31:27.749,0.98726,0.98729,7.05,1.50
2013.11.07 08:31:28.291,0.98726,0.98728,1.43,1.00
2013.11.07 08:31:29.250,0.98726,0.98729,1.43,1.50
2013.11.07 08:31:29.526,0.98726,0.9873,3.68,1.10
2013.11.07 08:31:29.589,0.98728,0.98732,1.13,2.93
2013.11.07 08:31:30.129,0.98729,0.98733,1.65,1.13
2013.11.07 08:31:30.251,0.98728,0.98733,4.13,2.70
2013.11.07 08:31:30.712,0.98727,0.98732,1.20,3.15
2013.11.07 08:31:31.199,0.98729,0.98732,2.78,1.13
2013.11.07 08:31:31.499,0.98728,0.98732,1.20,1.58
2013.11.07 08:31:32.039,0.98726,0.98731,2.93,1.55
2013.11.07 08:31:32.580,0.98728,0.98732,1.20,2.33
2013.11.07 08:31:32.700,0.98728,0.98732,3.45,2.25
2013.11.07 08:31:33.240,0.98728,0.98731,3.45,1.00
2013.11.07 08:31:35.091,0.98728,0.98731,1.95,1.00
2013.11.07 08:31:35.629,0.98727,0.98731,1.18,1.88
2013.11.07 08:31:36.390,0.98727,0.98731,1.18,3.38
2013.11.07 08:31:36.509,0.98726,0.98729,1.58,2.25
2013.11.07 08:31:42.220,0.98728,0.9873,1.00,1.58
2013.11.07 08:31:42.459,0.98729,0.98733,1.13,1.55
2013.11.07 08:31:42.579,0.98729,0.98733,1.28,1.13
2013.11.07 08:31:43.119,0.98729,0.98733,2.40,1.38
2013.11.07 08:31:47.301,0.98729,0.98733,2.78,1.13
2013.11.07 08:31:47.420,0.98729,0.98734,3.53,1.10
2013.11.07 08:31:48.460,0.98729,0.98733,2.78,1.00
2013.11.07 08:31:50.070,0.98729,0.98732,3.90,1.00
2013.11.07 08:31:51.269,0.9873,0.98732,1.00,1.95
2013.11.07 08:31:51.869,0.98729,0.98732,3.00,1.00
2013.11.07 08:31:52.419,0.9873,0.98732,1.28,1.00
2013.11.07 08:31:56.020,0.98728,0.98731,2.63,1.00
2013.11.07 08:31:56.319,0.98727,0.98729,1.95,1.08
2013.11.07 08:31:56.859,0.98727,0.98729,1.88,1.00
2013.11.07 08:31:57.339,0.98727,0.98732,4.13,1.45
2013.11.07 08:31:59.569,0.98728,0.98733,1.20,1.58
2013.11.07 08:31:59.690,0.98729,0.98733,3.45,1.38
2013.11.07 08:32:00.200,0.98729,0.98732,3.45,1.13
2013.11.07 08:32:01.150,0.98727,0.98731,3.75,1.00
2013.11.07 08:32:01.329,0.98726,0.98728,1.50,1.00
2013.11.07 08:32:11.242,0.98725,0.98729,3.30,1.95
2013.11.07 08:32:11.299,0.98726,0.9873,1.38,1.95
2013.11.07 08:32:11.419,0.98727,0.98731,5.70,1.13
2013.11.07 08:32:11.959,0.98727,0.9873,1.88,2.70
2013.11.07 08:32:12.515,0.98726,0.98729,1.50,2.33
2013.11.07 08:32:12.859,0.98727,0.98731,1.38,1.28
2013.11.07 08:32:15.300,0.98726,0.98729,1.00,2.25
2013.11.07 08:32:15.839,0.98725,0.98729,1.38,1.28
2013.11.07 08:32:32.621,0.98724,0.98727,1.00,2.33
2013.11.07 08:32:41.612,0.98725,0.98728,2.25,2.18
2013.11.07 08:32:41.731,0.98727,0.98731,1.95,1.48
2013.11.07 08:32:42.269,0.98728,0.98731,1.88,3.45
2013.11.07 08:32:42.452,0.98727,0.98729,1.13,2.18
2013.11.07 08:32:42.690,0.98727,0.9873,1.58,1.13
2013.11.07 08:32:42.750,0.98728,0.9873,1.88,1.13
2013.11.07 08:32:43.289,0.98728,0.98732,3.00,1.28
2013.11.07 08:32:43.829,0.98728,0.98732,5.33,1.13
2013.11.07 08:32:47.879,0.98729,0.98732,1.13,3.45
2013.11.07 08:32:47.999,0.98729,0.98732,1.13,1.20
2013.11.07 08:32:48.440,0.9873,0.98734,1.38,2.70
2013.11.07 08:32:52.676,0.9873,0.98734,1.38,2.33
2013.11.07 08:32:56.210,0.9873,0.98734,1.38,2.70
2013.11.07 08:32:56.759,0.98729,0.98734,3.83,2.33
2013.11.07 08:32:57.349,0.9873,0.98734,1.38,2.70
2013.11.07 08:32:57.780,0.9873,0.98733,1.13,1.20
2013.11.07 08:32:58.320,0.98729,0.98731,2.25,1.10
2013.11.07 08:32:58.880,0.98729,0.98731,1.88,1.10
2013.11.07 08:33:01.800,0.98729,0.98731,2.33,1.00
2013.11.07 08:33:02.219,0.9873,0.98734,1.20,2.70
2013.11.07 08:33:04.639,0.9873,0.98734,1.48,2.70
2013.11.07 08:33:08.820,0.98729,0.98734,3.90,2.70
2013.11.07 08:33:15.079,0.98729,0.98734,3.53,2.70
2013.11.07 08:33:15.380,0.98724,0.98729,9.10,4.88
2013.11.07 08:33:17.429,0.98724,0.98727,1.13,2.70
2013.11.07 08:33:23.830,0.98725,0.98728,1.20,3.38
2013.11.07 08:33:24.387,0.98724,0.98729,2.03,2.70
2013.11.07 08:33:25.409,0.98724,0.98729,2.03,1.95
2013.11.07 08:33:28.705,0.98724,0.9873,2.03,1.80
2013.11.07 08:33:28.770,0.98728,0.98731,2.13,2.93
2013.11.07 08:33:29.189,0.9873,0.98734,1.50,2.78
2013.11.07 08:33:30.716,0.9873,0.98732,2.03,1.00
2013.11.07 08:33:31.181,0.98727,0.98732,3.45,2.78
2013.11.07 08:33:31.480,0.98727,0.98731,2.25,3.45
2013.11.07 08:33:31.599,0.98725,0.98729,1.48,1.20
2013.11.07 08:33:32.140,0.98725,0.98729,1.48,1.10
2013.11.07 08:33:32.379,0.98725,0.98729,1.10,1.48
2013.11.07 08:33:54.459,0.98725,0.9873,1.48,1.20
2013.11.07 08:33:54.520,0.98727,0.98731,4.75,2.18
2013.11.07 08:33:54.700,0.9873,0.98733,1.55,1.13
2013.11.07 08:33:56.600,0.98729,0.98734,6.08,3.38
2013.11.07 08:33:57.929,0.98729,0.98733,5.70,1.13
2013.11.07 08:33:58.567,0.98729,0.98733,6.45,1.00
2013.11.07 08:34:07.489,0.98729,0.98733,6.68,2.25
2013.11.07 08:34:08.030,0.98732,0.98735,1.00,1.58
2013.11.07 08:34:09.740,0.98732,0.98735,1.00,1.58
2013.11.07 08:34:10.459,0.98732,0.98736,1.00,1.93
2013.11.07 08:34:11.000,0.98731,0.98734,1.50,1.18
2013.11.07 08:34:12.499,0.98731,0.98734,1.00,1.18
2013.11.07 08:34:13.042,0.98731,0.98736,1.58,2.40
2013.11.07 08:34:17.324,0.98731,0.98736,2.33,2.40
2013.11.07 08:34:54.389,0.98733,0.98736,1.00,1.93
2013.11.07 08:34:56.030,0.98732,0.98736,1.50,1.93
2013.11.07 08:34:57.252,0.98732,0.98735,1.00,1.10
2013.11.07 08:34:57.808,0.98732,0.98736,1.00,1.93
2013.11.07 08:34:58.940,0.9873,0.98734,1.88,1.50
2013.11.07 08:34:59.061,0.9873,0.98732,1.00,1.00
2013.11.07 08:34:59.359,0.98729,0.98733,1.58,1.10
2013.11.07 08:34:59.888,0.98729,0.98733,1.58,1.20
2013.11.07 08:34:59.950,0.98729,0.98733,1.95,1.58
2013.11.07 08:35:02.839,0.98729,0.98734,2.33,2.40
2013.11.07 08:35:07.680,0.98729,0.98733,1.50,3.83
2013.11.07 08:35:07.799,0.98726,0.98731,4.35,4.88
2013.11.07 08:35:07.980,0.98722,0.98725,1.18,1.13
2013.11.07 08:35:08.740,0.98724,0.98728,1.00,3.15
2013.11.07 08:35:09.781,0.98724,0.98727,1.18,1.13
2013.11.07 08:35:11.154,0.98725,0.98728,2.18,1.88
2013.11.07 08:35:11.269,0.98726,0.98731,3.60,3.57
2013.11.07 08:35:11.390,0.98726,0.98729,1.18,1.13
2013.11.07 08:35:20.040,0.98724,0.98728,1.10,1.48
2013.11.07 08:35:28.520,0.98722,0.98725,3.83,1.00
2013.11.07 08:35:32.910,0.98722,0.98725,1.18,1.13
2013.11.07 08:35:33.450,0.98722,0.98725,1.10,1.13
2013.11.07 08:35:37.710,0.9872,0.98723,3.83,1.13
2013.11.07 08:35:38.250,0.9872,0.98723,2.63,1.38
2013.11.07 08:35:42.760,0.9872,0.98724,3.08,1.00
2013.11.07 08:35:43.370,0.9872,0.98723,3.08,1.00
2013.11.07 08:35:46.118,0.98721,0.98725,1.65,1.38
2013.11.07 08:35:46.619,0.98721,0.98726,1.65,4.20
2013.11.07 08:36:28.902,0.9872,0.98725,2.25,2.40
2013.11.07 08:36:29.021,0.98719,0.98723,1.73,3.38
2013.11.07 08:36:29.681,0.98719,0.98722,2.03,1.13
2013.11.07 08:36:32.972,0.98719,0.98722,1.65,1.38
2013.11.07 08:36:33.451,0.98718,0.98721,1.88,1.05
2013.11.07 08:36:33.510,0.98716,0.9872,1.92,5.91
2013.11.07 08:36:33.570,0.98715,0.98718,1.13,1.55
2013.11.07 08:36:33.870,0.98712,0.98717,1.88,1.58
2013.11.07 08:36:34.111,0.98712,0.98716,1.10,1.38
2013.11.07 08:36:36.980,0.98711,0.98714,2.18,1.00
2013.11.07 08:36:37.410,0.98712,0.98715,1.00,1.20
2013.11.07 08:36:40.150,0.98711,0.98715,1.95,1.10
2013.11.07 08:36:42.439,0.98713,0.98717,2.70,1.50
2013.11.07 08:36:43.670,0.98716,0.98718,1.95,1.13
2013.11.07 08:36:43.730,0.98716,0.9872,4.95,2.63
2013.11.07 08:36:43.910,0.98717,0.9872,1.55,1.13
2013.11.07 08:36:44.210,0.98719,0.98721,1.65,1.13
2013.11.07 08:36:44.768,0.98719,0.98721,1.65,1.13
2013.11.07 08:36:50.120,0.98719,0.98723,1.50,4.58
2013.11.07 08:36:50.480,0.98716,0.9872,1.88,4.10
2013.11.07 08:36:50.540,0.98715,0.98718,2.25,1.10
2013.11.07 08:36:50.720,0.98715,0.98719,2.25,1.65
2013.11.07 08:36:53.740,0.98715,0.98719,2.63,1.65
2013.11.07 08:36:54.099,0.98719,0.9872,1.88,2.18
2013.11.07 08:36:54.341,0.98719,0.98722,1.95,1.50
2013.11.07 08:36:55.670,0.98719,0.98721,1.95,1.00
2013.11.07 08:36:56.950,0.98719,0.98722,1.95,1.50
2013.11.07 08:36:57.310,0.98717,0.98721,2.25,3.45
2013.11.07 08:36:57.850,0.98717,0.98719,1.00,1.48
2013.11.07 08:36:58.389,0.98716,0.98719,4.88,1.48
2013.11.07 08:37:00.550,0.98716,0.98719,3.53,1.38
2013.11.07 08:37:00.610,0.98717,0.98721,1.10,1.48
2013.11.07 08:37:00.790,0.98717,0.9872,1.00,2.70
2013.11.07 08:37:01.570,0.98715,0.98718,1.50,1.00
2013.11.07 08:37:01.630,0.98714,0.98716,1.58,1.00
2013.11.07 08:37:02.050,0.98713,0.98716,1.00,1.48
2013.11.07 08:37:02.771,0.98714,0.98716,2.13,1.10
2013.11.07 08:37:03.010,0.98714,0.98716,2.50,1.10
2013.11.07 08:37:03.550,0.98714,0.98716,1.00,1.10
2013.11.07 08:37:03.790,0.98713,0.98716,1.00,1.48
2013.11.07 08:37:06.020,0.98713,0.98716,1.13,1.95
2013.11.07 08:37:09.280,0.98712,0.98715,1.10,1.38
2013.11.07 08:37:09.800,0.98712,0.98715,1.10,1.38
2013.11.07 08:37:11.911,0.98712,0.98715,1.20,1.13
2013.11.07 08:37:22.479,0.98712,0.98715,1.48,1.13
2013.11.07 08:37:24.111,0.98712,0.98715,1.20,1.13
2013.11.07 08:37:24.623,0.98712,0.98715,1.13,1.28
2013.11.07 08:37:25.270,0.98712,0.98716,1.38,4.20
2013.11.07 08:37:30.552,0.98712,0.98716,1.13,4.20
2013.11.07 08:37:30.971,0.98712,0.98716,1.48,1.95
2013.11.07 08:37:31.513,0.98712,0.98716,1.48,1.58
2013.11.07 08:37:34.170,0.98712,0.98716,1.48,1.20
2013.11.07 08:37:43.090,0.98712,0.98716,1.20,1.48
2013.11.07 08:37:47.921,0.98712,0.98716,1.48,1.48
2013.11.07 08:37:48.460,0.98712,0.98716,1.20,1.48
2013.11.07 08:37:49.340,0.98712,0.98717,1.95,2.40
2013.11.07 08:38:00.681,0.98712,0.98715,1.48,1.00
2013.11.07 08:38:01.251,0.98712,0.98715,1.20,1.13
2013.11.07 08:38:05.432,0.98712,0.98715,1.00,3.38
2013.11.07 08:38:06.035,0.98712,0.98715,1.00,1.20
2013.11.07 08:38:49.580,0.98712,0.98714,1.13,1.00
2013.11.07 08:38:50.126,0.98712,0.98715,1.00,1.20
2013.11.07 08:38:58.969,0.98711,0.98715,1.85,1.10
2013.11.07 08:38:59.509,0.98711,0.98716,5.55,1.00
2013.11.07 08:39:00.050,0.98712,0.98715,1.08,1.13
2013.11.07 08:39:00.590,0.98712,0.98715,1.00,1.20
2013.11.07 08:39:01.141,0.98712,0.98715,1.18,1.13
2013.11.07 08:39:01.681,0.98712,0.98714,1.18,1.00
2013.11.07 08:39:02.230,0.98712,0.98716,1.18,1.38
2013.11.07 08:39:03.870,0.98711,0.98713,2.63,1.00
2013.11.07 08:39:05.190,0.98711,0.98715,2.70,1.13
2013.11.07 08:39:05.730,0.98711,0.98713,2.63,1.00
2013.11.07 08:39:06.940,0.98711,0.98715,2.70,2.63
2013.11.07 08:39:11.863,0.98711,0.98713,2.63,1.00
2013.11.07 08:39:12.400,0.98711,0.98714,2.70,1.00
2013.11.07 08:39:13.280,0.98711,0.98715,2.55,2.63
2013.11.07 08:39:14.079,0.98711,0.98714,2.55,1.50
2013.11.07 08:39:21.414,0.98712,0.98714,1.00,1.00
2013.11.07 08:39:21.661,0.98712,0.98716,1.50,1.13
2013.11.07 08:39:21.780,0.98711,0.98713,2.18,1.00
2013.11.07 08:39:21.900,0.98713,0.98715,1.00,1.00
2013.11.07 08:39:22.023,0.98711,0.98715,2.55,1.50
2013.11.07 08:39:22.201,0.98712,0.98715,2.25,1.50
2013.11.07 08:39:22.741,0.98711,0.98715,3.45,1.38
2013.11.07 08:39:25.630,0.98711,0.98715,2.70,2.63
2013.11.07 08:39:31.680,0.9871,0.98715,3.83,2.70
2013.11.07 08:39:34.741,0.9871,0.98715,2.03,2.70
2013.11.07 08:39:35.834,0.9871,0.98715,1.28,2.70
2013.11.07 08:39:36.130,0.98708,0.98711,1.65,1.00
2013.11.07 08:39:36.191,0.98709,0.98712,3.38,1.13
2013.11.07 08:39:39.480,0.9871,0.98716,1.93,3.53
2013.11.07 08:39:39.600,0.98712,0.98716,1.00,2.78
2013.11.07 08:39:40.133,0.98712,0.98716,1.00,2.40
2013.11.07 08:39:50.253,0.98712,0.98716,1.88,1.65
2013.11.07 08:39:50.552,0.98711,0.98715,1.48,2.70
2013.11.07 08:39:50.792,0.98711,0.98715,1.58,1.58
2013.11.07 08:39:53.850,0.98711,0.98716,1.85,1.65
2013.11.07 08:39:54.330,0.98711,0.98716,1.10,1.65
2013.11.07 08:39:55.420,0.98711,0.98716,1.48,1.65
2013.11.07 08:39:58.340,0.98711,0.98716,1.48,2.03
2013.11.07 08:39:59.123,0.98711,0.98716,1.48,2.40
2013.11.07 08:40:00.084,0.98712,0.98716,1.38,1.28
2013.11.07 08:40:00.630,0.98712,0.98716,1.38,1.28
2013.11.07 08:40:01.176,0.98712,0.98716,1.13,1.65
2013.11.07 08:40:06.430,0.98712,0.98716,1.38,1.28
2013.11.07 08:40:07.140,0.98712,0.98716,1.13,1.65
2013.11.07 08:40:12.020,0.9871,0.98716,2.03,2.03
2013.11.07 08:40:14.570,0.98712,0.98716,1.50,1.65
2013.11.07 08:40:17.361,0.98712,0.98716,1.50,1.28
2013.11.07 08:40:19.971,0.98712,0.98716,1.50,1.65
2013.11.07 08:40:21.330,0.98712,0.98716,1.28,1.13
2013.11.07 08:40:21.930,0.98711,0.98714,2.70,1.13
2013.11.07 08:40:26.190,0.98711,0.98713,2.18,2.50
2013.11.07 08:40:26.371,0.98709,0.98712,1.00,2.18
2013.11.07 08:40:26.430,0.98709,0.98712,3.00,1.30
2013.11.07 08:40:26.952,0.9871,0.98715,1.18,2.70
2013.11.07 08:40:28.290,0.98709,0.98712,4.20,1.00
2013.11.07 08:40:28.470,0.98707,0.98712,5.63,1.10
2013.11.07 08:40:28.590,0.98709,0.98713,2.63,1.38
2013.11.07 08:40:28.710,0.9871,0.98714,2.40,1.50
2013.11.07 08:40:31.471,0.9871,0.98715,1.10,2.70
2013.11.07 08:40:31.985,0.98709,0.98715,2.70,2.78
2013.11.07 08:40:32.530,0.98712,0.98716,1.00,3.08
2013.11.07 08:40:37.222,0.98711,0.98714,1.50,2.63
2013.11.07 08:40:37.581,0.98708,0.98712,2.40,1.58
2013.11.07 08:40:37.770,0.98708,0.98712,1.13,4.50
2013.11.07 08:40:38.130,0.98704,0.98709,3.75,1.75
2013.11.07 08:40:38.310,0.98705,0.98708,1.18,1.50
2013.11.07 08:40:41.190,0.98705,0.98707,1.18,1.00
2013.11.07 08:40:41.372,0.98702,0.98707,2.78,1.48
2013.11.07 08:40:41.491,0.98702,0.98707,2.78,1.20
2013.11.07 08:40:43.990,0.98704,0.98707,1.18,1.00
2013.11.07 08:40:46.120,0.98705,0.9871,2.78,2.33
2013.11.07 08:40:46.240,0.98707,0.98712,3.68,3.15
2013.11.07 08:40:46.420,0.98709,0.98712,2.68,1.88
2013.11.07 08:40:46.481,0.98711,0.98713,1.50,6.00
2013.11.07 08:40:47.020,0.98713,0.98716,1.00,2.70
2013.11.07 08:40:47.630,0.98713,0.98715,1.00,1.28
2013.11.07 08:40:49.550,0.98713,0.98716,1.20,9.38
2013.11.07 08:40:50.100,0.98713,0.98717,1.48,5.33
2013.11.07 08:40:50.224,0.98713,0.98717,1.10,5.33
2013.11.07 08:40:51.591,0.98713,0.98717,1.10,2.33
2013.11.07 08:40:52.370,0.98712,0.98717,1.20,2.33
2013.11.07 08:40:57.274,0.98713,0.98717,1.10,2.33
2013.11.07 08:40:59.910,0.98713,0.98717,1.20,2.33
2013.11.07 08:41:00.450,0.98713,0.98717,1.00,4.58
2013.11.07 08:41:01.290,0.98712,0.98716,1.50,1.55
2013.11.07 08:41:01.350,0.98712,0.98715,1.50,2.70
2013.11.07 08:41:04.031,0.98712,0.98717,1.58,2.40
2013.11.07 08:41:04.090,0.98712,0.98717,1.58,2.40
2013.11.07 08:41:05.410,0.98712,0.98716,1.10,1.48
2013.11.07 08:41:18.650,0.98713,0.98717,1.00,1.65
2013.11.07 08:41:22.531,0.9871,0.98714,5.18,1.88
2013.11.07 08:41:22.591,0.9871,0.98714,1.20,5.55
2013.11.07 08:41:22.771,0.98708,0.98712,1.50,3.08
2013.11.07 08:41:23.251,0.98709,0.98714,1.50,6.45
2013.11.07 08:41:23.790,0.98709,0.98712,1.95,1.20
2013.11.07 08:41:24.874,0.98709,0.98713,1.20,1.85
2013.11.07 08:41:24.941,0.98707,0.98712,2.78,2.33
2013.11.07 08:41:25.300,0.98707,0.98712,1.65,2.33
2013.11.07 08:41:28.740,0.98707,0.98711,1.65,1.50
2013.11.07 08:41:30.480,0.98707,0.98711,1.65,1.50
2013.11.07 08:41:36.000,0.98707,0.98711,1.20,1.50
2013.11.07 08:41:36.180,0.98707,0.98711,1.65,1.50
2013.11.07 08:41:36.863,0.98707,0.98711,1.65,1.50
2013.11.07 08:41:37.400,0.98707,0.98712,5.25,1.58
2013.11.07 08:41:37.520,0.98707,0.9871,1.18,1.38
2013.11.07 08:41:37.765,0.98707,0.98712,2.63,5.33
2013.11.07 08:41:37.890,0.98708,0.98712,1.48,1.58
2013.11.07 08:41:38.130,0.98709,0.98712,2.70,1.00
2013.11.07 08:41:38.311,0.98708,0.98712,2.40,1.00
2013.11.07 08:41:38.550,0.98709,0.98712,2.70,1.00
2013.11.07 08:41:39.090,0.9871,0.98713,1.65,1.13
2013.11.07 08:41:39.811,0.98711,0.98713,1.10,1.38
2013.11.07 08:41:40.350,0.9871,0.98712,1.10,1.00
2013.11.07 08:41:40.875,0.9871,0.98712,1.18,1.00
2013.11.07 08:41:42.121,0.9871,0.98712,1.10,1.00
2013.11.07 08:41:42.610,0.98708,0.98712,1.55,2.10
2013.11.07 08:41:42.970,0.9871,0.98712,1.18,1.00
2013.11.07 08:41:44.200,0.98709,0.98711,2.63,1.00
2013.11.07 08:41:44.260,0.98708,0.98711,1.48,1.50
2013.11.07 08:41:44.440,0.9871,0.98713,1.13,3.00
2013.11.07 08:41:51.590,0.98709,0.98712,2.55,2.85
2013.11.07 08:41:52.140,0.9871,0.98712,1.10,1.00
2013.11.07 08:42:10.871,0.9871,0.98713,1.58,1.00
2013.11.07 08:42:11.111,0.98711,0.98716,3.75,2.33
2013.11.07 08:42:11.173,0.98712,0.98716,1.45,1.95
2013.11.07 08:42:11.530,0.98712,0.98717,2.03,1.58
2013.11.07 08:42:13.181,0.98712,0.98717,2.03,1.58
2013.11.07 08:42:18.530,0.98713,0.98717,1.48,1.58
2013.11.07 08:42:26.663,0.98711,0.98717,4.20,1.58
2013.11.07 08:42:27.211,0.98713,0.98717,1.10,1.95
2013.11.07 08:42:29.307,0.98714,0.98717,1.00,4.20
2013.11.07 08:42:30.626,0.98713,0.98717,1.13,4.20
2013.11.07 08:42:35.347,0.98711,0.98717,1.20,4.20
2013.11.07 08:42:35.411,0.98711,0.98715,1.20,4.05
2013.11.07 08:42:35.591,0.98709,0.98712,1.10,1.50
2013.11.07 08:42:36.130,0.98709,0.98712,1.58,1.13
2013.11.07 08:42:36.310,0.98711,0.98713,1.00,1.00
2013.11.07 08:42:36.370,0.98712,0.98716,1.88,3.53
2013.11.07 08:42:36.945,0.98713,0.98717,1.10,1.95
2013.11.07 08:42:37.892,0.98711,0.98717,3.83,4.58
2013.11.07 08:42:43.860,0.9871,0.98716,1.95,5.93
2013.11.07 08:42:44.406,0.9871,0.98716,2.70,5.18
2013.11.07 08:42:46.870,0.98711,0.98716,2.03,1.43
2013.11.07 08:42:50.087,0.9871,0.98716,5.33,2.70
2013.11.07 08:42:50.676,0.9871,0.98716,5.33,1.95
2013.11.07 08:42:51.181,0.9871,0.98716,5.33,2.70
2013.11.07 08:43:07.100,0.98712,0.98716,1.48,1.20
2013.11.07 08:43:07.581,0.98711,0.98716,1.93,1.20
2013.11.07 08:43:07.760,0.98714,0.98717,1.38,1.10
2013.11.07 08:43:08.302,0.98714,0.98719,1.48,8.25
2013.11.07 08:43:08.850,0.98713,0.98718,2.03,1.95
2013.11.07 08:43:09.352,0.98713,0.98717,1.55,1.50
2013.11.07 08:43:12.281,0.98712,0.98715,2.70,1.13
2013.11.07 08:43:13.741,0.98713,0.98717,1.55,2.85
2013.11.07 08:43:13.920,0.98713,0.98718,2.03,1.48
2013.11.07 08:43:15.240,0.98714,0.98719,1.48,6.38
2013.11.07 08:43:15.781,0.98714,0.98719,1.10,6.38
2013.11.07 08:43:16.900,0.98714,0.98719,1.10,6.38
2013.11.07 08:43:18.002,0.98714,0.98719,1.10,6.00
2013.11.07 08:43:19.624,0.98714,0.98717,1.20,1.00
2013.11.07 08:43:22.086,0.98713,0.98717,1.48,4.35
2013.11.07 08:43:22.334,0.98712,0.98717,2.63,4.43
2013.11.07 08:43:22.950,0.98712,0.98716,1.13,1.93
2013.11.07 08:43:23.656,0.98711,0.98716,1.58,1.93
2013.11.07 08:43:25.300,0.98711,0.98716,1.95,1.55
2013.11.07 08:43:25.840,0.98713,0.98717,2.25,3.08
2013.11.07 08:43:26.150,0.98713,0.98717,1.95,1.10
2013.11.07 08:43:26.700,0.98713,0.98718,1.95,1.93
2013.11.07 08:43:27.431,0.98713,0.98717,1.95,1.10
2013.11.07 08:43:27.492,0.98716,0.98718,1.88,1.10
2013.11.07 08:43:27.611,0.98721,0.98723,1.00,2.25
2013.11.07 08:43:27.671,0.98723,0.98724,1.00,1.00
2013.11.07 08:43:27.731,0.98723,0.98727,1.38,1.28
2013.11.07 08:43:28.570,0.98723,0.98726,1.50,1.05
2013.11.07 08:43:28.691,0.9872,0.98725,5.70,1.38
2013.11.07 08:43:28.750,0.9872,0.98722,1.58,2.18
2013.11.07 08:43:29.291,0.98721,0.98723,1.48,2.18
2013.11.07 08:43:29.590,0.98721,0.98725,1.38,1.18
2013.11.07 08:43:30.150,0.9872,0.98723,1.88,1.50
2013.11.07 08:43:30.450,0.98718,0.98722,1.20,2.03
2013.11.07 08:43:30.510,0.98719,0.98722,1.00,1.55
2013.11.07 08:43:31.051,0.98718,0.98722,1.88,2.33
2013.11.07 08:43:33.220,0.98718,0.98722,1.00,2.70
2013.11.07 08:43:33.280,0.98717,0.9872,1.65,2.63
2013.11.07 08:43:34.172,0.98718,0.98721,1.00,2.70
2013.11.07 08:43:34.710,0.98718,0.98722,1.00,3.45
2013.11.07 08:43:36.724,0.98718,0.98723,4.58,1.00
2013.11.07 08:43:36.901,0.9872,0.98724,1.95,5.33
2013.11.07 08:43:37.421,0.98721,0.98725,1.55,1.00
2013.11.07 08:43:45.481,0.98721,0.98725,2.03,1.50
2013.11.07 08:43:46.740,0.98721,0.98726,2.03,1.95
2013.11.07 08:43:47.280,0.98721,0.98724,1.28,1.13
2013.11.07 08:43:48.710,0.9872,0.98724,1.58,1.20
2013.11.07 08:43:55.201,0.98722,0.98725,1.10,1.95
2013.11.07 08:43:55.562,0.98723,0.98727,1.38,1.28
2013.11.07 08:43:56.100,0.98723,0.98727,1.13,1.55
2013.11.07 08:44:00.001,0.98722,0.98727,5.25,1.95
2013.11.07 08:44:00.505,0.98722,0.98727,5.33,1.88
2013.11.07 08:44:02.951,0.98722,0.98727,3.83,4.13
2013.11.07 08:44:03.493,0.98722,0.98726,2.25,5.03
2013.11.07 08:44:09.171,0.98719,0.98722,1.95,1.00
2013.11.07 08:44:09.230,0.98719,0.98722,1.48,1.50
2013.11.07 08:44:09.411,0.98717,0.9872,5.63,8.78
2013.11.07 08:44:09.471,0.98717,0.98719,5.63,7.95
2013.11.07 08:44:10.011,0.98716,0.98719,1.00,4.95
2013.11.07 08:44:12.760,0.98716,0.98719,1.00,1.55
2013.11.07 08:44:14.750,0.98714,0.98719,1.65,1.38
2013.11.07 08:44:20.370,0.98715,0.9872,3.08,1.95
2013.11.07 08:44:20.550,0.98719,0.98721,1.00,2.70
2013.11.07 08:44:20.671,0.9872,0.98723,4.88,1.10
2013.11.07 08:44:20.972,0.98723,0.98726,2.13,3.00
2013.11.07 08:44:22.050,0.98722,0.98726,4.80,13.00
2013.11.07 08:44:22.470,0.98724,0.98727,1.18,1.00
2013.11.07 08:44:23.011,0.98722,0.98725,2.78,1.88
2013.11.07 08:44:23.551,0.98725,0.98728,1.10,1.38
2013.11.07 08:44:23.610,0.98725,0.9873,1.10,4.13
2013.11.07 08:44:23.671,0.98725,0.9873,2.70,4.35
2013.11.07 08:44:28.030,0.98724,0.9873,4.20,4.50
2013.11.07 08:44:28.581,0.98724,0.9873,1.95,4.58
2013.11.07 08:44:29.072,0.98727,0.9873,1.00,3.45
2013.11.07 08:44:29.610,0.98727,0.98732,1.10,4.88
2013.11.07 08:44:30.512,0.98727,0.98732,2.70,2.03
2013.11.07 08:44:31.064,0.98727,0.98732,1.58,6.15
2013.11.07 08:44:32.020,0.98729,0.98732,1.00,3.90
2013.11.07 08:44:32.320,0.98727,0.98732,2.25,3.83
2013.11.07 08:44:32.501,0.98727,0.98732,1.38,4.95
2013.11.07 08:44:32.561,0.98727,0.98731,1.83,1.10
2013.11.07 08:44:32.681,0.98729,0.98732,4.50,1.00
2013.11.07 08:44:32.920,0.98732,0.98736,3.75,2.63
2013.11.07 08:44:33.870,0.98732,0.98738,5.63,11.55
2013.11.07 08:44:34.050,0.98732,0.98737,1.95,1.93
2013.11.07 08:44:34.594,0.98731,0.98734,1.13,1.10
2013.11.07 08:44:35.144,0.98731,0.98734,1.28,1.00
2013.11.07 08:44:38.431,0.98729,0.98734,3.15,1.10
2013.11.07 08:44:50.710,0.98731,0.98734,1.38,1.10
2013.11.07 08:44:56.372,0.98732,0.98735,1.88,2.78
2013.11.07 08:44:56.912,0.98732,0.98734,1.13,1.10
2013.11.07 08:44:57.861,0.9873,0.98733,1.00,2.63
2013.11.07 08:44:58.041,0.98731,0.98734,1.20,1.88
2013.11.07 08:45:00.530,0.98731,0.98734,1.88,4.20
2013.11.07 08:45:00.890,0.98731,0.98734,1.88,1.95
2013.11.07 08:45:07.670,0.98732,0.98736,1.13,3.83
2013.11.07 08:45:10.640,0.98732,0.98736,1.58,2.33
2013.11.07 08:45:11.801,0.98731,0.98734,1.00,2.63
2013.11.07 08:45:11.981,0.98728,0.98732,1.50,1.65
2013.11.07 08:45:12.520,0.98727,0.98732,1.95,2.40
2013.11.07 08:45:14.926,0.98727,0.98732,1.20,2.40
2013.11.07 08:45:15.481,0.98724,0.98729,1.50,4.58
2013.11.07 08:45:18.041,0.98724,0.98726,1.00,1.00
2013.11.07 08:45:18.771,0.98724,0.98727,1.38,1.10
2013.11.07 08:45:20.180,0.98724,0.98726,1.00,1.00
2013.11.07 08:45:20.421,0.98722,0.98726,1.75,1.65
2013.11.07 08:45:20.961,0.98723,0.98726,1.00,2.40
2013.11.07 08:45:22.961,0.98721,0.98726,1.10,9.83
2013.11.07 08:45:23.082,0.9872,0.98723,1.00,1.10
2013.11.07 08:45:23.621,0.98721,0.98724,2.55,1.13
2013.11.07 08:45:23.741,0.98724,0.98727,1.38,5.33
2013.11.07 08:45:24.280,0.98724,0.98728,1.75,1.28
2013.11.07 08:45:24.641,0.98727,0.98731,1.00,1.88
2013.11.07 08:45:24.761,0.98726,0.9873,4.50,1.10
2013.11.07 08:45:24.880,0.98724,0.98728,3.45,1.00
2013.11.07 08:45:25.791,0.98724,0.98728,2.25,1.38
2013.11.07 08:45:26.332,0.98723,0.98728,1.55,2.70
2013.11.07 08:45:27.822,0.98723,0.98728,1.55,2.70
2013.11.07 08:45:28.840,0.98724,0.98727,1.48,1.38
2013.11.07 08:45:29.734,0.98724,0.98727,1.48,1.00
2013.11.07 08:45:31.660,0.98724,0.98728,1.48,1.20
2013.11.07 08:45:32.200,0.98724,0.98728,1.28,1.13
2013.11.07 08:45:32.850,0.98724,0.98728,1.28,1.88
2013.11.07 08:45:33.791,0.98725,0.98729,2.63,1.10
2013.11.07 08:45:33.911,0.98728,0.98732,1.28,1.88
2013.11.07 08:45:33.973,0.98727,0.9873,2.93,3.38
2013.11.07 08:45:34.095,0.98727,0.98732,1.65,1.58
2013.11.07 08:45:34.281,0.98727,0.98732,3.38,4.13
2013.11.07 08:45:34.461,0.98726,0.98729,1.00,1.10
2013.11.07 08:45:35.000,0.98724,0.98729,1.93,1.58
2013.11.07 08:45:36.380,0.98724,0.98728,1.55,1.13
2013.11.07 08:45:41.160,0.98724,0.98727,4.28,1.00
2013.11.07 08:45:48.073,0.98723,0.98728,3.83,1.13
2013.11.07 08:45:51.422,0.98725,0.98727,1.10,1.00
2013.11.07 08:45:51.660,0.98723,0.98726,1.20,1.13
2013.11.07 08:45:53.301,0.98723,0.98725,1.10,1.50
2013.11.07 08:45:53.540,0.98723,0.98726,1.20,1.50
2013.11.07 08:45:55.890,0.98725,0.98726,1.00,1.50
2013.11.07 08:46:01.683,0.98724,0.98727,1.00,1.95
2013.11.07 08:46:02.410,0.98724,0.98727,1.00,3.45
2013.11.07 08:46:02.711,0.98722,0.98725,1.10,2.25
2013.11.07 08:46:02.831,0.98722,0.98725,1.28,2.25
2013.11.07 08:46:03.011,0.98722,0.98727,1.65,2.33
2013.11.07 08:46:03.131,0.98724,0.98729,4.20,1.13
2013.11.07 08:46:03.491,0.98728,0.98731,3.46,1.88
2013.11.07 08:46:03.671,0.98726,0.98731,2.40,1.95
2013.11.07 08:46:03.792,0.98726,0.98728,1.50,1.50
2013.11.07 08:46:06.986,0.98727,0.9873,1.13,1.65
2013.11.07 08:46:07.603,0.98729,0.98732,1.10,1.50
2013.11.07 08:46:07.722,0.9873,0.98733,2.70,1.88
2013.11.07 08:46:08.682,0.9873,0.98733,2.55,1.13
2013.11.07 08:46:09.462,0.9873,0.98733,1.13,1.20
2013.11.07 08:46:09.881,0.98726,0.9873,1.55,1.00
2013.11.07 08:46:10.421,0.98727,0.9873,1.00,1.18
2013.11.07 08:46:10.541,0.98729,0.98732,1.50,1.20
2013.11.07 08:46:10.841,0.98731,0.98734,1.20,1.00
2013.11.07 08:46:11.381,0.98732,0.98734,1.00,1.00
2013.11.07 08:46:11.930,0.98732,0.98733,1.00,1.00
2013.11.07 08:46:12.471,0.98731,0.98734,1.58,1.50
2013.11.07 08:46:16.311,0.98731,0.98733,1.10,1.88
2013.11.07 08:46:16.372,0.98729,0.98732,1.00,1.65
2013.11.07 08:46:16.911,0.98728,0.98732,1.00,1.65
2013.11.07 08:46:23.461,0.98728,0.98733,2.03,1.95
2013.11.07 08:46:26.592,0.98728,0.98733,1.28,1.95
2013.11.07 08:46:32.225,0.98729,0.98732,1.00,1.28
2013.11.07 08:46:36.701,0.98731,0.98735,1.13,1.13
2013.11.07 08:46:36.762,0.98732,0.98736,1.75,2.78
2013.11.07 08:46:41.032,0.98734,0.98737,1.00,3.83
2013.11.07 08:46:58.451,0.98733,0.98737,1.50,1.65
2013.11.07 08:47:01.857,0.98733,0.98736,1.13,1.58
2013.11.07 08:47:02.221,0.98729,0.98735,5.25,4.65
2013.11.07 08:47:02.461,0.98726,0.9873,1.00,3.38
2013.11.07 08:47:02.521,0.98725,0.9873,1.50,3.83
2013.11.07 08:47:02.881,0.98723,0.98727,1.28,1.50
2013.11.07 08:47:03.181,0.98723,0.98727,1.65,1.50
2013.11.07 08:47:03.721,0.98725,0.98728,1.50,3.08
2013.11.07 08:47:07.291,0.98726,0.98728,1.00,3.00
2013.11.07 08:47:07.596,0.98722,0.98727,2.33,1.93
2013.11.07 08:47:08.021,0.98723,0.98726,1.38,1.20
2013.11.07 08:47:22.261,0.98724,0.98729,1.48,1.65
2013.11.07 08:47:22.620,0.98731,0.98735,1.58,2.70
2013.11.07 08:47:26.091,0.9873,0.98734,1.20,1.75
2013.11.07 08:47:26.631,0.98728,0.98733,1.28,4.20
2013.11.07 08:47:26.751,0.98728,0.98732,1.18,3.75
2013.11.07 08:47:26.871,0.98726,0.9873,1.18,2.25
2013.11.07 08:47:26.931,0.98725,0.98729,1.58,1.48
2013.11.07 08:47:26.990,0.98725,0.98729,1.20,1.48
2013.11.07 08:47:29.902,0.98724,0.98728,1.38,1.28
2013.11.07 08:47:35.822,0.98724,0.98727,1.13,1.10
2013.11.07 08:47:47.101,0.98724,0.98728,1.58,1.28
2013.11.07 08:48:00.781,0.98723,0.98728,1.93,1.20
2013.11.07 08:48:00.842,0.98725,0.9873,2.03,3.08
2013.11.07 08:48:01.381,0.98725,0.98731,2.78,3.00
2013.11.07 08:48:01.752,0.98725,0.98728,1.55,1.88
2013.11.07 08:48:02.292,0.98724,0.98728,3.45,1.88
2013.11.07 08:48:02.832,0.98724,0.98729,3.45,4.13
2013.11.07 08:48:03.500,0.98724,0.98729,3.45,4.50
2013.11.07 08:48:04.250,0.98724,0.98729,3.45,4.50
2013.11.07 08:48:04.795,0.98724,0.98729,3.45,4.50
2013.11.07 08:48:05.352,0.98724,0.98729,3.45,4.13
2013.11.07 08:48:09.644,0.98726,0.9873,1.48,1.80
2013.11.07 08:48:09.881,0.98727,0.98732,3.83,2.25
2013.11.07 08:48:10.421,0.98729,0.98734,2.63,3.45
2013.11.07 08:48:10.724,0.98732,0.98736,1.55,1.38
2013.11.07 08:48:13.221,0.98732,0.98736,1.55,1.38
2013.11.07 08:48:13.807,0.98731,0.98736,3.45,1.50
2013.11.07 08:48:18.451,0.98731,0.98736,4.20,1.75
2013.11.07 08:48:31.147,0.98731,0.98736,2.03,1.85
2013.11.07 08:48:31.571,0.98732,0.98736,2.33,1.38
2013.11.07 08:48:35.901,0.98731,0.98736,1.28,1.85
2013.11.07 08:48:36.451,0.98731,0.98736,1.88,3.08
2013.11.07 08:48:36.992,0.98731,0.98737,2.03,5.25
2013.11.07 08:48:39.644,0.98732,0.98737,1.18,4.43
2013.11.07 08:48:40.180,0.98732,0.98737,2.33,5.10
2013.11.07 08:48:47.261,0.98733,0.98738,1.18,4.80
2013.11.07 08:48:48.001,0.98734,0.98738,1.10,3.45
2013.11.07 08:48:50.251,0.98734,0.98738,1.48,3.45
2013.11.07 08:48:53.383,0.98734,0.98738,1.20,1.58
2013.11.07 08:48:53.892,0.98734,0.98738,1.48,1.10
2013.11.07 08:48:57.571,0.98734,0.98738,2.70,1.58
2013.11.07 08:48:58.082,0.98735,0.98738,2.70,1.50
2013.11.07 08:49:00.214,0.98736,0.9874,1.65,2.25
2013.11.07 08:49:00.451,0.98736,0.9874,1.65,2.63
2013.11.07 08:49:00.571,0.98737,0.9874,1.48,3.00
2013.11.07 08:49:02.081,0.98736,0.9874,2.03,2.63
2013.11.07 08:49:02.621,0.98736,0.9874,2.03,1.50
2013.11.07 08:49:03.366,0.98736,0.9874,2.03,1.50
2013.11.07 08:49:08.702,0.98739,0.9874,1.00,1.13
2013.11.07 08:49:09.061,0.98741,0.98743,1.13,2.18
2013.11.07 08:49:09.121,0.98742,0.98745,1.13,1.65
2013.11.07 08:49:09.801,0.98742,0.98744,1.13,1.95
2013.11.07 08:49:09.920,0.98739,0.98743,3.90,1.00
2013.11.07 08:49:14.081,0.98739,0.98742,2.03,1.00
2013.11.07 08:49:14.621,0.9874,0.98743,1.10,1.50
2013.11.07 08:49:21.361,0.98741,0.98745,1.00,1.65
2013.11.07 08:49:21.481,0.98741,0.98745,1.55,1.50
2013.11.07 08:49:25.591,0.98741,0.98745,1.28,1.50
2013.11.07 08:49:28.630,0.98741,0.98745,1.13,1.65
2013.11.07 08:49:30.481,0.98744,0.98747,3.98,3.00
2013.11.07 08:49:31.021,0.98746,0.98749,1.13,2.70
2013.11.07 08:49:36.154,0.98743,0.98747,1.38,4.50
2013.11.07 08:49:36.212,0.98741,0.98746,3.45,1.55
2013.11.07 08:49:36.274,0.98742,0.98745,1.13,3.38
2013.11.07 08:49:36.584,0.9874,0.98744,1.50,1.93
2013.11.07 08:49:37.122,0.98739,0.98743,1.10,1.58
2013.11.07 08:49:39.483,0.98741,0.98744,1.00,1.50
2013.11.07 08:49:39.604,0.98744,0.98748,1.10,2.33
2013.11.07 08:49:39.661,0.98745,0.98748,1.00,1.95
2013.11.07 08:49:39.721,0.98746,0.98748,1.00,1.48
2013.11.07 08:49:39.901,0.98743,0.98749,1.28,7.50
2013.11.07 08:49:40.084,0.98744,0.98745,1.58,1.00
2013.11.07 08:49:40.621,0.98742,0.98748,4.20,4.58
2013.11.07 08:49:41.761,0.98743,0.98748,1.13,3.83
2013.11.07 08:49:43.862,0.98742,0.98747,3.83,2.63
2013.11.07 08:49:44.401,0.98742,0.98746,1.58,1.85
2013.11.07 08:49:47.251,0.98741,0.98745,1.00,3.08
2013.11.07 08:49:47.611,0.98738,0.98743,1.13,1.65
2013.11.07 08:49:47.671,0.98738,0.98741,1.13,2.63
2013.11.07 08:49:48.211,0.98738,0.98742,1.00,1.55
2013.11.07 08:49:50.901,0.98738,0.98742,1.13,1.55
2013.11.07 08:49:51.261,0.98738,0.98741,1.00,4.05
2013.11.07 08:49:51.801,0.98739,0.98741,1.00,3.38
2013.11.07 08:49:53.892,0.98739,0.98742,1.00,1.55
2013.11.07 08:49:55.180,0.98737,0.98741,1.00,3.38
2013.11.07 08:50:01.051,0.98739,0.98741,1.38,1.35
2013.11.07 08:50:01.171,0.98739,0.98742,1.38,1.58
2013.11.07 08:50:01.711,0.98739,0.98742,1.55,1.00
2013.11.07 08:50:02.342,0.98739,0.98743,1.55,1.13
2013.11.07 08:50:10.141,0.98738,0.98743,4.20,1.50
2013.11.07 08:50:11.442,0.98738,0.98742,3.45,1.00
2013.11.07 08:50:12.000,0.98738,0.98743,4.20,1.50
2013.11.07 08:50:14.391,0.98738,0.98741,3.45,1.00
2013.11.07 08:50:14.571,0.98735,0.9874,2.03,1.95
2013.11.07 08:50:15.115,0.98735,0.9874,2.03,1.95
2013.11.07 08:50:15.652,0.98735,0.9874,2.03,2.33
2013.11.07 08:50:15.771,0.98735,0.9874,1.88,4.58
2013.11.07 08:50:31.040,0.98735,0.98739,1.88,1.55
2013.11.07 08:50:31.580,0.98736,0.9874,1.00,4.58
2013.11.07 08:50:34.429,0.98735,0.9874,1.88,5.33
2013.11.07 08:50:38.080,0.98735,0.9874,1.88,5.33
2013.11.07 08:50:44.470,0.98735,0.9874,1.88,5.33
2013.11.07 08:50:52.142,0.98733,0.98737,2.03,1.13
2013.11.07 08:50:52.201,0.98733,0.98737,1.50,3.45
2013.11.07 08:50:52.382,0.98731,0.98735,1.92,1.20
2013.11.07 08:50:52.502,0.98731,0.98734,1.47,1.45
2013.11.07 08:50:52.862,0.98725,0.98729,1.13,1.38
2013.11.07 08:50:55.171,0.98725,0.98729,2.63,2.03
2013.11.07 08:51:00.201,0.98723,0.98729,3.15,2.03
2013.11.07 08:51:00.381,0.98728,0.9873,1.00,2.25
2013.11.07 08:51:00.441,0.98728,0.98731,1.13,1.20
2013.11.07 08:51:00.981,0.98727,0.9873,2.70,1.50
2013.11.07 08:51:05.498,0.98727,0.9873,2.18,1.50
2013.11.07 08:51:05.682,0.98725,0.98729,3.45,1.88
2013.11.07 08:51:05.801,0.98725,0.98729,4.13,1.50
2013.11.07 08:51:06.043,0.98726,0.9873,1.00,5.55
2013.11.07 08:51:08.571,0.98725,0.98729,1.88,3.08
2013.11.07 08:51:09.081,0.98726,0.98729,1.00,3.00
2013.11.07 08:51:09.441,0.98728,0.98729,1.00,1.00
2013.11.07 08:51:10.001,0.98728,0.9873,1.00,1.20
2013.11.07 08:51:10.542,0.98728,0.98729,1.00,1.00
2013.11.07 08:51:11.111,0.98728,0.9873,1.00,1.20
2013.11.07 08:51:12.991,0.98729,0.98732,3.73,1.13
2013.11.07 08:51:13.051,0.9873,0.98732,1.10,1.00
2013.11.07 08:51:13.291,0.98732,0.98735,1.28,1.50
2013.11.07 08:51:14.641,0.98732,0.98735,2.78,1.13
2013.11.07 08:51:18.860,0.98729,0.98735,1.13,1.50
2013.11.07 08:51:19.163,0.98733,0.98734,1.13,2.18
2013.11.07 08:51:19.281,0.98733,0.98736,1.13,1.65
2013.11.07 08:51:21.081,0.98733,0.98734,1.13,2.18
2013.11.07 08:51:21.321,0.98733,0.98736,1.13,4.58
2013.11.07 08:51:22.562,0.98733,0.98736,1.00,4.58
2013.11.07 08:51:22.981,0.98731,0.98734,1.20,4.36
2013.11.07 08:51:23.161,0.98729,0.98733,1.50,1.58
2013.11.07 08:51:23.282,0.9873,0.98736,2.25,5.70
2013.11.07 08:51:23.866,0.98732,0.98736,1.50,4.20
2013.11.07 08:51:25.732,0.98731,0.98733,1.10,2.50
2013.11.07 08:51:25.791,0.98729,0.98733,2.55,3.25
2013.11.07 08:51:25.911,0.98732,0.98736,1.00,1.80
2013.11.07 08:51:25.971,0.98732,0.98736,1.00,1.85
2013.11.07 08:51:28.061,0.98728,0.98734,1.50,5.48
2013.11.07 08:51:28.121,0.98726,0.98731,14.78,1.20
2013.11.07 08:51:28.362,0.98727,0.98729,1.10,1.88
2013.11.07 08:51:28.481,0.98723,0.98729,2.78,2.40
2013.11.07 08:51:29.021,0.98723,0.98729,3.90,2.40
2013.11.07 08:51:30.501,0.98724,0.98729,3.08,2.63
2013.11.07 08:51:30.862,0.98724,0.98728,3.45,1.00
2013.11.07 08:51:31.992,0.98724,0.98729,4.95,1.00
2013.11.07 08:51:32.232,0.98731,0.98734,1.48,1.00
2013.11.07 08:51:32.771,0.98731,0.98734,4.20,1.00
2013.11.07 08:51:33.665,0.98732,0.98735,2.03,1.88
2013.11.07 08:51:34.761,0.98731,0.98735,4.20,3.98
2013.11.07 08:51:34.822,0.98729,0.98733,1.38,1.00
2013.11.07 08:51:34.941,0.98729,0.98732,1.13,1.85
2013.11.07 08:51:35.062,0.98729,0.98734,1.58,2.63
2013.11.07 08:51:35.181,0.98729,0.98735,4.58,2.33
2013.11.07 08:51:35.721,0.98731,0.98736,2.40,1.48
2013.11.07 08:51:36.991,0.98731,0.98733,1.58,2.13
2013.11.07 08:51:37.051,0.98729,0.98733,2.55,3.38
2013.11.07 08:51:37.351,0.98731,0.98732,2.25,1.10
2013.11.07 08:51:37.471,0.98732,0.98736,1.48,1.95
2013.11.07 08:51:37.891,0.98732,0.98736,1.48,1.95
2013.11.07 08:51:39.242,0.98732,0.98734,2.33,1.88
2013.11.07 08:51:39.361,0.9873,0.98733,2.93,2.33
2013.11.07 08:51:40.262,0.98729,0.98731,1.50,1.50
2013.11.07 08:51:40.381,0.98729,0.98734,3.38,2.70
2013.11.07 08:51:40.502,0.9873,0.98736,1.65,5.03
2013.11.07 08:51:41.041,0.98732,0.98736,1.50,1.93
2013.11.07 08:51:42.061,0.98731,0.98736,1.20,1.93
2013.11.07 08:51:42.821,0.98731,0.98734,1.20,4.80
2013.11.07 08:51:43.001,0.98729,0.98734,1.88,2.70
2013.11.07 08:51:43.122,0.9873,0.98736,1.65,1.88
2013.11.07 08:51:46.573,0.9873,0.98735,1.00,1.20
2013.11.07 08:51:46.753,0.98728,0.98731,1.58,1.00
2013.11.07 08:51:47.231,0.98728,0.98732,2.33,2.25
2013.11.07 08:51:48.656,0.98728,0.98731,1.48,2.25
2013.11.07 08:51:49.022,0.98727,0.9873,1.13,1.10
2013.11.07 08:51:55.982,0.98726,0.9873,1.20,1.58
2013.11.07 08:51:57.674,0.98726,0.9873,1.48,1.20
2013.11.07 08:52:02.913,0.98728,0.9873,1.00,1.20
2013.11.07 08:52:03.471,0.98727,0.9873,1.38,1.20
2013.11.07 08:52:06.401,0.98727,0.98731,1.38,2.03
2013.11.07 08:52:07.302,0.98728,0.9873,1.00,1.10
2013.11.07 08:52:07.813,0.98727,0.9873,1.13,1.10
2013.11.07 08:52:08.116,0.9873,0.98732,5.48,1.73
2013.11.07 08:52:08.241,0.98731,0.98736,3.75,1.38
2013.11.07 08:52:09.162,0.98733,0.98736,1.00,1.38
2013.11.07 08:52:09.765,0.98732,0.98736,1.50,4.13
2013.11.07 08:52:10.726,0.98731,0.98736,4.80,4.13
2013.11.07 08:52:13.073,0.98732,0.98736,1.00,1.38
2013.11.07 08:52:13.611,0.98731,0.98736,4.80,1.38
2013.11.07 08:52:18.762,0.98732,0.98737,1.50,2.18
2013.11.07 08:52:21.701,0.98732,0.98736,2.63,1.13
2013.11.07 08:52:22.249,0.98732,0.98737,2.63,3.30
2013.11.07 08:52:26.621,0.98732,0.98735,1.50,1.13
2013.11.07 08:52:26.742,0.98733,0.98738,2.25,1.65
2013.11.07 08:52:27.252,0.98735,0.98738,1.48,1.50
2013.11.07 08:52:27.911,0.98735,0.98739,1.58,1.58
2013.11.07 08:52:27.971,0.98736,0.98739,1.38,1.20
2013.11.07 08:52:28.521,0.98736,0.98741,1.00,3.83
2013.11.07 08:52:28.641,0.98739,0.98744,3.00,5.25
2013.11.07 08:52:28.702,0.98739,0.98743,4.58,1.00
2013.11.07 08:52:28.761,0.98739,0.98743,2.40,1.20
2013.11.07 08:52:28.943,0.98738,0.98743,2.40,1.43
2013.11.07 08:52:29.255,0.98737,0.98741,1.10,1.85
2013.11.07 08:52:37.321,0.98737,0.98739,1.00,1.58
2013.11.07 08:52:37.441,0.98735,0.98739,1.00,3.83
2013.11.07 08:52:38.981,0.98736,0.98738,1.00,1.13
2013.11.07 08:52:39.224,0.98737,0.98739,1.00,1.10
2013.11.07 08:52:40.140,0.98727,0.98741,1.00,4.13
2013.11.07 08:52:40.200,0.98727,0.98735,1.00,4.76
2013.11.07 08:52:40.501,0.98734,0.98739,1.28,6.30
2013.11.07 08:52:41.041,0.98734,0.98739,1.18,1.58
2013.11.07 08:52:42.956,0.98733,0.98738,1.95,1.28
2013.11.07 08:52:43.502,0.98735,0.98739,1.13,3.83
2013.11.07 08:52:44.041,0.98735,0.98739,1.18,1.50
2013.11.07 08:52:48.532,0.98737,0.98738,1.00,1.00
2013.11.07 08:52:49.751,0.98732,0.98738,6.08,1.58
2013.11.07 08:52:50.293,0.98732,0.98738,6.08,1.20
2013.11.07 08:52:50.701,0.98732,0.98737,6.08,2.10
2013.11.07 08:52:51.062,0.98734,0.98735,1.00,2.18
2013.11.07 08:52:51.122,0.98734,0.98737,1.00,4.58
2013.11.07 08:52:51.181,0.98732,0.98737,2.25,4.95
2013.11.07 08:52:51.301,0.98734,0.98737,1.00,4.95
2013.11.07 08:52:52.631,0.98734,0.98737,1.00,1.20
2013.11.07 08:52:53.415,0.98734,0.98738,1.00,1.65
2013.11.07 08:52:54.381,0.98734,0.98738,1.00,1.65
2013.11.07 08:52:58.131,0.98735,0.98739,1.00,3.83
2013.11.07 08:52:58.911,0.98735,0.98738,1.18,1.50
2013.11.07 08:52:59.471,0.98734,0.98738,4.20,1.00
2013.11.07 08:53:00.321,0.98734,0.9874,4.20,1.95
2013.11.07 08:53:00.881,0.98734,0.98738,3.45,1.00
2013.11.07 08:53:01.061,0.98734,0.98738,3.45,1.88
2013.11.07 08:53:01.182,0.98732,0.98737,1.20,1.58
2013.11.07 08:53:01.817,0.98733,0.98737,1.58,1.58
2013.11.07 08:53:06.313,0.98734,0.98737,1.00,1.20
2013.11.07 08:53:06.911,0.98735,0.98737,1.00,1.58
2013.11.07 08:53:07.331,0.98734,0.98736,1.50,1.38
2013.11.07 08:53:07.511,0.98731,0.98736,4.58,1.38
2013.11.07 08:53:08.442,0.98732,0.98736,1.55,1.00
2013.11.07 08:53:08.981,0.98735,0.98738,1.10,3.00
2013.11.07 08:53:11.061,0.98733,0.98737,2.70,1.00
