2007.05.25 04:00:07.332,1.211,1.2111,28.00,4.00
2007.05.25 04:00:14.260,1.211,1.2111,28.10,4.00
2007.05.25 04:00:14.599,1.211,1.2111,28.20,4.00
2007.05.25 04:00:18.511,1.211,1.2111,24.20,4.00
2007.05.25 04:00:44.888,1.211,1.2111,28.20,4.00
2007.05.25 04:00:45.172,1.211,1.2111,24.20,4.00
2007.05.25 04:00:54.286,1.211,1.2111,24.00,4.00
2007.05.25 04:01:04.273,1.211,1.2111,24.10,4.00
2007.05.25 04:01:04.391,1.211,1.2111,24.20,4.00
2007.05.25 04:01:57.671,1.211,1.2111,26.60,4.00
2007.05.25 04:01:57.824,1.211,1.2111,27.40,4.00
2007.05.25 04:01:58.002,1.211,1.2111,29.20,4.00
2007.05.25 04:01:58.196,1.211,1.2111,26.80,4.00
2007.05.25 04:02:07.480,1.2111,1.21115,4.00,1.60
2007.05.25 04:02:07.816,1.2111,1.2112,4.00,20.00
2007.05.25 04:02:07.826,1.2111,1.2112,4.00,53.50
2007.05.25 04:02:08.394,1.2111,1.2112,4.00,51.90
2007.05.25 04:02:09.706,1.2111,1.2112,4.00,49.50
2007.05.25 04:02:09.803,1.2111,1.2112,8.00,37.50
2007.05.25 04:02:09.894,1.2111,1.2112,8.00,29.50
2007.05.25 04:02:10.209,1.2111,1.2112,12.00,29.50
2007.05.25 04:02:26.862,1.2111,1.2112,12.00,25.50
2007.05.25 04:02:29.959,1.2111,1.2112,8.00,21.50
2007.05.25 04:02:39.674,1.2111,1.2112,4.00,22.30
2007.05.25 04:02:39.696,1.21105,1.2111,1.60,4.00
2007.05.25 04:02:39.814,1.21105,1.2111,1.60,8.00
2007.05.25 04:02:39.870,1.211,1.2111,68.70,8.00
2007.05.25 04:02:40.102,1.211,1.2111,64.70,8.00
2007.05.25 04:02:40.139,1.211,1.2111,56.70,8.00
2007.05.25 04:02:40.183,1.211,1.2111,44.70,8.00
2007.05.25 04:02:40.298,1.211,1.2111,42.30,8.00
2007.05.25 04:02:40.303,1.211,1.2111,38.30,8.00
2007.05.25 04:02:40.455,1.211,1.2111,37.50,8.00
2007.05.25 04:02:45.825,1.211,1.2111,33.50,4.00
2007.05.25 04:02:47.154,1.211,1.2111,33.20,4.00
2007.05.25 04:02:57.138,1.211,1.2111,30.80,4.00
2007.05.25 04:02:58.003,1.211,1.2111,30.80,0.50
2007.05.25 04:02:58.288,1.211,1.21115,30.70,5.60
2007.05.25 04:03:01.796,1.211,1.21115,29.90,5.60
2007.05.25 04:03:01.890,1.211,1.21115,29.10,5.60
2007.05.25 04:03:02.002,1.211,1.2111,28.30,0.80
2007.05.25 04:03:02.550,1.211,1.2111,28.40,0.50
2007.05.25 04:03:02.657,1.211,1.21115,28.80,5.60
2007.05.25 04:03:02.797,1.211,1.2111,31.20,0.60
2007.05.25 04:03:09.709,1.211,1.2111,28.80,0.90
2007.05.25 04:03:16.759,1.211,1.21115,28.60,5.60
2007.05.25 04:03:17.285,1.211,1.2111,28.40,0.60
2007.05.25 04:03:22.431,1.211,1.21115,28.40,5.60
2007.05.25 04:03:26.598,1.211,1.2111,28.80,4.00
2007.05.25 04:03:28.128,1.211,1.2111,28.50,4.00
2007.05.25 04:03:30.492,1.21095,1.2111,30.10,4.00
2007.05.25 04:03:36.620,1.21095,1.2111,30.40,4.00
2007.05.25 04:03:36.649,1.21095,1.2111,32.80,4.00
2007.05.25 04:03:38.223,1.21095,1.2111,36.80,4.00
2007.05.25 04:03:38.963,1.21095,1.2111,40.80,4.00
2007.05.25 04:03:39.291,1.211,1.2111,11.60,4.00
2007.05.25 04:03:42.180,1.211,1.2111,5.30,4.00
2007.05.25 04:03:42.234,1.211,1.2111,6.60,4.00
2007.05.25 04:03:42.302,1.2111,1.2112,1.10,54.30
2007.05.25 04:03:42.595,1.21105,1.2112,13.60,33.50
2007.05.25 04:03:43.208,1.21105,1.2111,8.40,4.00
2007.05.25 04:03:43.307,1.211,1.2111,14.00,8.00
2007.05.25 04:03:43.413,1.21095,1.2111,36.60,8.00
2007.05.25 04:03:44.128,1.21095,1.2111,37.40,8.00
2007.05.25 04:03:44.242,1.211,1.2111,39.80,4.00
2007.05.25 04:03:44.259,1.2111,1.2112,2.40,10.40
2007.05.25 04:03:44.435,1.21105,1.2112,13.60,33.50
2007.05.25 04:03:45.243,1.21105,1.2112,9.60,33.50
2007.05.25 04:03:45.267,1.2111,1.2112,0.90,33.50
2007.05.25 04:03:45.363,1.21105,1.2112,5.60,25.50
2007.05.25 04:03:45.915,1.211,1.2112,51.20,33.50
2007.05.25 04:03:46.441,1.2111,1.2112,3.70,33.50
2007.05.25 04:03:46.789,1.21105,1.2112,13.60,33.50
2007.05.25 04:03:47.104,1.21105,1.2112,13.60,25.50
2007.05.25 04:03:47.944,1.21105,1.2112,13.60,33.50
2007.05.25 04:03:48.089,1.21105,1.2112,13.60,25.50
2007.05.25 04:03:51.723,1.21105,1.2112,16.00,25.50
2007.05.25 04:03:54.714,1.21105,1.2112,13.60,25.50
2007.05.25 04:04:19.454,1.211,1.2112,77.60,23.90
2007.05.25 04:05:27.244,1.2111,1.2112,14.40,23.90
2007.05.25 04:05:27.716,1.2111,1.2112,12.00,23.90
2007.05.25 04:05:28.086,1.2111,1.2112,16.00,23.90
2007.05.25 04:05:28.277,1.2111,1.2112,12.00,23.90
2007.05.25 04:05:28.904,1.21105,1.2112,20.00,23.90
2007.05.25 04:05:36.003,1.2111,1.2112,5.50,23.90
2007.05.25 04:05:36.222,1.2111,1.2112,5.50,23.90
2007.05.25 04:05:37.044,1.211,1.2112,86.60,23.90
2007.05.25 04:05:37.328,1.21105,1.2112,26.40,23.90
2007.05.25 04:05:37.686,1.2111,1.2112,2.30,23.90
2007.05.25 04:05:37.718,1.21105,1.2112,52.70,8.00
2007.05.25 04:05:37.806,1.21105,1.2112,56.70,4.00
2007.05.25 04:05:37.848,1.21105,1.2113,60.70,39.10
2007.05.25 04:05:37.906,1.2111,1.2113,11.40,39.10
2007.05.25 04:05:38.048,1.21105,1.2113,63.10,39.10
2007.05.25 04:05:38.181,1.2111,1.2113,2.50,31.10
2007.05.25 04:05:38.188,1.2111,1.2113,21.30,28.70
2007.05.25 04:05:38.272,1.2111,1.2113,65.50,28.70
2007.05.25 04:05:38.369,1.2112,1.2113,2.20,27.90
2007.05.25 04:05:38.756,1.2111,1.2113,74.80,27.90
2007.05.25 04:05:39.707,1.2112,1.2113,1.30,30.30
2007.05.25 04:05:39.892,1.2111,1.2113,57.10,30.30
2007.05.25 04:05:40.026,1.21115,1.2113,1.70,38.30
2007.05.25 04:05:40.087,1.21115,1.2113,12.00,30.30
2007.05.25 04:05:40.342,1.21115,1.2113,1.00,38.30
2007.05.25 04:05:40.356,1.21105,1.2113,60.90,38.30
2007.05.25 04:05:40.459,1.2111,1.2113,3.90,38.30
2007.05.25 04:05:40.710,1.21105,1.2113,62.50,35.90
2007.05.25 04:05:41.116,1.2111,1.2113,13.00,35.90
2007.05.25 04:05:41.270,1.21105,1.2113,63.60,23.90
2007.05.25 04:05:41.364,1.2111,1.2113,23.30,23.90
2007.05.25 04:05:41.415,1.2112,1.2113,0.70,23.90
2007.05.25 04:05:41.717,1.2111,1.2113,68.70,23.90
2007.05.25 04:05:42.251,1.2112,1.2113,1.80,23.90
2007.05.25 04:05:42.423,1.21105,1.2113,67.10,31.90
2007.05.25 04:05:42.469,1.21105,1.2113,66.80,31.90
2007.05.25 04:05:45.258,1.2111,1.2113,25.70,27.90
2007.05.25 04:05:46.178,1.21105,1.2113,62.80,27.90
2007.05.25 04:05:46.189,1.2111,1.2113,15.70,36.70
2007.05.25 04:05:46.272,1.2111,1.2112,14.50,4.00
2007.05.25 04:05:46.311,1.2111,1.2112,6.40,8.00
2007.05.25 04:05:46.735,1.211,1.2112,68.60,8.00
2007.05.25 04:05:46.872,1.2111,1.2112,8.30,12.00
2007.05.25 04:05:52.842,1.211,1.2112,69.50,12.00
2007.05.25 04:05:53.139,1.211,1.2112,69.40,16.00
2007.05.25 04:05:53.192,1.2111,1.2112,5.70,16.00
2007.05.25 04:05:53.269,1.211,1.2112,67.90,31.90
2007.05.25 04:05:53.280,1.21095,1.2112,75.90,31.90
2007.05.25 04:05:53.327,1.21095,1.2112,71.90,31.90
2007.05.25 04:05:53.384,1.211,1.2112,22.60,31.90
2007.05.25 04:05:53.447,1.211,1.2112,24.70,31.90
2007.05.25 04:05:53.744,1.21095,1.2112,68.30,31.90
2007.05.25 04:05:53.832,1.21095,1.2112,69.10,31.90
2007.05.25 04:05:58.792,1.211,1.2112,57.10,27.90
2007.05.25 04:05:59.140,1.211,1.2112,57.10,31.90
2007.05.25 04:06:05.629,1.211,1.2112,57.10,32.70
2007.05.25 04:06:05.739,1.211,1.2112,57.10,35.10
2007.05.25 04:06:05.749,1.211,1.2112,57.10,43.10
2007.05.25 04:06:05.785,1.211,1.2112,57.10,51.10
2007.05.25 04:06:05.844,1.211,1.2111,37.10,4.00
2007.05.25 04:06:06.244,1.211,1.2111,37.10,8.00
2007.05.25 04:06:14.702,1.211,1.2111,37.90,8.00
2007.05.25 04:06:14.729,1.2111,1.2112,4.00,53.50
2007.05.25 04:06:14.815,1.2111,1.2112,8.00,53.50
2007.05.25 04:06:14.914,1.2111,1.2112,27.90,25.60
2007.05.25 04:06:14.955,1.2111,1.2112,27.90,23.20
2007.05.25 04:06:15.046,1.2111,1.2112,27.90,15.20
2007.05.25 04:06:15.433,1.2111,1.2112,27.90,12.00
2007.05.25 04:06:16.775,1.2111,1.2112,23.90,12.00
2007.05.25 04:06:16.801,1.2111,1.2112,19.90,12.00
2007.05.25 04:06:17.271,1.2111,1.2112,15.90,12.00
2007.05.25 04:06:17.400,1.2111,1.2112,15.90,16.00
2007.05.25 04:06:17.509,1.211,1.2112,61.10,31.90
2007.05.25 04:06:20.738,1.211,1.2112,61.30,31.90
2007.05.25 04:06:21.542,1.211,1.2112,61.10,31.90
2007.05.25 04:06:23.810,1.211,1.2112,61.30,31.90
2007.05.25 04:06:24.620,1.211,1.2112,61.10,31.90
2007.05.25 04:06:24.935,1.211,1.2112,53.10,31.90
2007.05.25 04:06:26.378,1.211,1.21125,53.10,39.90
2007.05.25 04:06:26.689,1.211,1.21125,49.10,39.90
2007.05.25 04:06:27.930,1.211,1.21125,57.10,39.90
2007.05.25 04:06:28.120,1.211,1.21125,49.30,39.90
2007.05.25 04:06:28.243,1.211,1.21125,49.10,39.90
2007.05.25 04:06:28.439,1.211,1.2112,49.90,0.60
2007.05.25 04:06:28.640,1.211,1.21125,50.70,39.90
2007.05.25 04:06:28.719,1.2111,1.2112,4.00,0.50
2007.05.25 04:06:28.813,1.2111,1.2113,23.90,52.40
2007.05.25 04:06:29.184,1.2111,1.2113,27.90,50.00
2007.05.25 04:06:31.637,1.2111,1.2113,27.90,50.20
2007.05.25 04:06:31.740,1.211,1.2111,40.60,0.60
2007.05.25 04:06:31.841,1.2111,1.2112,4.00,52.70
2007.05.25 04:06:31.974,1.211,1.2112,37.90,64.70
2007.05.25 04:06:32.511,1.211,1.2112,37.30,64.70
2007.05.25 04:06:32.572,1.211,1.2112,37.10,64.70
2007.05.25 04:06:32.770,1.211,1.2111,49.10,0.60
2007.05.25 04:06:32.799,1.211,1.2112,49.10,47.90
2007.05.25 04:06:33.136,1.211,1.2113,49.10,69.20
2007.05.25 04:06:33.285,1.2111,1.2112,4.00,0.70
2007.05.25 04:06:33.403,1.2111,1.2113,4.00,63.60
2007.05.25 04:06:33.523,1.2111,1.2112,23.90,0.70
2007.05.25 04:06:33.918,1.2111,1.2113,27.90,52.70
2007.05.25 04:06:52.804,1.2111,1.2112,31.90,0.80
2007.05.25 04:06:57.745,1.2111,1.2112,32.70,8.00
2007.05.25 04:07:10.888,1.2111,1.2112,34.30,8.00
2007.05.25 04:07:33.202,1.2111,1.2112,42.30,8.00
2007.05.25 04:07:33.425,1.2111,1.2112,42.30,4.00
2007.05.25 04:07:33.794,1.2111,1.2112,54.30,4.00
2007.05.25 04:07:33.909,1.2111,1.2113,54.30,38.80
2007.05.25 04:07:34.091,1.2111,1.2113,54.30,34.80
2007.05.25 04:07:34.112,1.2111,1.2113,54.30,33.20
2007.05.25 04:07:35.343,1.2111,1.2113,54.30,34.00
2007.05.25 04:07:35.652,1.2111,1.2113,54.30,34.80
2007.05.25 04:07:35.790,1.2111,1.2113,54.30,42.80
2007.05.25 04:07:35.882,1.2111,1.2112,42.30,4.00
2007.05.25 04:07:35.948,1.2111,1.2112,34.30,4.00
2007.05.25 04:07:36.301,1.2111,1.2112,34.30,8.00
2007.05.25 04:07:39.067,1.2111,1.2112,42.30,8.00
2007.05.25 04:07:39.175,1.2111,1.2112,44.70,8.00
2007.05.25 04:07:39.257,1.2111,1.2112,45.50,8.00
2007.05.25 04:07:39.269,1.2112,1.2113,10.40,51.60
2007.05.25 04:07:39.524,1.2112,1.2113,30.30,14.70
2007.05.25 04:07:45.268,1.2112,1.2113,30.30,14.60
2007.05.25 04:07:45.613,1.2112,1.2113,30.30,13.80
2007.05.25 04:07:45.696,1.2112,1.2113,30.30,13.00
2007.05.25 04:07:45.728,1.2112,1.2113,30.30,12.20
2007.05.25 04:07:48.814,1.2112,1.2113,30.30,12.00
2007.05.25 04:07:52.626,1.2112,1.2113,30.30,12.80
2007.05.25 04:07:52.677,1.2112,1.2113,23.90,12.80
2007.05.25 04:07:52.731,1.2112,1.2113,8.00,48.70
2007.05.25 04:07:52.784,1.2111,1.2112,52.70,4.00
2007.05.25 04:07:52.850,1.2111,1.2112,36.70,8.00
2007.05.25 04:07:56.269,1.2111,1.2113,36.70,56.70
2007.05.25 04:07:56.382,1.2111,1.2113,36.70,55.90
2007.05.25 04:07:56.677,1.2111,1.2113,48.70,43.90
2007.05.25 04:07:56.796,1.2111,1.2113,52.70,43.90
2007.05.25 04:07:56.904,1.2111,1.2113,52.70,35.90
2007.05.25 04:07:57.734,1.2111,1.2113,54.30,35.90
2007.05.25 04:07:57.957,1.2111,1.2113,54.50,35.90
2007.05.25 04:07:58.080,1.2111,1.2113,54.50,27.90
2007.05.25 04:07:58.167,1.2111,1.2113,66.50,27.90
2007.05.25 04:07:58.169,1.2111,1.2113,65.70,27.90
2007.05.25 04:07:58.207,1.2112,1.2113,6.40,27.90
2007.05.25 04:07:58.262,1.2112,1.2113,26.30,12.00
2007.05.25 04:07:58.797,1.2112,1.2113,30.30,12.00
2007.05.25 04:08:37.776,1.2112,1.2113,26.30,12.00
2007.05.25 04:08:37.785,1.2112,1.2113,22.30,12.00
2007.05.25 04:08:38.130,1.2112,1.2113,22.30,20.00
2007.05.25 04:08:38.190,1.2112,1.2113,15.90,20.00
2007.05.25 04:08:38.285,1.21115,1.2113,0.80,35.90
2007.05.25 04:08:45.366,1.21115,1.2113,0.80,31.90
2007.05.25 04:08:54.762,1.21115,1.2113,0.80,27.90
2007.05.25 04:08:55.063,1.21115,1.2113,0.80,31.90
2007.05.25 04:09:04.609,1.21115,1.2113,0.80,32.70
2007.05.25 04:09:04.749,1.21115,1.2113,0.80,40.70
2007.05.25 04:09:04.771,1.21115,1.2113,0.80,43.10
2007.05.25 04:09:04.966,1.21115,1.2112,0.80,4.00
2007.05.25 04:09:05.296,1.21115,1.2112,0.80,8.00
2007.05.25 04:09:11.214,1.2112,1.2113,4.00,36.80
2007.05.25 04:09:11.436,1.2112,1.2113,8.00,59.10
2007.05.25 04:09:11.561,1.2112,1.2113,8.00,58.30
2007.05.25 04:09:11.763,1.2112,1.2113,30.30,34.40
2007.05.25 04:09:11.872,1.2112,1.2113,30.30,24.00
2007.05.25 04:09:11.991,1.2112,1.2113,30.30,12.00
2007.05.25 04:09:18.377,1.2112,1.2113,12.30,12.00
2007.05.25 04:09:44.678,1.2112,1.2113,30.30,12.80
2007.05.25 04:09:44.741,1.2112,1.2113,19.90,12.80
2007.05.25 04:09:44.771,1.2112,1.2113,4.00,48.70
2007.05.25 04:09:44.781,1.2112,1.2113,4.00,60.70
2007.05.25 04:09:44.793,1.2111,1.2112,39.30,4.00
2007.05.25 04:09:44.909,1.2111,1.2112,38.50,8.00
2007.05.25 04:09:45.403,1.2111,1.2112,36.90,8.00
2007.05.25 04:09:48.270,1.2111,1.2112,36.80,8.00
2007.05.25 04:09:48.485,1.2111,1.2112,36.70,8.00
2007.05.25 04:09:48.498,1.2111,1.2113,36.70,66.30
2007.05.25 04:09:49.826,1.2111,1.21135,48.70,52.70
2007.05.25 04:09:49.858,1.2111,1.21135,52.70,44.30
2007.05.25 04:09:49.867,1.2111,1.2113,52.70,0.60
2007.05.25 04:09:50.349,1.2111,1.2113,52.70,0.70
2007.05.25 04:09:52.635,1.2111,1.21135,53.50,31.50
2007.05.25 04:09:52.781,1.2112,1.21135,19.90,15.60
2007.05.25 04:09:52.881,1.2112,1.21135,26.30,15.60
2007.05.25 04:09:53.293,1.2112,1.2113,30.30,0.60
2007.05.25 04:09:58.030,1.2112,1.2114,28.70,53.50
2007.05.25 04:10:18.859,1.2112,1.2113,28.70,7.60
2007.05.25 04:10:27.750,1.2112,1.2113,29.50,7.60
2007.05.25 04:10:56.857,1.2112,1.2113,28.70,7.60
2007.05.25 04:11:26.904,1.2112,1.2113,29.50,7.60
2007.05.25 04:11:26.989,1.2112,1.2113,33.50,7.60
2007.05.25 04:11:54.489,1.2112,1.2113,34.00,7.60
2007.05.25 04:11:57.021,1.2112,1.2113,36.40,7.60
2007.05.25 04:11:57.235,1.2112,1.2113,36.40,4.00
2007.05.25 04:11:57.292,1.2112,1.2114,36.40,74.50
2007.05.25 04:11:57.367,1.2112,1.2114,36.40,70.50
2007.05.25 04:11:57.375,1.2112,1.2114,36.40,63.60
2007.05.25 04:11:57.704,1.2112,1.2114,48.40,39.60
2007.05.25 04:11:57.858,1.2112,1.2114,48.40,37.20
2007.05.25 04:11:57.902,1.2112,1.2114,48.40,29.20
2007.05.25 04:11:57.917,1.2112,1.2114,52.40,41.20
2007.05.25 04:12:02.691,1.2112,1.2114,52.40,42.00
2007.05.25 04:12:02.743,1.2112,1.2114,52.40,46.00
2007.05.25 04:12:02.884,1.2112,1.2114,40.40,38.00
2007.05.25 04:12:03.005,1.2112,1.2114,40.40,46.00
2007.05.25 04:12:03.095,1.2112,1.2113,40.40,4.00
2007.05.25 04:12:03.348,1.2112,1.2113,40.40,8.00
2007.05.25 04:12:03.379,1.2112,1.2113,36.40,8.00
2007.05.25 04:12:07.763,1.2112,1.2113,36.40,4.00
2007.05.25 04:12:07.797,1.2112,1.2114,48.40,41.10
2007.05.25 04:12:10.209,1.2112,1.2114,49.20,41.10
2007.05.25 04:12:10.336,1.2112,1.2114,53.20,41.10
2007.05.25 04:12:10.740,1.2113,1.2114,8.00,38.70
2007.05.25 04:12:10.815,1.2113,1.2114,12.00,38.70
2007.05.25 04:12:11.013,1.2113,1.2114,12.00,38.40
2007.05.25 04:12:11.286,1.2113,1.2114,27.90,22.40
2007.05.25 04:12:11.379,1.2113,1.2114,31.90,18.30
2007.05.25 04:12:12.408,1.2113,1.2114,31.90,14.30
2007.05.25 04:12:17.315,1.2113,1.2114,31.90,13.60
2007.05.25 04:12:27.660,1.2113,1.2114,34.30,13.60
2007.05.25 04:12:27.773,1.2113,1.2114,36.40,12.00
2007.05.25 04:12:27.877,1.2113,1.2114,41.20,8.00
2007.05.25 04:12:27.936,1.2113,1.2114,42.00,8.00
2007.05.25 04:12:28.073,1.2113,1.2114,36.70,8.00
2007.05.25 04:12:28.173,1.2113,1.2114,35.90,8.00
2007.05.25 04:12:28.181,1.2113,1.2114,39.90,8.00
2007.05.25 04:12:28.270,1.2114,1.2115,8.00,31.90
2007.05.25 04:12:28.425,1.2114,1.2115,8.00,27.90
2007.05.25 04:12:28.686,1.2114,1.2115,8.00,8.00
2007.05.25 04:12:28.728,1.2114,1.2115,4.00,10.40
2007.05.25 04:12:28.781,1.2113,1.2114,47.90,4.00
2007.05.25 04:12:29.278,1.2113,1.2114,50.30,4.00
2007.05.25 04:12:29.297,1.2113,1.2114,50.50,4.00
2007.05.25 04:12:29.557,1.2113,1.2114,46.50,4.00
2007.05.25 04:12:29.615,1.2113,1.2114,34.50,4.00
2007.05.25 04:12:29.790,1.2113,1.2114,34.50,8.00
2007.05.25 04:12:29.990,1.2113,1.2114,34.30,12.00
2007.05.25 04:12:31.697,1.2113,1.2114,35.10,8.00
2007.05.25 04:12:31.765,1.2114,1.2115,12.00,56.70
2007.05.25 04:12:31.813,1.2114,1.2115,31.90,20.80
2007.05.25 04:12:32.166,1.2114,1.2115,31.90,23.20
2007.05.25 04:12:32.218,1.2114,1.2115,31.90,12.00
2007.05.25 04:12:32.329,1.2114,1.2115,19.90,12.00
2007.05.25 04:12:32.353,1.2114,1.2115,19.90,24.00
2007.05.25 04:12:32.400,1.2113,1.2114,24.80,4.00
2007.05.25 04:12:32.736,1.2113,1.2114,35.10,12.00
2007.05.25 04:12:33.413,1.2113,1.2114,34.30,12.00
2007.05.25 04:12:34.813,1.2113,1.2114,34.30,0.60
2007.05.25 04:12:35.275,1.2113,1.2115,31.90,44.00
2007.05.25 04:12:51.209,1.2113,1.2114,27.90,0.70
2007.05.25 04:12:51.283,1.2112,1.21145,66.80,35.90
2007.05.25 04:12:51.371,1.2112,1.2114,62.80,0.60
2007.05.25 04:12:51.430,1.2112,1.21145,56.40,47.90
2007.05.25 04:12:51.463,1.2112,1.21145,54.80,47.90
2007.05.25 04:12:55.612,1.2112,1.21145,55.60,47.90
2007.05.25 04:12:55.730,1.2113,1.21145,4.00,47.90
2007.05.25 04:12:56.134,1.2113,1.2115,4.00,63.90
2007.05.25 04:12:56.186,1.2113,1.2114,16.00,0.50
2007.05.25 04:12:56.230,1.2113,1.2114,31.90,0.90
2007.05.25 04:12:57.740,1.2113,1.2114,34.30,0.70
2007.05.25 04:12:58.238,1.2113,1.2114,31.90,0.80
2007.05.25 04:13:00.351,1.2113,1.2115,35.90,75.90
2007.05.25 04:13:00.984,1.2113,1.2115,31.90,40.00
2007.05.25 04:13:04.270,1.2113,1.2114,30.30,12.00
2007.05.25 04:13:30.756,1.2113,1.2114,32.70,12.00
2007.05.25 04:13:31.824,1.2113,1.2114,30.30,12.00
2007.05.25 04:13:31.836,1.2113,1.2114,34.30,12.00
2007.05.25 04:13:32.187,1.2113,1.2114,30.30,12.00
2007.05.25 04:13:34.293,1.2113,1.2114,13.20,12.00
2007.05.25 04:13:35.732,1.2113,1.2114,32.70,12.00
2007.05.25 04:13:36.216,1.2113,1.2114,30.30,12.00
2007.05.25 04:13:36.927,1.2113,1.2114,34.30,12.00
2007.05.25 04:13:37.114,1.2113,1.2114,30.30,12.00
2007.05.25 04:13:58.088,1.2113,1.2114,31.10,12.00
2007.05.25 04:14:16.936,1.2113,1.2114,27.10,12.00
2007.05.25 04:14:18.177,1.2113,1.2114,27.10,8.00
2007.05.25 04:14:20.079,1.2113,1.2115,27.10,41.60
2007.05.25 04:14:28.190,1.2113,1.2115,19.90,45.60
2007.05.25 04:14:28.367,1.2113,1.2114,4.00,0.90
2007.05.25 04:14:28.378,1.2113,1.2114,4.00,44.70
2007.05.25 04:14:28.476,1.2112,1.2113,44.40,0.90
2007.05.25 04:14:28.582,1.2112,1.2113,38.00,0.90
2007.05.25 04:14:46.092,1.2112,1.2113,42.00,0.70
2007.05.25 04:14:46.273,1.2112,1.2114,42.00,54.00
2007.05.25 04:14:46.335,1.2112,1.2114,54.00,0.80
2007.05.25 04:14:46.440,1.2112,1.2114,54.00,0.70
2007.05.25 04:14:47.155,1.2112,1.2114,54.80,0.50
2007.05.25 04:14:47.219,1.2112,1.2114,66.80,27.90
2007.05.25 04:14:47.293,1.2113,1.2114,19.90,12.00
2007.05.25 04:14:47.400,1.2113,1.2114,27.10,12.00
2007.05.25 04:14:47.695,1.2113,1.2114,31.10,12.00
2007.05.25 04:14:49.823,1.2113,1.2114,35.10,8.00
2007.05.25 04:14:53.636,1.2113,1.2114,35.90,8.00
2007.05.25 04:14:53.729,1.2113,1.2114,51.90,8.00
2007.05.25 04:14:53.832,1.2113,1.2114,54.30,4.00
2007.05.25 04:14:53.859,1.2113,1.2114,56.70,4.00
2007.05.25 04:14:54.344,1.2113,1.2114,57.50,4.00
2007.05.25 04:14:54.833,1.2113,1.2114,58.30,4.00
2007.05.25 04:14:54.871,1.2113,1.2114,59.50,4.00
2007.05.25 04:14:54.963,1.2113,1.2114,60.30,4.00
2007.05.25 04:14:55.176,1.2113,1.2114,57.10,4.00
2007.05.25 04:14:55.273,1.2113,1.2114,54.70,4.00
2007.05.25 04:14:55.293,1.2113,1.2114,42.70,4.00
2007.05.25 04:14:55.377,1.2113,1.2114,41.90,4.00
2007.05.25 04:14:55.511,1.2113,1.2114,37.90,4.00
2007.05.25 04:14:55.652,1.2113,1.2114,37.90,8.00
2007.05.25 04:14:56.754,1.2113,1.2114,33.90,8.00
2007.05.25 04:14:56.870,1.2113,1.2114,33.90,8.80
2007.05.25 04:14:58.156,1.2113,1.2114,33.10,8.80
2007.05.25 04:14:58.171,1.2113,1.2114,31.10,9.00
2007.05.25 04:14:58.820,1.2113,1.2114,31.10,8.80
2007.05.25 04:14:59.831,1.2113,1.2114,31.30,8.80
2007.05.25 04:15:00.218,1.2113,1.2114,31.30,0.50
2007.05.25 04:15:04.741,1.2113,1.2114,27.30,12.80
2007.05.25 04:15:04.757,1.2113,1.2114,27.10,16.80
2007.05.25 04:15:04.911,1.2113,1.2114,7.20,29.30
2007.05.25 04:15:05.232,1.2112,1.2113,48.40,0.50
2007.05.25 04:15:05.343,1.2112,1.2114,40.40,46.10
2007.05.25 04:15:05.353,1.2112,1.2114,38.00,46.10
2007.05.25 04:15:16.750,1.2112,1.2113,38.00,0.50
2007.05.25 04:15:16.776,1.2112,1.21145,50.00,49.40
2007.05.25 04:15:16.883,1.2112,1.2114,54.00,0.80
2007.05.25 04:15:17.385,1.2112,1.21145,54.00,48.60
2007.05.25 04:15:17.590,1.2112,1.21145,54.00,47.90
2007.05.25 04:15:28.116,1.2112,1.2114,54.80,35.90
2007.05.25 04:15:28.339,1.2113,1.2114,7.20,35.90
2007.05.25 04:15:28.347,1.2113,1.2114,27.10,12.00
2007.05.25 04:15:28.938,1.2113,1.2114,31.90,12.00
2007.05.25 04:15:34.447,1.2113,1.2115,31.90,49.60
2007.05.25 04:15:47.221,1.2113,1.2114,19.90,0.60
2007.05.25 04:15:47.342,1.2112,1.2113,56.40,0.60
2007.05.25 04:15:47.922,1.2112,1.2114,60.40,33.70
2007.05.25 04:15:48.679,1.2112,1.2113,59.60,0.50
2007.05.25 04:15:48.797,1.2112,1.2113,39.60,0.80
2007.05.25 04:15:49.174,1.2112,1.2114,39.60,71.30
2007.05.25 04:15:49.398,1.2112,1.2114,38.80,72.10
2007.05.25 04:15:50.734,1.2112,1.2114,38.80,68.10
2007.05.25 04:15:50.777,1.2112,1.2114,58.80,0.80
2007.05.25 04:15:50.853,1.2112,1.2114,58.80,0.60
2007.05.25 04:15:51.557,1.2112,1.21145,58.80,43.90
2007.05.25 04:15:52.366,1.2112,1.21145,59.60,43.90
2007.05.25 04:15:53.385,1.2112,1.21145,58.80,43.90
2007.05.25 04:15:54.406,1.2112,1.21145,59.60,43.90
2007.05.25 04:15:54.715,1.2112,1.2114,60.40,0.50
2007.05.25 04:15:54.730,1.2113,1.21145,8.00,43.90
2007.05.25 04:15:54.820,1.2113,1.2114,27.90,0.50
2007.05.25 04:15:55.227,1.2113,1.2114,31.90,0.80
2007.05.25 04:15:55.686,1.2113,1.2114,27.90,0.70
2007.05.25 04:15:55.743,1.2113,1.2115,8.00,61.50
2007.05.25 04:15:55.820,1.2112,1.21145,59.60,35.90
2007.05.25 04:15:55.848,1.2112,1.21145,59.60,39.90
2007.05.25 04:15:56.342,1.2112,1.21145,58.80,39.90
2007.05.25 04:15:56.675,1.2112,1.2114,58.80,0.80
2007.05.25 04:15:56.810,1.2112,1.21145,58.80,43.10
2007.05.25 04:15:56.816,1.2112,1.2113,38.80,0.60
2007.05.25 04:15:57.185,1.2112,1.2114,38.80,71.50
2007.05.25 04:15:57.877,1.2112,1.2113,62.00,0.90
2007.05.25 04:15:57.960,1.2112,1.2113,62.00,0.90
2007.05.25 04:15:58.358,1.2112,1.2113,62.80,0.80
2007.05.25 04:15:59.167,1.2112,1.2114,60.40,29.70
2007.05.25 04:16:02.357,1.2112,1.2113,59.60,0.70
2007.05.25 04:16:02.666,1.2112,1.2113,58.80,0.90
2007.05.25 04:16:02.808,1.2112,1.2114,38.80,65.70
2007.05.25 04:16:02.837,1.2112,1.2113,38.80,0.60
2007.05.25 04:17:03.616,1.2112,1.2113,36.40,8.00
2007.05.25 04:17:03.768,1.2112,1.2113,4.40,23.90
2007.05.25 04:17:13.758,1.2112,1.2113,24.40,8.00
2007.05.25 04:17:13.845,1.2112,1.2113,32.40,8.00
2007.05.25 04:17:14.352,1.2112,1.2113,36.40,8.00
2007.05.25 04:17:34.128,1.2112,1.2113,36.40,8.80
2007.05.25 04:17:34.214,1.2112,1.2113,36.40,20.80
2007.05.25 04:17:34.249,1.21115,1.2112,0.80,4.00
2007.05.25 04:17:34.258,1.2112,1.2113,20.10,28.80
2007.05.25 04:17:34.356,1.21115,1.2112,0.80,7.70
2007.05.25 04:17:34.663,1.21115,1.2112,0.80,3.70
2007.05.25 04:17:34.926,1.2112,1.2113,4.00,32.70
2007.05.25 04:17:35.188,1.2112,1.2113,4.00,24.70
2007.05.25 04:17:35.258,1.2112,1.2113,12.00,24.70
2007.05.25 04:17:35.290,1.2112,1.2113,31.90,16.80
2007.05.25 04:17:35.355,1.2112,1.2113,31.90,16.00
2007.05.25 04:17:35.569,1.2112,1.2113,31.90,8.00
2007.05.25 04:17:35.781,1.2112,1.2113,35.90,8.00
2007.05.25 04:17:37.271,1.2112,1.2113,35.90,16.00
2007.05.25 04:17:38.085,1.2112,1.2113,35.90,8.00
2007.05.25 04:17:45.796,1.2112,1.2113,23.90,8.00
2007.05.25 04:17:45.840,1.2112,1.2113,8.00,23.90
2007.05.25 04:17:45.947,1.2112,1.2113,4.00,31.90
2007.05.25 04:17:48.098,1.2112,1.2113,4.00,23.90
2007.05.25 04:17:48.265,1.2112,1.2113,12.00,23.90
2007.05.25 04:17:48.345,1.2112,1.2113,27.90,8.00
2007.05.25 04:17:48.441,1.2112,1.2113,31.90,8.00
2007.05.25 04:17:48.792,1.2112,1.2113,35.90,8.00
2007.05.25 04:18:36.402,1.2112,1.2113,35.90,8.80
2007.05.25 04:18:36.718,1.2112,1.2113,31.90,17.60
2007.05.25 04:18:36.760,1.2112,1.2113,31.90,29.60
2007.05.25 04:18:36.776,1.21115,1.2112,0.80,4.00
2007.05.25 04:18:36.839,1.21115,1.2112,0.80,8.00
2007.05.25 04:18:46.477,1.2111,1.2112,38.30,8.80
2007.05.25 04:18:46.707,1.2111,1.2112,35.90,8.80
2007.05.25 04:18:46.972,1.2111,1.2112,35.90,8.00
2007.05.25 04:18:56.329,1.2111,1.2112,35.90,0.90
2007.05.25 04:18:59.735,1.2111,1.2112,16.00,0.80
2007.05.25 04:18:59.768,1.2111,1.2112,4.00,0.90
2007.05.25 04:18:59.850,1.2111,1.21125,4.00,43.90
2007.05.25 04:19:00.156,1.2111,1.21125,4.00,44.70
2007.05.25 04:19:00.207,1.2111,1.2112,4.00,0.60
2007.05.25 04:19:00.285,1.211,1.2111,42.20,0.90
2007.05.25 04:19:00.357,1.211,1.2111,41.40,0.70
2007.05.25 04:19:00.766,1.211,1.2112,41.40,71.90
2007.05.25 04:19:06.166,1.211,1.2112,39.00,71.90
2007.05.25 04:19:11.908,1.211,1.2111,39.10,0.70
2007.05.25 04:19:14.713,1.211,1.2112,38.30,72.70
2007.05.25 04:19:14.727,1.211,1.2111,38.30,0.70
2007.05.25 04:19:14.818,1.211,1.21115,36.70,26.40
2007.05.25 04:19:14.954,1.211,1.21115,35.90,13.30
2007.05.25 04:19:15.017,1.211,1.2111,35.90,0.80
2007.05.25 04:19:15.138,1.211,1.2111,35.90,0.90
2007.05.25 04:19:15.233,1.211,1.21115,35.90,13.40
2007.05.25 04:19:15.734,1.211,1.21115,35.90,21.20
2007.05.25 04:19:15.840,1.211,1.2111,35.90,0.50
2007.05.25 04:19:16.215,1.211,1.2111,35.90,0.60
2007.05.25 04:19:16.251,1.211,1.2112,35.90,77.50
2007.05.25 04:19:16.330,1.211,1.2112,35.90,77.50
2007.05.25 04:19:16.722,1.211,1.2112,37.60,73.50
2007.05.25 04:19:16.740,1.211,1.2111,38.40,0.90
2007.05.25 04:19:16.838,1.211,1.2112,38.80,75.90
2007.05.25 04:19:31.791,1.211,1.2111,38.80,8.00
2007.05.25 04:19:42.153,1.211,1.2111,38.00,8.00
2007.05.25 04:19:42.168,1.211,1.2111,35.90,8.00
2007.05.25 04:19:42.680,1.211,1.2111,38.00,8.00
2007.05.25 04:19:42.900,1.211,1.2111,38.80,8.00
2007.05.25 04:19:45.874,1.211,1.2111,34.80,8.00
2007.05.25 04:19:46.274,1.211,1.2111,34.00,8.00
2007.05.25 04:19:46.407,1.211,1.2111,32.70,8.80
2007.05.25 04:19:46.490,1.211,1.2111,31.90,9.60
2007.05.25 04:19:46.597,1.211,1.2111,31.90,8.80
2007.05.25 04:19:46.800,1.211,1.2111,34.00,8.80
2007.05.25 04:19:46.966,1.211,1.2111,34.80,8.80
2007.05.25 04:19:47.452,1.211,1.2111,32.70,8.80
2007.05.25 04:19:47.539,1.211,1.2111,31.90,8.00
2007.05.25 04:19:47.743,1.211,1.2111,33.90,8.00
2007.05.25 04:19:47.871,1.211,1.2111,34.70,8.00
2007.05.25 04:19:48.381,1.211,1.2111,33.50,8.20
2007.05.25 04:19:48.490,1.211,1.2111,32.70,8.20
2007.05.25 04:19:48.542,1.211,1.2111,31.90,8.20
2007.05.25 04:19:48.691,1.211,1.2111,31.90,8.00
2007.05.25 04:19:48.795,1.211,1.2111,32.10,8.00
2007.05.25 04:19:49.699,1.211,1.2111,34.00,8.00
2007.05.25 04:19:49.774,1.211,1.2111,34.80,8.00
2007.05.25 04:19:49.793,1.211,1.2111,38.80,8.00
2007.05.25 04:19:54.353,1.211,1.2111,36.40,8.00
2007.05.25 04:19:54.446,1.211,1.2111,35.90,11.10
2007.05.25 04:19:54.749,1.211,1.2111,35.90,10.40
2007.05.25 04:19:55.770,1.211,1.2111,35.90,9.90
2007.05.25 04:19:56.705,1.211,1.2111,35.90,9.20
2007.05.25 04:19:57.737,1.211,1.2111,35.90,8.70
2007.05.25 04:19:57.845,1.211,1.2111,31.90,8.70
2007.05.25 04:19:58.164,1.211,1.2111,31.90,16.70
2007.05.25 04:19:58.218,1.211,1.2111,19.90,16.70
2007.05.25 04:19:58.292,1.2109,1.2111,54.30,32.80
2007.05.25 04:19:58.774,1.2109,1.2111,54.30,32.40
2007.05.25 04:19:58.857,1.2109,1.2111,54.30,36.40
2007.05.25 04:19:59.192,1.2109,1.2111,66.30,36.40
2007.05.25 04:19:59.204,1.2109,1.2111,67.10,28.30
2007.05.25 04:19:59.263,1.211,1.2111,8.00,28.30
2007.05.25 04:19:59.294,1.211,1.2111,27.90,12.40
2007.05.25 04:19:59.754,1.211,1.2111,31.90,12.40
2007.05.25 04:20:00.341,1.211,1.2111,31.90,13.10
2007.05.25 04:20:00.649,1.211,1.2111,31.90,13.00
2007.05.25 04:20:01.186,1.211,1.2111,19.90,13.00
2007.05.25 04:20:01.286,1.2109,1.2111,61.50,32.90
2007.05.25 04:20:01.356,1.2109,1.2111,60.70,32.90
2007.05.25 04:20:01.411,1.2109,1.2111,58.30,32.90
2007.05.25 04:20:01.667,1.2109,1.2111,58.30,37.40
2007.05.25 04:20:02.197,1.2109,1.2111,58.30,37.80
2007.05.25 04:20:03.642,1.2109,1.2111,59.10,37.80
2007.05.25 04:20:03.749,1.211,1.2111,19.90,17.90
2007.05.25 04:20:03.782,1.211,1.2111,27.90,17.90
2007.05.25 04:20:04.152,1.211,1.2111,27.90,17.60
2007.05.25 04:20:04.181,1.211,1.2111,31.90,17.60
2007.05.25 04:20:08.661,1.211,1.2111,31.90,20.00
2007.05.25 04:20:08.682,1.211,1.2111,31.90,21.20
2007.05.25 04:20:08.768,1.2109,1.211,39.20,4.00
2007.05.25 04:20:08.898,1.211,1.2111,4.00,57.50
2007.05.25 04:20:08.938,1.2109,1.211,36.70,8.00
2007.05.25 04:20:09.421,1.2109,1.211,35.90,8.00
2007.05.25 04:20:12.125,1.2109,1.211,35.90,4.00
2007.05.25 04:20:12.169,1.2109,1.2111,55.90,36.40
2007.05.25 04:20:13.347,1.2109,1.2111,56.70,36.40
2007.05.25 04:20:13.652,1.2109,1.2111,57.50,36.40
2007.05.25 04:20:13.722,1.2109,1.2111,69.50,36.40
2007.05.25 04:20:13.754,1.211,1.2111,8.00,36.40
2007.05.25 04:20:13.774,1.211,1.2111,27.90,16.30
2007.05.25 04:20:14.342,1.211,1.2111,31.90,16.30
2007.05.25 04:20:14.689,1.211,1.2111,31.90,16.00
2007.05.25 04:20:15.856,1.211,1.2111,35.90,16.00
2007.05.25 04:20:18.005,1.211,1.2111,35.90,13.60
2007.05.25 04:20:18.087,1.211,1.2111,35.90,17.60
2007.05.25 04:20:18.216,1.211,1.2111,16.00,33.60
2007.05.25 04:20:18.495,1.211,1.2111,4.00,33.60
2007.05.25 04:20:18.682,1.2109,1.2111,58.30,36.90
2007.05.25 04:20:18.767,1.2109,1.211,46.30,4.00
2007.05.25 04:20:18.898,1.2109,1.211,38.30,4.00
2007.05.25 04:20:19.288,1.2109,1.211,38.30,8.00
2007.05.25 04:20:21.696,1.2109,1.211,19.20,8.00
2007.05.25 04:20:21.779,1.211,1.2111,12.00,57.20
2007.05.25 04:20:21.839,1.211,1.2111,35.90,26.70
2007.05.25 04:20:21.857,1.211,1.2111,35.90,14.70
2007.05.25 04:20:22.220,1.211,1.2111,35.90,14.40
2007.05.25 04:20:22.411,1.211,1.2111,35.90,13.60
2007.05.25 04:20:22.803,1.211,1.2111,34.30,13.60
2007.05.25 04:20:23.225,1.211,1.2111,30.30,13.60
2007.05.25 04:20:23.258,1.211,1.2111,26.30,13.60
2007.05.25 04:20:23.709,1.211,1.2111,19.90,13.60
2007.05.25 04:20:23.762,1.211,1.2111,4.00,33.60
2007.05.25 04:20:25.318,1.211,1.2111,4.00,34.40
2007.05.25 04:20:25.646,1.211,1.2111,4.00,37.20
2007.05.25 04:20:25.675,1.211,1.2111,4.00,49.20
2007.05.25 04:20:25.764,1.2109,1.211,44.70,4.00
2007.05.25 04:20:25.847,1.2109,1.211,36.70,4.00
2007.05.25 04:20:26.170,1.2109,1.211,36.70,8.00
2007.05.25 04:20:27.717,1.211,1.2111,10.40,66.00
2007.05.25 04:20:27.833,1.211,1.2111,34.30,26.70
2007.05.25 04:20:27.966,1.211,1.2111,34.30,14.70
2007.05.25 04:20:28.241,1.211,1.2111,34.30,14.40
2007.05.25 04:20:28.268,1.211,1.2111,31.90,14.40
2007.05.25 04:20:28.465,1.211,1.2111,31.90,13.60
2007.05.25 04:20:30.988,1.2109,1.2111,59.90,13.60
2007.05.25 04:20:40.774,1.211,1.2111,4.50,13.70
2007.05.25 04:20:49.352,1.2109,1.2111,62.30,13.60
2007.05.25 04:21:02.749,1.211,1.2111,31.90,12.80
2007.05.25 04:21:05.370,1.211,1.2111,31.90,12.40
2007.05.25 04:21:10.263,1.211,1.2111,31.90,8.40
2007.05.25 04:21:10.315,1.211,1.2111,43.90,4.40
2007.05.25 04:21:15.077,1.2109,1.2111,71.90,4.40
2007.05.25 04:21:15.195,1.2109,1.2111,76.70,4.30
2007.05.25 04:21:17.260,1.2109,1.2111,62.30,8.30
2007.05.25 04:21:17.781,1.211,1.2111,4.20,12.30
2007.05.25 04:21:19.241,1.2109,1.2111,59.90,8.30
2007.05.25 04:21:19.348,1.2109,1.2111,74.30,4.30
2007.05.25 04:21:19.850,1.2109,1.2111,74.30,2.80
2007.05.25 04:21:20.056,1.2109,1.2111,74.30,2.80
2007.05.25 04:21:20.255,1.21095,1.2111,43.90,6.80
2007.05.25 04:21:20.647,1.2109,1.2111,62.30,10.80
2007.05.25 04:21:20.824,1.2109,1.2111,64.70,10.80
2007.05.25 04:21:21.185,1.211,1.2111,34.30,10.80
2007.05.25 04:21:21.216,1.211,1.2111,35.10,8.00
2007.05.25 04:21:21.282,1.2111,1.21115,2.20,0.80
2007.05.25 04:21:21.324,1.211,1.21115,51.00,0.80
2007.05.25 04:21:21.351,1.211,1.2112,63.00,10.40
2007.05.25 04:21:21.430,1.211,1.2111,67.00,1.30
2007.05.25 04:21:21.575,1.211,1.2112,67.80,8.00
2007.05.25 04:21:21.827,1.211,1.2112,69.40,8.00
2007.05.25 04:21:26.656,1.2111,1.2112,3.90,8.00
2007.05.25 04:21:26.821,1.211,1.2112,65.60,23.90
2007.05.25 04:21:26.872,1.211,1.2112,65.60,23.90
2007.05.25 04:21:26.926,1.211,1.2112,65.60,31.90
2007.05.25 04:21:27.847,1.211,1.2112,10.90,31.90
2007.05.25 04:21:30.853,1.211,1.2112,18.50,34.30
2007.05.25 04:21:31.028,1.21095,1.2112,50.30,42.30
2007.05.25 04:21:31.134,1.211,1.2112,6.10,40.70
2007.05.25 04:21:31.272,1.211,1.2112,19.20,44.70
2007.05.25 04:21:31.307,1.2109,1.2111,67.90,4.00
2007.05.25 04:21:31.566,1.2109,1.2111,63.10,4.00
2007.05.25 04:21:31.767,1.2109,1.2111,63.10,8.00
2007.05.25 04:21:33.628,1.2109,1.2111,65.50,8.00
2007.05.25 04:21:33.735,1.2109,1.2111,65.50,4.00
2007.05.25 04:21:33.808,1.21095,1.2111,46.30,4.00
2007.05.25 04:21:33.827,1.21095,1.2111,58.30,4.00
2007.05.25 04:21:33.909,1.21095,1.2112,62.30,31.90
2007.05.25 04:21:34.073,1.21095,1.2112,62.30,31.90
2007.05.25 04:21:34.313,1.21095,1.2112,62.30,23.90
2007.05.25 04:21:34.440,1.211,1.2112,9.90,23.90
2007.05.25 04:21:34.617,1.21095,1.2112,63.90,23.90
2007.05.25 04:21:34.772,1.211,1.2112,62.30,23.90
2007.05.25 04:21:34.844,1.211,1.2112,67.00,8.00
2007.05.25 04:21:35.148,1.211,1.2112,71.00,8.00
2007.05.25 04:21:37.027,1.21105,1.2112,39.90,8.00
2007.05.25 04:21:37.192,1.21105,1.2112,31.90,8.00
2007.05.25 04:21:37.241,1.2111,1.2112,2.80,23.90
2007.05.25 04:21:37.345,1.21105,1.2112,3.70,31.90
2007.05.25 04:21:37.385,1.21095,1.2112,68.30,31.90
2007.05.25 04:21:37.534,1.21095,1.2112,68.10,31.90
2007.05.25 04:21:37.841,1.21095,1.2112,63.10,23.90
2007.05.25 04:21:37.894,1.211,1.2112,21.50,23.90
2007.05.25 04:21:37.947,1.21095,1.2112,66.30,23.90
2007.05.25 04:21:38.068,1.211,1.2112,15.10,27.90
2007.05.25 04:21:38.670,1.211,1.2112,55.20,27.90
2007.05.25 04:21:38.745,1.211,1.2112,61.60,23.90
2007.05.25 04:21:38.790,1.2112,1.21125,0.90,12.00
2007.05.25 04:21:38.913,1.2112,1.2113,1.80,39.20
2007.05.25 04:21:39.086,1.2111,1.2113,44.70,15.30
2007.05.25 04:21:39.213,1.2112,1.21125,0.50,8.00
2007.05.25 04:21:40.179,1.2112,1.2113,2.20,46.40
2007.05.25 04:21:40.345,1.2111,1.2113,44.70,54.40
2007.05.25 04:21:41.140,1.2111,1.2113,43.90,52.00
2007.05.25 04:21:41.182,1.2112,1.2113,2.30,56.80
2007.05.25 04:21:41.281,1.2111,1.2112,5.90,4.00
2007.05.25 04:21:41.660,1.211,1.2112,62.30,4.00
2007.05.25 04:21:41.694,1.211,1.2112,62.30,8.00
2007.05.25 04:21:50.320,1.2111,1.2112,27.90,8.80
2007.05.25 04:21:50.383,1.211,1.2111,24.80,4.00
2007.05.25 04:21:50.417,1.211,1.2111,34.30,8.00
2007.05.25 04:21:50.638,1.2111,1.2112,4.00,22.40
2007.05.25 04:21:50.781,1.2111,1.2112,4.00,58.30
2007.05.25 04:21:50.849,1.211,1.2112,34.30,58.30
2007.05.25 04:21:50.861,1.211,1.2112,34.30,54.30
2007.05.25 04:21:51.107,1.211,1.2112,34.30,46.30
2007.05.25 04:21:51.169,1.211,1.2112,42.30,46.30
2007.05.25 04:21:51.262,1.211,1.2112,54.30,30.30
2007.05.25 04:21:51.409,1.211,1.2112,54.30,27.90
2007.05.25 04:21:51.713,1.2111,1.2112,4.00,27.90
2007.05.25 04:21:51.822,1.2111,1.2112,23.90,8.00
2007.05.25 04:21:51.907,1.2111,1.2112,23.90,12.00
2007.05.25 04:21:52.194,1.2111,1.2112,27.90,12.00
2007.05.25 04:22:00.980,1.2111,1.2112,27.90,8.00
2007.05.25 04:22:01.793,1.2111,1.2112,31.90,8.00
2007.05.25 04:22:02.535,1.2111,1.2112,2.90,8.00
2007.05.25 04:22:22.456,1.2111,1.2112,10.90,8.00
2007.05.25 04:22:24.693,1.211,1.2112,56.30,8.00
2007.05.25 04:22:24.718,1.2111,1.2112,2.20,23.90
2007.05.25 04:22:24.814,1.211,1.2112,65.90,31.90
2007.05.25 04:22:25.198,1.2111,1.2112,2.00,35.90
2007.05.25 04:22:25.326,1.21095,1.2112,57.90,36.70
2007.05.25 04:22:25.593,1.211,1.2111,20.20,4.00
2007.05.25 04:22:25.791,1.211,1.2111,8.70,4.00
2007.05.25 04:22:25.875,1.2109,1.2111,67.50,4.00
2007.05.25 04:22:25.885,1.211,1.2111,15.10,8.00
2007.05.25 04:22:27.235,1.2109,1.2111,68.30,8.00
2007.05.25 04:22:31.418,1.2109,1.2111,69.10,8.00
2007.05.25 04:22:35.297,1.211,1.2111,33.90,8.00
2007.05.25 04:22:35.681,1.211,1.2111,33.90,8.10
2007.05.25 04:22:36.730,1.211,1.2111,31.50,8.10
2007.05.25 04:22:36.801,1.211,1.2111,31.50,8.00
2007.05.25 04:22:36.884,1.211,1.2111,31.50,8.10
2007.05.25 04:22:37.157,1.211,1.2111,33.90,8.10
2007.05.25 04:22:39.273,1.211,1.2111,34.30,8.10
2007.05.25 04:22:40.197,1.211,1.2111,34.30,8.00
2007.05.25 04:22:42.364,1.211,1.2111,38.30,8.00
2007.05.25 04:22:42.467,1.2111,1.2112,8.00,60.70
2007.05.25 04:22:42.673,1.2111,1.2112,2.50,60.70
2007.05.25 04:22:53.743,1.211,1.2111,38.30,4.00
2007.05.25 04:22:53.869,1.2111,1.2112,1.50,24.00
2007.05.25 04:22:53.945,1.2111,1.2112,10.80,16.00
2007.05.25 04:22:54.168,1.2111,1.2112,11.20,8.00
2007.05.25 04:22:54.261,1.2112,1.2113,3.60,42.80
2007.05.25 04:22:56.912,1.2111,1.2112,59.10,4.00
2007.05.25 04:22:56.942,1.2111,1.2113,65.50,23.40
2007.05.25 04:22:57.097,1.2112,1.2113,11.60,22.40
2007.05.25 04:22:57.192,1.2111,1.2113,62.30,21.60
2007.05.25 04:22:57.253,1.2112,1.2113,19.80,24.00
2007.05.25 04:22:57.262,1.2112,1.2113,12.10,36.00
2007.05.25 04:22:57.347,1.2111,1.2113,51.90,36.00
2007.05.25 04:22:57.350,1.211,1.2112,78.90,4.00
2007.05.25 04:22:57.410,1.2111,1.2112,17.50,4.00
2007.05.25 04:22:57.736,1.2111,1.2112,2.30,8.00
2007.05.25 04:23:28.660,1.2111,1.2112,36.70,8.00
2007.05.25 04:23:28.779,1.2111,1.2112,39.10,4.00
2007.05.25 04:23:29.177,1.2112,1.2113,4.00,37.70
2007.05.25 04:23:29.352,1.2112,1.2113,4.00,45.70
2007.05.25 04:23:29.798,1.2112,1.2113,4.00,37.70
2007.05.25 04:23:30.195,1.2112,1.2113,4.00,37.50
2007.05.25 04:23:30.349,1.2112,1.2113,4.00,45.50
2007.05.25 04:23:31.615,1.2112,1.2113,4.00,41.50
2007.05.25 04:23:32.367,1.2112,1.2113,4.00,41.70
2007.05.25 04:23:32.393,1.2112,1.2113,4.00,33.70
2007.05.25 04:23:32.475,1.2112,1.2113,4.00,33.50
2007.05.25 04:23:33.820,1.2112,1.2113,4.00,33.70
2007.05.25 04:23:35.179,1.2112,1.2113,4.00,41.70
2007.05.25 04:23:35.946,1.2112,1.2113,4.00,33.70
2007.05.25 04:23:36.605,1.2112,1.2113,4.00,33.50
2007.05.25 04:23:38.229,1.2112,1.2113,4.00,41.50
2007.05.25 04:23:38.552,1.2112,1.2113,4.00,41.70
2007.05.25 04:23:38.729,1.2112,1.2113,4.00,33.70
2007.05.25 04:23:38.879,1.2112,1.2113,4.00,33.50
2007.05.25 04:23:39.589,1.2112,1.2113,4.00,33.70
2007.05.25 04:23:40.443,1.2112,1.2113,4.00,33.50
2007.05.25 04:23:41.330,1.2112,1.2113,4.00,45.50
2007.05.25 04:23:41.526,1.2111,1.2112,50.30,4.00
2007.05.25 04:23:41.690,1.2111,1.2112,38.30,4.00
2007.05.25 04:23:41.772,1.2111,1.2112,38.30,8.00
2007.05.25 04:23:44.731,1.2111,1.2112,38.30,4.00
2007.05.25 04:23:44.817,1.2111,1.2113,58.30,49.10
2007.05.25 04:23:44.850,1.2111,1.2113,58.30,46.70
2007.05.25 04:23:44.870,1.2111,1.2113,58.30,34.70
2007.05.25 04:23:44.912,1.2111,1.2113,58.30,33.90
2007.05.25 04:23:44.991,1.2111,1.2113,58.30,33.60
2007.05.25 04:23:45.100,1.2111,1.2113,58.30,32.80
2007.05.25 04:23:45.807,1.2111,1.2113,58.30,28.80
2007.05.25 04:23:48.155,1.2111,1.2113,58.30,32.80
2007.05.25 04:23:48.260,1.2111,1.2113,58.30,33.60
2007.05.25 04:23:48.303,1.2111,1.2113,58.30,36.00
2007.05.25 04:23:48.329,1.2111,1.2113,58.30,48.00
2007.05.25 04:23:48.422,1.2111,1.2113,58.30,56.80
2007.05.25 04:23:48.456,1.2111,1.2112,38.30,4.00
2007.05.25 04:23:48.898,1.2111,1.2112,38.30,8.00
2007.05.25 04:23:52.689,1.2111,1.2112,38.30,4.00
2007.05.25 04:23:52.882,1.2111,1.2113,50.30,37.10
2007.05.25 04:23:52.953,1.2111,1.2113,54.30,35.20
2007.05.25 04:23:52.998,1.2111,1.2113,54.30,34.40
2007.05.25 04:23:53.081,1.2111,1.2113,54.30,32.00
2007.05.25 04:23:56.093,1.2111,1.2113,54.30,33.90
2007.05.25 04:23:56.171,1.2111,1.2113,50.30,33.90
2007.05.25 04:23:56.266,1.2111,1.2113,54.30,32.80
2007.05.25 04:23:58.960,1.2111,1.2113,54.30,32.00
2007.05.25 04:24:03.362,1.2111,1.2113,54.30,32.10
2007.05.25 04:24:07.598,1.2111,1.2113,58.30,28.10
2007.05.25 04:24:11.351,1.2111,1.2113,58.30,28.90
2007.05.25 04:24:11.389,1.2111,1.2113,58.30,30.80
2007.05.25 04:24:12.621,1.2111,1.2113,58.30,30.00
2007.05.25 04:24:12.713,1.2111,1.2113,58.30,29.70
2007.05.25 04:24:14.664,1.2111,1.2113,58.30,28.90
2007.05.25 04:24:14.704,1.2111,1.2113,58.30,29.70
2007.05.25 04:24:14.857,1.2111,1.2112,38.30,4.00
2007.05.25 04:24:15.291,1.2111,1.2112,38.30,8.00
2007.05.25 04:24:18.172,1.2111,1.2112,38.30,4.00
2007.05.25 04:24:18.329,1.2111,1.2113,50.30,35.40
2007.05.25 04:24:18.400,1.2111,1.2113,50.30,32.70
2007.05.25 04:24:18.474,1.2111,1.2113,50.30,31.90
2007.05.25 04:24:18.710,1.2112,1.2113,4.00,27.90
2007.05.25 04:24:18.812,1.2112,1.2113,12.00,4.00
2007.05.25 04:24:20.248,1.2112,1.2114,12.00,60.40
2007.05.25 04:24:21.186,1.2112,1.2114,12.00,63.90
2007.05.25 04:24:21.319,1.2112,1.2113,12.00,0.80
2007.05.25 04:24:21.387,1.2112,1.2113,12.00,1.60
2007.05.25 04:24:21.555,1.2112,1.2113,12.00,0.80
2007.05.25 04:24:21.704,1.2112,1.2113,12.00,16.90
2007.05.25 04:24:21.762,1.2112,1.2113,4.00,16.90
2007.05.25 04:24:21.811,1.2112,1.2113,4.00,20.90
2007.05.25 04:24:21.904,1.2111,1.2113,58.30,20.10
2007.05.25 04:24:22.261,1.2111,1.2113,58.30,24.10
2007.05.25 04:24:23.028,1.21105,1.2113,70.30,24.10
2007.05.25 04:24:23.332,1.2111,1.2113,18.00,28.10
2007.05.25 04:24:32.823,1.2111,1.2113,2.10,32.10
2007.05.25 04:24:38.200,1.2111,1.2113,66.30,32.10
2007.05.25 04:24:38.352,1.2111,1.2113,55.10,12.00
2007.05.25 04:24:38.792,1.2112,1.2113,10.10,12.00
2007.05.25 04:24:38.924,1.2111,1.2113,76.70,8.00
2007.05.25 04:24:39.589,1.2111,1.2113,76.60,16.00
2007.05.25 04:24:42.682,1.2111,1.2113,75.00,16.00
2007.05.25 04:24:42.790,1.2111,1.2113,80.70,12.00
2007.05.25 04:24:42.832,1.2112,1.2113,17.90,8.00
2007.05.25 04:24:42.920,1.2111,1.21135,80.70,8.00
2007.05.25 04:24:42.945,1.21115,1.2114,63.90,40.20
2007.05.25 04:24:43.100,1.21115,1.2114,63.90,32.20
2007.05.25 04:24:43.215,1.2112,1.2114,15.60,32.20
2007.05.25 04:24:43.254,1.2113,1.2114,1.20,32.20
2007.05.25 04:24:43.329,1.2113,1.2114,4.60,16.30
2007.05.25 04:24:43.403,1.2112,1.2114,69.40,15.50
2007.05.25 04:24:43.737,1.2112,1.2114,78.20,13.10
2007.05.25 04:24:43.813,1.2112,1.2114,77.40,12.40
2007.05.25 04:24:43.832,1.2113,1.2114,15.80,12.40
2007.05.25 04:24:45.212,1.2112,1.2114,69.40,12.40
2007.05.25 04:24:45.248,1.2113,1.2114,1.00,28.30
2007.05.25 04:24:45.463,1.2112,1.2114,23.20,28.30
2007.05.25 04:24:47.739,1.21115,1.2114,63.90,30.70
2007.05.25 04:24:48.320,1.21115,1.2114,63.90,38.70
2007.05.25 04:24:49.213,1.21115,1.2114,66.30,36.30
2007.05.25 04:24:49.585,1.2112,1.2114,24.80,28.30
2007.05.25 04:24:49.704,1.21115,1.2114,66.30,37.10
2007.05.25 04:24:49.748,1.2112,1.2114,13.90,39.50
2007.05.25 04:24:49.809,1.2112,1.2113,13.90,4.00
2007.05.25 04:24:50.022,1.2111,1.2113,72.70,4.00
2007.05.25 04:24:50.238,1.2113,1.2114,3.40,25.20
2007.05.25 04:24:50.242,1.2113,1.2114,8.20,25.20
2007.05.25 04:24:50.307,1.2112,1.2114,56.60,37.20
2007.05.25 04:24:50.337,1.2112,1.2114,68.60,25.20
2007.05.25 04:24:50.348,1.2113,1.2114,6.70,22.80
2007.05.25 04:24:50.428,1.2112,1.2114,69.40,14.80
2007.05.25 04:24:51.898,1.2113,1.2114,23.90,14.80
2007.05.25 04:24:53.235,1.2113,1.2114,4.00,40.30
2007.05.25 04:24:53.337,1.2112,1.2114,51.10,40.30
2007.05.25 04:24:53.394,1.2112,1.2114,47.10,40.30
2007.05.25 04:24:53.429,1.2112,1.2114,46.30,40.30
2007.05.25 04:24:53.601,1.2112,1.2114,43.90,40.30
2007.05.25 04:24:53.655,1.2112,1.2114,43.90,41.10
2007.05.25 04:24:53.740,1.2112,1.2114,43.90,43.50
2007.05.25 04:24:53.771,1.2112,1.2113,43.90,4.00
2007.05.25 04:24:54.065,1.2112,1.2113,39.90,4.00
2007.05.25 04:24:54.150,1.2112,1.2113,27.90,4.00
2007.05.25 04:24:54.232,1.2112,1.2113,27.90,16.00
2007.05.25 04:24:54.278,1.2112,1.2113,12.00,31.90
2007.05.25 04:24:57.267,1.2111,1.2113,49.60,31.90
2007.05.25 04:25:02.264,1.2111,1.2112,42.00,8.00
2007.05.25 04:25:02.365,1.2111,1.2112,31.20,12.00
2007.05.25 04:25:02.603,1.2111,1.2112,9.50,16.00
2007.05.25 04:25:02.742,1.211,1.2112,48.00,16.00
2007.05.25 04:25:02.794,1.211,1.2112,44.80,16.00
2007.05.25 04:25:03.220,1.211,1.2112,48.00,16.00
2007.05.25 04:25:05.182,1.211,1.2112,48.00,16.00
2007.05.25 04:25:09.600,1.2111,1.2112,2.90,16.00
2007.05.25 04:25:09.708,1.2111,1.2112,1.70,16.00
2007.05.25 04:25:10.700,1.2111,1.2112,1.30,16.00
2007.05.25 04:25:12.662,1.211,1.2112,48.00,16.00
2007.05.25 04:25:14.687,1.211,1.2112,50.40,16.00
2007.05.25 04:25:32.808,1.2111,1.2112,12.00,16.00
2007.05.25 04:25:35.965,1.2111,1.2112,12.00,8.00
2007.05.25 04:25:36.140,1.2111,1.2112,14.40,8.00
2007.05.25 04:25:37.975,1.2111,1.2112,22.40,8.00
2007.05.25 04:25:38.024,1.2111,1.2112,38.30,8.00
2007.05.25 04:25:43.730,1.2111,1.2112,35.90,8.00
2007.05.25 04:25:45.462,1.2111,1.2112,35.90,0.90
2007.05.25 04:26:21.203,1.211,1.2111,43.20,4.00
2007.05.25 04:26:21.267,1.2111,1.2112,4.00,44.70
2007.05.25 04:26:21.405,1.211,1.2111,50.30,8.00
2007.05.25 04:26:21.443,1.211,1.2111,38.30,8.00
2007.05.25 04:26:22.241,1.211,1.2111,38.30,4.00
2007.05.25 04:26:22.244,1.2111,1.2112,4.00,52.70
2007.05.25 04:26:22.326,1.2111,1.2112,4.00,40.70
2007.05.25 04:26:22.435,1.2111,1.2112,4.00,39.90
2007.05.25 04:26:22.442,1.2111,1.2112,4.00,31.90
2007.05.25 04:26:24.270,1.2111,1.2112,31.90,16.00
2007.05.25 04:26:24.373,1.2111,1.2112,31.90,8.00
2007.05.25 04:26:24.851,1.2111,1.2112,35.90,8.00
2007.05.25 04:26:41.282,1.2112,1.2113,12.00,49.80
2007.05.25 04:26:41.404,1.2112,1.2113,31.90,8.00
2007.05.25 04:26:58.858,1.2112,1.2113,35.90,8.00
2007.05.25 04:26:59.174,1.2112,1.2113,38.30,8.00
2007.05.25 04:26:59.182,1.2112,1.2113,39.10,8.00
2007.05.25 04:26:59.297,1.2113,1.2114,12.00,41.40
2007.05.25 04:26:59.374,1.2113,1.2114,31.90,15.40
2007.05.25 04:26:59.391,1.2113,1.2114,31.90,13.00
2007.05.25 04:26:59.663,1.2113,1.2114,31.90,0.80
2007.05.25 04:27:00.307,1.2113,1.2115,31.90,52.80
2007.05.25 04:27:02.229,1.2113,1.2115,19.90,52.80
2007.05.25 04:27:02.284,1.2112,1.2114,67.10,0.70
2007.05.25 04:27:02.364,1.2112,1.2114,55.10,0.50
2007.05.25 04:27:02.395,1.2112,1.21145,55.90,41.80
2007.05.25 04:27:02.480,1.2112,1.2114,55.90,0.50
2007.05.25 04:27:02.726,1.2112,1.21145,53.50,52.20
2007.05.25 04:27:03.386,1.2112,1.21145,51.90,52.20
2007.05.25 04:27:04.138,1.2112,1.21145,59.90,44.20
2007.05.25 04:27:04.202,1.2112,1.21145,60.70,44.20
2007.05.25 04:27:04.262,1.2113,1.21145,8.00,44.20
2007.05.25 04:27:04.309,1.2113,1.2114,27.90,0.90
2007.05.25 04:27:04.453,1.2113,1.21145,27.90,16.30
2007.05.25 04:27:04.650,1.2113,1.2114,31.90,0.60
2007.05.25 04:27:06.181,1.2113,1.2114,31.90,0.60
2007.05.25 04:27:06.703,1.2113,1.2115,31.90,52.90
2007.05.25 04:27:07.901,1.2113,1.2114,31.90,0.80
2007.05.25 04:27:08.749,1.2113,1.2115,31.90,49.70
2007.05.25 04:27:13.627,1.2113,1.2115,31.90,52.10
2007.05.25 04:27:14.243,1.2113,1.2115,31.90,49.70
2007.05.25 04:27:16.097,1.2113,1.2114,31.90,0.70
2007.05.25 04:27:16.298,1.2113,1.21145,31.90,20.10
2007.05.25 04:27:16.497,1.2113,1.2114,31.90,0.60
2007.05.25 04:27:17.028,1.2113,1.2115,31.90,50.80
2007.05.25 04:27:17.133,1.2113,1.2115,31.90,51.60
2007.05.25 04:27:17.358,1.2113,1.2114,31.90,0.80
2007.05.25 04:27:20.385,1.2113,1.2114,31.90,0.70
2007.05.25 04:27:22.733,1.2113,1.2114,31.90,0.70
2007.05.25 04:27:26.214,1.2113,1.2115,31.90,52.10
2007.05.25 04:27:33.202,1.2113,1.2114,31.90,12.10
2007.05.25 04:27:33.712,1.2113,1.2114,31.90,12.40
2007.05.25 04:27:34.237,1.2113,1.2114,31.90,12.10
2007.05.25 04:27:34.628,1.2113,1.2114,31.90,12.00
2007.05.25 04:27:34.761,1.2113,1.2114,31.90,8.00
2007.05.25 04:27:34.771,1.2113,1.2114,43.90,4.00
2007.05.25 04:27:34.858,1.2113,1.2114,51.90,4.00
2007.05.25 04:27:35.173,1.2113,1.2114,59.90,4.00
2007.05.25 04:27:35.183,1.2113,1.2114,62.30,4.00
2007.05.25 04:27:35.249,1.2114,1.2115,8.00,31.90
2007.05.25 04:27:35.291,1.2114,1.2115,23.90,12.00
2007.05.25 04:27:35.372,1.2114,1.2115,27.90,12.00
2007.05.25 04:27:35.470,1.2114,1.2115,27.90,14.40
2007.05.25 04:27:35.848,1.2114,1.2115,31.90,14.40
2007.05.25 04:27:36.613,1.2114,1.2115,31.90,14.40
2007.05.25 04:27:36.715,1.2114,1.2115,23.90,18.40
2007.05.25 04:27:36.755,1.2114,1.2115,8.00,15.20
2007.05.25 04:27:36.844,1.2113,1.2114,42.30,8.10
2007.05.25 04:27:36.855,1.2113,1.2114,39.90,12.10
2007.05.25 04:27:36.941,1.2113,1.2114,31.90,12.10
2007.05.25 04:27:38.240,1.2113,1.2114,31.90,8.10
2007.05.25 04:27:38.247,1.2113,1.2114,43.90,4.10
2007.05.25 04:27:38.391,1.2113,1.2114,51.90,4.00
2007.05.25 04:27:41.250,1.2113,1.2114,39.90,8.10
2007.05.25 04:27:41.389,1.2113,1.2114,31.90,8.10
2007.05.25 04:27:41.708,1.2113,1.2114,31.90,12.10
2007.05.25 04:27:43.632,1.2113,1.2114,31.90,12.00
2007.05.25 04:27:43.741,1.2113,1.2114,31.90,8.00
2007.05.25 04:27:43.772,1.2113,1.2114,51.90,4.00
2007.05.25 04:27:47.362,1.2113,1.2114,31.90,12.10
2007.05.25 04:27:47.586,1.2113,1.2114,31.90,12.40
2007.05.25 04:27:47.808,1.2113,1.2114,31.90,16.40
2007.05.25 04:27:48.044,1.2113,1.2114,31.90,12.40
2007.05.25 04:27:48.153,1.2113,1.2114,31.90,16.40
2007.05.25 04:27:48.280,1.2113,1.2114,31.90,12.40
2007.05.25 04:27:48.396,1.2113,1.2114,31.90,12.10
2007.05.25 04:27:57.912,1.2113,1.2114,31.90,20.10
2007.05.25 04:27:57.993,1.2113,1.2114,31.90,12.10
2007.05.25 04:27:58.151,1.2113,1.2114,31.90,12.40
2007.05.25 04:27:58.776,1.2113,1.2114,27.90,12.40
2007.05.25 04:27:58.846,1.2113,1.21145,23.90,25.20
2007.05.25 04:27:58.912,1.2113,1.21145,23.90,34.00
2007.05.25 04:27:59.056,1.2113,1.2114,23.90,0.90
2007.05.25 04:27:59.259,1.2113,1.21145,15.90,34.00
2007.05.25 04:27:59.327,1.2113,1.21145,15.90,38.00
2007.05.25 04:27:59.355,1.2112,1.21145,47.10,46.30
2007.05.25 04:27:59.387,1.2112,1.21145,44.70,48.70
2007.05.25 04:27:59.427,1.2112,1.2113,38.30,0.60
2007.05.25 04:27:59.765,1.2112,1.2114,38.30,48.70
2007.05.25 04:28:01.284,1.2112,1.2113,42.30,0.50
2007.05.25 04:28:01.688,1.2112,1.2114,54.30,35.10
2007.05.25 04:28:01.710,1.2112,1.2114,54.30,31.10
2007.05.25 04:28:01.855,1.2112,1.2114,54.30,0.50
2007.05.25 04:28:01.882,1.2112,1.21145,54.30,49.10
2007.05.25 04:28:02.811,1.2112,1.2114,54.30,0.80
2007.05.25 04:28:03.032,1.2112,1.2114,54.30,0.60
2007.05.25 04:28:03.636,1.2112,1.21145,54.30,49.90
2007.05.25 04:28:03.755,1.2112,1.2114,38.30,29.50
2007.05.25 04:28:04.140,1.2112,1.2114,38.30,47.90
2007.05.25 04:28:05.217,1.2112,1.2114,39.10,47.90
2007.05.25 04:28:05.270,1.2113,1.2114,12.00,43.40
2007.05.25 04:28:05.297,1.2113,1.2114,31.90,0.50
2007.05.25 04:28:05.404,1.2113,1.21145,31.90,35.60
2007.05.25 04:28:05.439,1.2113,1.21145,31.90,19.60
2007.05.25 04:28:05.485,1.2113,1.2114,31.90,0.70
2007.05.25 04:28:05.523,1.2113,1.21145,31.90,13.20
2007.05.25 04:28:06.328,1.2113,1.21145,31.90,12.90
2007.05.25 04:28:12.327,1.2113,1.2115,31.90,50.40
2007.05.25 04:28:13.593,1.2113,1.2115,31.90,50.70
2007.05.25 04:28:13.759,1.2113,1.2114,19.90,0.80
2007.05.25 04:28:13.913,1.2112,1.2114,54.30,0.60
2007.05.25 04:28:16.144,1.2112,1.21145,55.10,49.00
2007.05.25 04:28:16.393,1.2112,1.21145,59.10,45.00
2007.05.25 04:28:16.432,1.2113,1.2114,4.00,0.60
2007.05.25 04:28:16.716,1.2113,1.21145,16.00,45.00
2007.05.25 04:28:16.810,1.2113,1.2114,31.90,0.50
2007.05.25 04:28:16.893,1.2113,1.21145,31.90,21.10
2007.05.25 04:28:17.141,1.2113,1.2114,31.90,0.90
2007.05.25 04:28:19.152,1.2113,1.2114,31.90,0.50
2007.05.25 04:28:19.254,1.2113,1.21145,31.90,12.80
2007.05.25 04:28:22.235,1.2113,1.2114,31.90,0.60
2007.05.25 04:28:22.260,1.2113,1.2114,19.90,24.80
2007.05.25 04:28:22.494,1.2113,1.2114,4.00,64.70
2007.05.25 04:28:22.614,1.2112,1.2114,38.30,66.10
2007.05.25 04:28:22.945,1.2112,1.2113,0.70,0.80
2007.05.25 04:28:24.407,1.2112,1.2113,0.80,0.70
2007.05.25 04:28:24.782,1.21115,1.2114,56.70,52.00
2007.05.25 04:28:24.803,1.2113,1.2114,0.80,47.50
2007.05.25 04:28:24.874,1.2112,1.2115,79.80,50.50
2007.05.25 04:28:24.935,1.2112,1.2115,79.80,50.40
2007.05.25 04:28:26.939,1.2112,1.2115,71.80,50.50
2007.05.25 04:28:27.354,1.2112,1.2115,79.80,50.40
2007.05.25 04:28:28.278,1.2112,1.2114,79.80,12.10
2007.05.25 04:28:29.548,1.2113,1.2114,2.50,12.00
2007.05.25 04:28:32.249,1.2112,1.2114,63.80,12.00
2007.05.25 04:28:32.428,1.21115,1.2114,68.70,36.20
2007.05.25 04:28:32.439,1.21115,1.2114,67.90,36.20
2007.05.25 04:28:32.573,1.21115,1.2114,66.30,36.20
2007.05.25 04:28:32.634,1.21115,1.2114,66.30,37.00
2007.05.25 04:28:32.652,1.2112,1.2114,23.20,37.00
2007.05.25 04:28:32.684,1.2112,1.2114,11.10,41.00
2007.05.25 04:28:32.759,1.21115,1.2114,59.90,43.40
2007.05.25 04:28:32.838,1.21115,1.2114,59.90,45.80
2007.05.25 04:28:32.856,1.21115,1.2114,59.90,46.10
2007.05.25 04:28:32.935,1.2112,1.2114,15.40,54.10
2007.05.25 04:28:32.965,1.2112,1.2113,13.20,4.00
2007.05.25 04:28:33.352,1.2112,1.2113,8.20,8.00
2007.05.25 04:28:34.696,1.2111,1.2113,76.70,4.00
2007.05.25 04:28:34.944,1.2112,1.2114,23.10,39.40
2007.05.25 04:28:35.330,1.21115,1.2114,63.90,38.60
2007.05.25 04:28:37.673,1.21115,1.2114,64.70,38.60
2007.05.25 04:28:37.776,1.2112,1.2114,63.10,36.20
2007.05.25 04:28:37.911,1.2113,1.2114,13.10,12.30
2007.05.25 04:28:38.264,1.2112,1.2114,79.00,12.30
2007.05.25 04:28:38.833,1.2112,1.2114,79.80,12.00
2007.05.25 04:28:50.663,1.2112,1.2114,77.40,14.40
2007.05.25 04:28:52.708,1.2113,1.2114,31.90,12.00
2007.05.25 04:28:55.855,1.2113,1.2114,31.90,14.40
2007.05.25 04:29:02.208,1.2113,1.2114,31.90,12.00
2007.05.25 04:29:17.736,1.2113,1.2114,31.90,14.40
2007.05.25 04:29:20.931,1.2113,1.2114,31.90,12.00
2007.05.25 04:30:08.389,1.2113,1.2114,27.90,12.00
2007.05.25 04:30:08.473,1.2113,1.2114,19.90,12.00
2007.05.25 04:30:08.631,1.2112,1.2114,54.30,36.20
2007.05.25 04:30:17.160,1.2112,1.2114,58.30,36.20
2007.05.25 04:30:17.221,1.2113,1.2114,8.00,36.20
2007.05.25 04:30:17.397,1.2113,1.2114,27.90,12.30
2007.05.25 04:30:17.951,1.2113,1.2114,31.90,12.30
2007.05.25 04:30:18.073,1.2113,1.2114,31.90,12.00
2007.05.25 04:30:31.297,1.2113,1.2114,31.90,12.30
2007.05.25 04:30:42.644,1.2113,1.2114,32.70,12.30
2007.05.25 04:30:42.663,1.2113,1.2114,35.10,12.30
2007.05.25 04:30:42.755,1.2113,1.2114,35.10,8.10
2007.05.25 04:30:42.768,1.2113,1.2114,35.10,4.10
2007.05.25 04:30:42.845,1.2113,1.2114,39.10,4.00
2007.05.25 04:30:43.160,1.2113,1.2114,43.10,4.00
2007.05.25 04:30:43.252,1.2113,1.2114,55.10,4.00
2007.05.25 04:30:43.354,1.2113,1.2114,56.70,4.00
2007.05.25 04:30:43.855,1.2113,1.2114,51.90,4.00
2007.05.25 04:30:45.212,1.2113,1.2114,52.70,4.00
2007.05.25 04:30:45.826,1.2113,1.2114,56.70,4.00
2007.05.25 04:30:46.146,1.2113,1.2114,64.70,4.00
2007.05.25 04:30:46.376,1.2114,1.2115,23.90,8.00
2007.05.25 04:30:46.469,1.2114,1.2115,27.90,12.00
2007.05.25 04:30:46.746,1.2114,1.2115,31.90,12.00
2007.05.25 04:30:52.929,1.2114,1.2115,31.90,0.90
2007.05.25 04:30:56.708,1.2114,1.2116,31.90,63.80
2007.05.25 04:30:59.693,1.2114,1.2115,31.90,0.90
2007.05.25 04:31:06.248,1.2114,1.2116,31.90,63.80
2007.05.25 04:31:07.267,1.2114,1.2115,31.90,0.90
2007.05.25 04:31:10.222,1.2114,1.2115,31.90,0.70
2007.05.25 04:31:12.769,1.2113,1.2115,64.70,34.30
2007.05.25 04:31:12.846,1.2113,1.2115,62.30,34.30
2007.05.25 04:31:12.858,1.2113,1.2115,50.30,34.30
2007.05.25 04:31:13.418,1.2113,1.2114,47.90,0.90
2007.05.25 04:31:21.990,1.2113,1.2114,47.90,0.90
2007.05.25 04:31:30.526,1.2113,1.2115,51.90,38.30
2007.05.25 04:31:31.443,1.2113,1.2115,51.90,43.90
2007.05.25 04:31:31.690,1.2113,1.2115,39.90,36.00
2007.05.25 04:31:31.841,1.2113,1.2114,39.90,0.80
2007.05.25 04:31:31.904,1.2113,1.2114,31.90,0.70
2007.05.25 04:31:36.982,1.2113,1.2115,39.90,40.00
2007.05.25 04:31:37.132,1.2113,1.2115,40.70,39.20
2007.05.25 04:31:37.216,1.2113,1.2114,40.70,0.50
2007.05.25 04:31:37.239,1.2113,1.2115,44.70,59.10
2007.05.25 04:31:37.461,1.2114,1.2115,19.90,22.40
2007.05.25 04:31:37.493,1.2114,1.2115,31.90,0.70
2007.05.25 04:31:38.796,1.2114,1.2116,31.90,74.80
2007.05.25 04:31:44.264,1.2114,1.21155,19.90,22.40
2007.05.25 04:31:44.288,1.2113,1.2114,56.70,0.80
2007.05.25 04:31:44.346,1.2113,1.2115,52.70,38.30
2007.05.25 04:31:44.412,1.2113,1.2115,51.90,38.30
2007.05.25 04:31:45.875,1.2113,1.2114,31.90,0.90
2007.05.25 04:31:46.201,1.2113,1.2115,31.90,50.40
2007.05.25 04:31:52.266,1.2113,1.2114,19.90,12.00
2007.05.25 04:31:52.430,1.2112,1.2114,66.30,28.20
2007.05.25 04:31:53.111,1.2112,1.2114,67.10,28.20
2007.05.25 04:31:53.358,1.2112,1.2114,71.10,28.20
2007.05.25 04:31:53.371,1.2113,1.2114,27.90,12.00
2007.05.25 04:31:53.746,1.2113,1.2114,31.90,12.00
2007.05.25 04:31:54.486,1.2113,1.2114,33.90,12.00
2007.05.25 04:31:54.523,1.2113,1.2114,34.70,12.00
2007.05.25 04:31:57.532,1.2113,1.2114,33.10,12.00
2007.05.25 04:31:57.561,1.2113,1.2114,32.30,12.00
2007.05.25 04:31:57.640,1.2113,1.2114,31.90,12.00
2007.05.25 04:32:01.263,1.2112,1.2113,44.70,4.00
2007.05.25 04:32:01.272,1.2113,1.2114,8.00,17.40
2007.05.25 04:32:01.779,1.2113,1.2114,12.00,20.40
2007.05.25 04:32:01.879,1.2113,1.2114,31.90,16.00
2007.05.25 04:32:01.908,1.2113,1.2114,31.90,12.00
2007.05.25 04:32:02.191,1.2113,1.2114,31.90,12.10
2007.05.25 04:32:02.295,1.2113,1.2114,12.00,28.00
2007.05.25 04:32:02.312,1.2112,1.2114,63.10,24.00
2007.05.25 04:32:02.400,1.2112,1.2114,59.10,24.00
2007.05.25 04:32:02.406,1.2112,1.2114,54.30,28.20
2007.05.25 04:32:02.496,1.2112,1.2114,54.30,20.20
2007.05.25 04:32:02.583,1.2112,1.2114,54.30,19.90
2007.05.25 04:32:02.658,1.2112,1.2114,62.30,19.90
2007.05.25 04:32:02.702,1.2112,1.2114,63.10,20.70
2007.05.25 04:32:02.723,1.2112,1.2114,60.70,20.70
2007.05.25 04:32:02.991,1.2112,1.2113,61.50,4.00
2007.05.25 04:32:03.154,1.2112,1.2113,24.80,4.00
2007.05.25 04:32:03.184,1.21125,1.2113,8.00,4.00
2007.05.25 04:32:03.356,1.2113,1.2114,12.00,20.50
2007.05.25 04:32:03.382,1.2113,1.2114,44.00,4.00
2007.05.25 04:32:04.210,1.2113,1.2114,48.00,4.00
2007.05.25 04:32:13.289,1.2113,1.2115,48.00,42.30
2007.05.25 04:32:18.618,1.2113,1.2114,48.10,4.00
2007.05.25 04:32:22.345,1.2113,1.2114,47.90,4.00
2007.05.25 04:32:22.641,1.2113,1.2114,47.90,8.00
2007.05.25 04:32:22.750,1.2113,1.2114,31.90,8.00
2007.05.25 04:32:22.834,1.2113,1.2114,31.90,12.00
2007.05.25 04:32:25.715,1.2113,1.2114,31.90,8.00
2007.05.25 04:32:25.745,1.2113,1.2114,47.90,4.00
2007.05.25 04:32:35.132,1.2113,1.2114,43.90,4.00
2007.05.25 04:32:35.333,1.2113,1.2114,31.90,8.00
2007.05.25 04:32:35.708,1.2113,1.2114,31.90,12.00
2007.05.25 04:32:37.759,1.2113,1.2114,19.90,12.00
2007.05.25 04:32:37.821,1.2112,1.2114,56.70,27.90
2007.05.25 04:32:37.973,1.2112,1.2114,56.70,36.00
2007.05.25 04:32:38.375,1.2112,1.2114,54.30,36.00
2007.05.25 04:32:39.791,1.2112,1.2114,50.30,36.00
2007.05.25 04:32:40.944,1.2112,1.2114,50.30,28.00
2007.05.25 04:32:41.131,1.2112,1.2114,50.30,36.00
2007.05.25 04:32:41.543,1.2112,1.2114,50.30,36.10
2007.05.25 04:32:41.659,1.2112,1.2114,54.30,32.10
2007.05.25 04:32:44.333,1.2112,1.2114,54.30,28.10
2007.05.25 04:32:45.147,1.2112,1.2114,54.30,32.10
2007.05.25 04:32:52.137,1.2112,1.2114,55.10,32.10
2007.05.25 04:32:52.187,1.2112,1.2114,59.10,32.10
2007.05.25 04:32:52.271,1.2113,1.2114,8.00,32.10
2007.05.25 04:32:52.349,1.2113,1.2114,27.90,16.20
2007.05.25 04:32:52.527,1.2113,1.2114,27.90,12.20
2007.05.25 04:32:56.250,1.2113,1.2114,19.90,12.20
2007.05.25 04:32:56.310,1.2113,1.2114,4.00,28.10
2007.05.25 04:32:56.390,1.2112,1.2114,54.30,32.10
2007.05.25 04:32:56.713,1.2112,1.2114,55.10,32.10
2007.05.25 04:32:56.742,1.2113,1.2114,8.00,32.10
2007.05.25 04:32:56.903,1.2113,1.2114,27.90,12.20
2007.05.25 04:32:58.447,1.2113,1.2114,27.90,12.00
2007.05.25 04:33:04.222,1.2113,1.2114,23.90,12.00
2007.05.25 04:33:04.337,1.2113,1.2114,23.90,12.10
2007.05.25 04:33:04.726,1.2113,1.2114,15.90,12.10
2007.05.25 04:33:04.747,1.2112,1.2114,58.30,28.00
2007.05.25 04:33:04.765,1.2112,1.2114,50.30,28.00
2007.05.25 04:33:04.889,1.2112,1.2114,50.30,36.00
2007.05.25 04:33:07.633,1.2112,1.2114,51.10,36.00
2007.05.25 04:33:07.688,1.2112,1.2114,55.10,36.00
2007.05.25 04:33:07.737,1.2113,1.2114,4.00,36.00
2007.05.25 04:33:07.845,1.2113,1.2114,4.00,28.00
2007.05.25 04:33:08.290,1.2113,1.2114,27.90,12.10
2007.05.25 04:33:09.101,1.2113,1.2114,27.90,20.10
2007.05.25 04:33:09.230,1.2113,1.2114,19.90,20.10
2007.05.25 04:33:09.388,1.2112,1.2114,51.10,28.00
2007.05.25 04:33:09.551,1.2112,1.2114,50.30,36.00
2007.05.25 04:33:09.599,1.2112,1.2114,51.10,36.00
2007.05.25 04:33:09.838,1.2113,1.2114,27.90,12.10
2007.05.25 04:33:10.120,1.2113,1.2114,27.90,12.00
2007.05.25 04:33:17.349,1.2113,1.2114,31.90,12.00
2007.05.25 04:33:17.593,1.2113,1.2114,34.30,12.00
2007.05.25 04:33:17.682,1.2112,1.2114,83.80,12.00
2007.05.25 04:33:17.734,1.2112,1.2114,81.40,12.00
2007.05.25 04:35:32.287,1.2113,1.2114,31.90,8.00
2007.05.25 04:35:32.379,1.2113,1.2114,43.90,4.00
2007.05.25 04:35:32.458,1.2113,1.2114,8.40,4.00
2007.05.25 04:35:32.468,1.21125,1.2114,59.90,4.00
2007.05.25 04:35:32.660,1.21125,1.2115,59.90,38.30
2007.05.25 04:35:32.860,1.21125,1.2114,59.90,4.00
2007.05.25 04:35:47.510,1.21125,1.2114,63.90,4.00
2007.05.25 04:35:50.941,1.2113,1.2114,3.70,8.00
2007.05.25 04:35:51.245,1.2113,1.2114,9.60,12.00
2007.05.25 04:35:52.282,1.2112,1.2114,75.10,8.00
2007.05.25 04:35:52.442,1.2112,1.2114,87.10,8.00
2007.05.25 04:35:52.538,1.21125,1.2114,59.90,4.00
2007.05.25 04:35:52.701,1.21125,1.2115,59.90,34.30
2007.05.25 04:35:55.380,1.21125,1.2115,60.00,34.30
2007.05.25 04:36:00.227,1.21125,1.2115,60.80,34.30
2007.05.25 04:36:00.230,1.2113,1.2115,27.70,31.90
2007.05.25 04:36:00.293,1.2114,1.2115,2.10,31.90
2007.05.25 04:36:00.350,1.2114,1.2115,3.70,31.90
2007.05.25 04:36:00.443,1.2114,1.2115,8.70,12.00
2007.05.25 04:36:00.731,1.2114,1.2115,19.90,14.40
2007.05.25 04:36:00.739,1.2113,1.2115,68.80,30.30
2007.05.25 04:36:00.846,1.2113,1.2115,52.80,34.30
2007.05.25 04:36:01.363,1.2113,1.2115,52.00,34.30
2007.05.25 04:36:02.132,1.2113,1.2115,54.40,34.30
2007.05.25 04:36:02.240,1.2113,1.2115,54.40,31.90
2007.05.25 04:36:03.826,1.2113,1.2115,59.60,27.90
2007.05.25 04:36:03.908,1.2113,1.2115,68.40,27.90
2007.05.25 04:36:04.026,1.2113,1.2115,68.40,31.90
2007.05.25 04:36:04.161,1.2113,1.2115,64.00,31.90
2007.05.25 04:36:04.181,1.2113,1.2115,52.80,31.90
2007.05.25 04:36:04.275,1.2113,1.2115,52.80,34.30
2007.05.25 04:36:04.441,1.2113,1.2115,52.00,34.30
2007.05.25 04:36:04.877,1.2113,1.2115,56.00,34.30
2007.05.25 04:36:08.707,1.2113,1.2115,56.80,34.30
2007.05.25 04:36:08.713,1.2114,1.2115,8.00,31.90
2007.05.25 04:36:08.851,1.2114,1.2115,27.90,16.00
2007.05.25 04:36:08.900,1.2114,1.2115,27.90,12.00
2007.05.25 04:36:09.201,1.2114,1.2115,31.90,12.00
2007.05.25 04:36:11.047,1.2114,1.2115,35.90,8.00
2007.05.25 04:36:11.154,1.2114,1.2115,43.90,8.00
2007.05.25 04:36:11.189,1.2114,1.2115,43.90,4.00
2007.05.25 04:36:11.366,1.2114,1.2115,55.90,4.00
2007.05.25 04:36:11.452,1.2114,1.2116,55.90,48.30
2007.05.25 04:36:11.734,1.2114,1.2116,55.90,43.30
2007.05.25 04:36:11.784,1.2114,1.2116,63.90,43.30
2007.05.25 04:36:11.933,1.2114,1.2116,63.90,43.00
2007.05.25 04:36:12.042,1.2114,1.2116,63.90,48.00
2007.05.25 04:36:12.196,1.2114,1.2116,55.90,48.00
2007.05.25 04:36:12.639,1.21135,1.2116,63.90,48.00
2007.05.25 04:36:12.746,1.2114,1.2116,6.20,45.10
2007.05.25 04:36:12.854,1.21135,1.2116,63.90,47.10
2007.05.25 04:36:21.853,1.2114,1.2116,27.00,47.10
2007.05.25 04:36:22.057,1.21135,1.2116,69.50,42.10
2007.05.25 04:36:22.161,1.2114,1.2116,4.30,42.10
2007.05.25 04:36:22.240,1.2114,1.2116,73.50,42.10
2007.05.25 04:36:22.521,1.2115,1.2116,12.90,22.20
2007.05.25 04:36:22.810,1.2115,1.2116,15.80,22.20
2007.05.25 04:36:25.973,1.2115,1.2116,5.20,21.90
2007.05.25 04:36:27.652,1.2114,1.2116,65.50,22.90
2007.05.25 04:36:27.753,1.2114,1.2115,47.90,4.00
2007.05.25 04:36:28.017,1.2114,1.2115,36.70,4.00
2007.05.25 04:36:28.043,1.2113,1.2115,75.10,8.00
2007.05.25 04:36:28.365,1.2113,1.2115,75.10,8.00
2007.05.25 04:36:28.740,1.2113,1.2115,72.70,4.00
2007.05.25 04:36:28.789,1.2113,1.2116,72.70,86.10
2007.05.25 04:36:28.834,1.2114,1.2116,10.40,81.10
2007.05.25 04:36:29.082,1.21135,1.2116,43.90,71.10
2007.05.25 04:36:29.328,1.2114,1.2115,5.00,4.00
2007.05.25 04:36:29.425,1.2114,1.2115,5.00,4.00
2007.05.25 04:36:30.051,1.2114,1.2115,18.00,8.00
2007.05.25 04:36:30.126,1.2114,1.2115,17.30,8.00
2007.05.25 04:37:19.307,1.2114,1.2115,36.00,8.00
2007.05.25 04:38:39.352,1.2114,1.2115,35.90,8.00
2007.05.25 04:38:50.939,1.2114,1.2115,39.90,8.00
2007.05.25 04:38:51.374,1.2114,1.2115,35.90,8.00
2007.05.25 04:39:40.196,1.2114,1.2115,47.90,8.00
2007.05.25 04:39:40.262,1.2114,1.2115,52.70,8.00
2007.05.25 04:39:40.273,1.2115,1.2116,12.00,52.10
2007.05.25 04:39:40.393,1.2115,1.2116,31.90,18.90
2007.05.25 04:39:42.724,1.2115,1.2116,31.90,17.90
2007.05.25 04:39:42.819,1.2115,1.2116,31.90,18.90
2007.05.25 04:40:01.414,1.2115,1.2116,32.00,18.90
2007.05.25 04:40:15.195,1.2115,1.2116,20.00,18.90
2007.05.25 04:40:15.414,1.2115,1.2116,0.10,38.80
2007.05.25 04:40:17.729,1.2115,1.2116,8.00,38.80
2007.05.25 04:40:17.808,1.2115,1.2116,28.00,13.90
2007.05.25 04:40:18.155,1.2115,1.2116,32.00,13.90
2007.05.25 04:40:18.759,1.2115,1.2116,6.70,13.90
2007.05.25 04:40:18.869,1.2115,1.2116,36.00,13.90
2007.05.25 04:40:30.841,1.2115,1.2116,39.20,13.90
2007.05.25 04:40:31.030,1.2115,1.2116,43.20,11.50
2007.05.25 04:40:31.046,1.2115,1.2116,43.20,10.50
2007.05.25 04:40:31.148,1.2115,1.2116,40.80,10.50
2007.05.25 04:40:31.230,1.2115,1.2116,40.80,5.50
2007.05.25 04:40:31.268,1.2115,1.2116,52.80,5.50
2007.05.25 04:40:31.388,1.2115,1.2116,48.80,0.50
2007.05.25 04:40:31.782,1.2115,1.2116,40.80,5.50
2007.05.25 04:40:31.903,1.2115,1.2116,36.80,5.50
2007.05.25 04:40:32.157,1.2115,1.2116,36.80,10.50
2007.05.25 04:40:32.397,1.2115,1.2116,36.00,10.50
2007.05.25 04:40:41.295,1.2115,1.2116,36.00,5.50
2007.05.25 04:40:41.345,1.2115,1.2116,48.00,0.50
2007.05.25 04:40:41.475,1.2115,1.2116,52.00,0.50
2007.05.25 04:40:41.640,1.2115,1.2116,52.80,0.50
2007.05.25 04:40:41.691,1.2115,1.2116,52.80,0.50
2007.05.25 04:40:41.854,1.21155,1.2116,8.00,0.50
2007.05.25 04:40:41.997,1.21155,1.2116,8.00,0.50
2007.05.25 04:40:44.807,1.2115,1.2116,36.00,0.50
2007.05.25 04:40:44.901,1.2115,1.2116,45.60,0.50
2007.05.25 04:40:47.015,1.2115,1.2116,44.00,0.50
2007.05.25 04:40:54.744,1.2115,1.2116,35.20,0.50
2007.05.25 04:40:55.188,1.2115,1.2116,36.00,0.50
2007.05.25 04:40:55.283,1.2115,1.2116,36.00,5.50
2007.05.25 04:40:55.358,1.2115,1.2116,36.80,5.50
2007.05.25 04:40:55.506,1.2115,1.2116,38.30,10.50
2007.05.25 04:40:55.566,1.2115,1.2116,35.90,10.50
2007.05.25 04:41:15.254,1.2115,1.2116,35.90,5.50
2007.05.25 04:41:15.455,1.2115,1.2116,51.90,0.50
2007.05.25 04:41:15.740,1.2115,1.2116,54.30,0.50
2007.05.25 04:41:20.761,1.2115,1.2116,63.90,0.50
2007.05.25 04:41:20.852,1.2115,1.2116,59.90,0.50
2007.05.25 04:41:20.861,1.2115,1.2116,51.90,0.50
2007.05.25 04:41:30.400,1.2115,1.2116,55.90,0.50
2007.05.25 04:41:42.186,1.2115,1.2116,67.90,0.50
2007.05.25 04:41:42.245,1.2115,1.2116,67.90,0.50
2007.05.25 04:41:42.344,1.2115,1.2116,37.60,0.50
2007.05.25 04:41:42.760,1.2115,1.2116,40.00,0.50
2007.05.25 04:41:49.373,1.2115,1.2116,40.80,0.50
2007.05.25 04:41:50.195,1.2115,1.2116,40.80,0.50
2007.05.25 04:42:45.192,1.2115,1.2116,50.30,0.50
2007.05.25 04:42:54.478,1.2115,1.2116,73.00,0.50
2007.05.25 04:43:01.840,1.2115,1.2116,71.70,0.50
2007.05.25 04:43:23.678,1.2115,1.2116,38.40,0.50
2007.05.25 04:43:23.889,1.2115,1.2116,63.90,0.50
2007.05.25 04:43:23.903,1.2115,1.2116,51.90,0.50
2007.05.25 04:43:25.352,1.2115,1.2116,55.90,0.50
2007.05.25 04:43:27.641,1.2115,1.2116,55.90,0.50
2007.05.25 04:43:27.691,1.2115,1.2116,24.80,0.50
2007.05.25 04:43:28.274,1.2115,1.2116,37.60,0.50
2007.05.25 04:43:32.702,1.2115,1.2116,37.60,0.50
2007.05.25 04:43:48.190,1.2115,1.2116,45.50,0.50
2007.05.25 04:43:48.273,1.2115,1.2116,64.70,0.50
2007.05.25 04:43:48.302,1.2115,1.2116,52.70,0.50
2007.05.25 04:43:48.395,1.2115,1.2116,51.90,0.50
2007.05.25 04:43:52.664,1.2115,1.2116,52.70,0.50
2007.05.25 04:43:52.688,1.2115,1.2116,52.70,0.50
2007.05.25 04:43:53.025,1.2115,1.2116,44.70,0.50
2007.05.25 04:43:53.200,1.2115,1.2116,44.70,0.50
2007.05.25 04:44:01.787,1.2115,1.2116,31.90,5.50
2007.05.25 04:44:01.823,1.2115,1.2116,35.90,10.50
2007.05.25 04:44:13.708,1.2115,1.2116,47.90,10.50
2007.05.25 04:44:13.720,1.2115,1.2116,47.90,5.50
2007.05.25 04:44:13.809,1.2115,1.2116,51.90,0.50
2007.05.25 04:44:17.655,1.2115,1.2116,52.70,0.50
2007.05.25 04:44:17.689,1.2115,1.2116,52.70,0.50
2007.05.25 04:44:17.784,1.2115,1.2116,44.70,0.50
2007.05.25 04:44:18.287,1.2115,1.2116,48.70,0.50
2007.05.25 04:44:21.794,1.2115,1.2116,48.70,0.50
2007.05.25 04:45:21.645,1.2115,1.2116,32.00,0.50
2007.05.25 04:45:21.764,1.2115,1.2116,33.60,0.50
2007.05.25 04:45:21.816,1.2115,1.2116,28.00,0.50
2007.05.25 04:45:21.941,1.2115,1.2116,47.90,0.50
2007.05.25 04:45:23.290,1.2115,1.2116,35.90,5.50
2007.05.25 04:45:23.704,1.2115,1.2116,35.90,10.50
2007.05.25 04:45:37.091,1.2115,1.2116,39.90,10.50
2007.05.25 04:45:37.169,1.2115,1.2116,39.90,5.50
2007.05.25 04:45:37.205,1.2115,1.2116,39.90,0.50
2007.05.25 04:45:37.303,1.2115,1.2116,51.90,0.50
2007.05.25 04:45:37.886,1.2115,1.2116,55.90,0.50
2007.05.25 04:45:49.798,1.2115,1.2116,53.50,0.50
2007.05.25 04:45:57.509,1.21145,1.2116,65.50,0.50
2007.05.25 04:46:01.316,1.2115,1.2116,12.20,5.50
2007.05.25 04:46:01.412,1.2114,1.2116,66.30,5.50
2007.05.25 04:46:01.727,1.2115,1.2116,10.50,10.50
2007.05.25 04:46:03.068,1.2115,1.2116,10.80,10.50
2007.05.25 04:46:07.758,1.2115,1.2116,6.60,5.50
2007.05.25 04:46:07.797,1.21145,1.2116,52.70,0.50
2007.05.25 04:46:07.907,1.2115,1.2116,10.20,0.50
2007.05.25 04:46:10.191,1.21145,1.2116,64.70,5.50
2007.05.25 04:46:10.294,1.21145,1.2116,44.70,5.50
2007.05.25 04:46:10.709,1.2115,1.2116,37.50,5.50
2007.05.25 04:46:10.791,1.2115,1.2116,37.40,0.50
2007.05.25 04:46:11.230,1.2115,1.2116,45.50,0.50
2007.05.25 04:46:11.323,1.2115,1.2116,45.30,0.50
2007.05.25 04:46:12.782,1.2115,1.2116,52.30,5.50
2007.05.25 04:46:12.913,1.2114,1.2116,64.70,10.50
2007.05.25 04:46:13.414,1.2115,1.2116,5.50,10.50
2007.05.25 04:46:30.570,1.2115,1.2116,33.50,10.50
2007.05.25 04:46:30.732,1.2115,1.2116,29.50,10.50
2007.05.25 04:46:30.754,1.2115,1.2116,23.90,10.50
2007.05.25 04:46:30.796,1.2115,1.2116,19.90,15.50
2007.05.25 04:46:30.886,1.2114,1.2116,49.50,45.40
2007.05.25 04:46:31.433,1.2114,1.2116,45.50,45.40
2007.05.25 04:46:31.550,1.2114,1.2116,45.50,63.80
2007.05.25 04:46:31.645,1.2114,1.2116,45.50,64.80
2007.05.25 04:46:31.738,1.2114,1.2116,45.50,65.80
2007.05.25 04:46:31.753,1.2114,1.2116,45.50,66.80
2007.05.25 04:46:31.948,1.2114,1.2116,45.50,67.30
2007.05.25 04:46:34.690,1.2114,1.2116,45.50,67.30
2007.05.25 04:46:34.853,1.2114,1.2116,45.50,62.30
2007.05.25 04:46:35.549,1.2114,1.2116,45.50,41.80
2007.05.25 04:46:35.613,1.2114,1.2116,45.50,40.80
2007.05.25 04:46:35.682,1.2114,1.2116,49.50,40.40
2007.05.25 04:46:42.218,1.2114,1.2116,53.50,40.40
2007.05.25 04:46:42.241,1.2115,1.2116,5.60,35.40
2007.05.25 04:46:42.298,1.2115,1.2116,5.60,10.50
2007.05.25 04:46:42.385,1.2115,1.2116,5.60,0.50
2007.05.25 04:46:42.872,1.2115,1.2116,9.60,0.50
2007.05.25 04:46:44.487,1.2115,1.2116,9.60,10.50
2007.05.25 04:46:46.795,1.2115,1.2116,9.60,11.50
2007.05.25 04:46:47.021,1.2115,1.2116,5.60,11.50
2007.05.25 04:46:47.068,1.2115,1.2116,5.60,21.50
2007.05.25 04:46:47.242,1.2114,1.2116,49.50,26.50
2007.05.25 04:46:47.281,1.2114,1.2116,45.50,31.50
2007.05.25 04:46:47.338,1.2114,1.2116,45.50,34.50
2007.05.25 04:46:47.357,1.2114,1.2115,33.50,0.70
2007.05.25 04:46:47.732,1.2114,1.2116,33.50,87.40
2007.05.25 04:46:48.798,1.2115,1.2116,4.00,56.70
2007.05.25 04:46:48.814,1.2115,1.2116,4.00,50.40
2007.05.25 04:46:48.860,1.2115,1.2116,4.00,40.40
2007.05.25 04:46:49.192,1.2115,1.2116,4.00,15.50
2007.05.25 04:46:49.274,1.2115,1.2116,9.60,15.50
2007.05.25 04:46:49.298,1.2115,1.2116,9.60,0.50
2007.05.25 04:46:50.367,1.2115,1.2116,41.50,0.50
2007.05.25 04:46:50.713,1.2115,1.2116,45.50,0.50
2007.05.25 04:46:50.743,1.2115,1.2116,33.50,5.50
2007.05.25 04:46:51.392,1.2115,1.2116,33.50,10.50
2007.05.25 04:46:53.655,1.2115,1.2116,27.90,10.50
2007.05.25 04:46:53.770,1.2115,1.2116,23.90,10.50
2007.05.25 04:46:53.831,1.2115,1.2116,4.00,40.40
2007.05.25 04:46:53.984,1.2114,1.2116,49.50,40.40
2007.05.25 04:46:54.648,1.2114,1.2116,50.30,40.40
2007.05.25 04:46:54.681,1.2115,1.2116,5.60,40.40
2007.05.25 04:46:54.767,1.2115,1.2116,21.50,20.50
2007.05.25 04:46:54.855,1.2115,1.2116,25.50,10.50
2007.05.25 04:46:55.191,1.2115,1.2116,29.50,10.50
2007.05.25 04:47:05.153,1.2115,1.2116,29.50,11.50
2007.05.25 04:47:05.224,1.2115,1.2116,19.90,11.50
2007.05.25 04:47:05.283,1.2115,1.2116,19.90,16.50
2007.05.25 04:47:05.392,1.2115,1.2116,4.00,47.40
2007.05.25 04:47:06.733,1.2115,1.2116,4.00,42.40
2007.05.25 04:47:09.211,1.2115,1.2116,4.00,41.40
2007.05.25 04:47:09.253,1.2115,1.2116,9.60,41.40
2007.05.25 04:47:09.319,1.2115,1.2116,25.50,21.50
2007.05.25 04:47:09.463,1.2115,1.2116,25.50,15.50
2007.05.25 04:47:09.800,1.2115,1.2116,29.50,15.50
2007.05.25 04:47:25.220,1.2115,1.2116,19.90,15.50
2007.05.25 04:47:25.242,1.2114,1.2116,57.50,35.40
2007.05.25 04:47:25.327,1.2114,1.2116,47.90,40.40
2007.05.25 04:47:25.341,1.2114,1.2116,45.50,40.40
2007.05.25 04:47:26.759,1.2114,1.2116,45.50,45.40
2007.05.25 04:47:30.070,1.2114,1.2116,49.50,45.40
2007.05.25 04:47:35.959,1.2114,1.2116,49.50,45.40
2007.05.25 04:47:40.770,1.2114,1.2116,45.50,45.40
2007.05.25 04:48:05.437,1.2114,1.2116,46.30,45.40
2007.05.25 04:48:05.692,1.2115,1.2116,5.60,45.40
2007.05.25 04:48:05.731,1.2115,1.2116,25.50,25.50
2007.05.25 04:48:05.825,1.2115,1.2116,25.50,10.50
2007.05.25 04:48:06.204,1.2115,1.2116,29.50,10.50
2007.05.25 04:48:26.191,1.2115,1.2116,29.50,5.50
2007.05.25 04:48:26.268,1.2115,1.2116,45.50,0.50
2007.05.25 04:48:26.694,1.2115,1.2116,46.30,0.50
2007.05.25 04:48:26.779,1.2115,1.2116,50.30,0.50
2007.05.25 04:48:26.816,1.2115,1.2116,44.70,0.50
2007.05.25 04:48:26.850,1.2115,1.2116,24.70,0.50
2007.05.25 04:48:27.241,1.2115,1.2116,35.90,0.50
2007.05.25 04:48:27.339,1.2115,1.2116,55.80,0.50
2007.05.25 04:48:27.374,1.2115,1.2116,49.40,5.50
2007.05.25 04:48:27.647,1.21145,1.2116,34.30,10.50
2007.05.25 04:48:28.255,1.2115,1.2116,13.20,5.50
2007.05.25 04:48:28.326,1.21145,1.2116,49.50,0.50
2007.05.25 04:48:28.419,1.21145,1.2116,57.50,0.50
2007.05.25 04:48:28.657,1.21145,1.2116,61.50,0.50
2007.05.25 04:48:28.843,1.2115,1.2116,5.00,0.50
2007.05.25 04:48:29.149,1.21145,1.2116,47.90,0.50
2007.05.25 04:48:29.370,1.2115,1.2116,2.60,5.50
2007.05.25 04:48:29.671,1.2114,1.2116,60.20,10.50
2007.05.25 04:48:31.095,1.2115,1.2116,3.90,20.50
2007.05.25 04:48:31.224,1.2115,1.2116,11.00,20.50
2007.05.25 04:48:31.234,1.2115,1.2116,7.90,20.50
2007.05.25 04:48:31.443,1.2114,1.2116,52.90,25.50
2007.05.25 04:48:31.524,1.21135,1.2116,64.90,45.40
2007.05.25 04:48:31.644,1.2115,1.2116,0.80,45.40
2007.05.25 04:48:31.722,1.2115,1.2116,1.00,40.40
2007.05.25 04:48:31.737,1.2115,1.2116,17.60,40.40
2007.05.25 04:48:31.819,1.2115,1.2116,17.60,35.40
2007.05.25 04:48:31.861,1.2115,1.2116,45.40,0.50
2007.05.25 04:48:32.071,1.2115,1.2116,68.60,0.50
2007.05.25 04:49:10.864,1.2115,1.2116,24.80,0.50
2007.05.25 04:49:15.815,1.2115,1.2116,36.70,0.50
2007.05.25 04:49:26.838,1.2115,1.2116,24.80,0.50
2007.05.25 04:49:28.568,1.2115,1.2116,24.80,0.50
2007.05.25 04:49:29.922,1.2115,1.2116,36.70,0.50
2007.05.25 04:49:53.012,1.2115,1.2116,44.70,0.50
2007.05.25 04:49:53.106,1.2115,1.2116,44.70,0.50
2007.05.25 04:49:53.927,1.2115,1.2116,44.70,0.50
2007.05.25 04:49:54.034,1.2115,1.2116,44.70,0.50
2007.05.25 04:49:54.147,1.2115,1.2116,44.70,0.50
2007.05.25 04:50:03.837,1.2115,1.2116,44.70,0.50
2007.05.25 04:50:03.955,1.2115,1.2116,44.70,0.50
2007.05.25 04:50:04.051,1.2115,1.2116,44.70,0.50
2007.05.25 04:50:04.957,1.2115,1.2116,44.70,0.50
2007.05.25 04:50:05.059,1.2115,1.2116,44.70,0.50
2007.05.25 04:50:05.076,1.2115,1.2116,44.70,0.50
2007.05.25 04:50:05.716,1.2115,1.2116,44.70,0.50
2007.05.25 04:50:05.826,1.2115,1.2116,44.70,0.50
2007.05.25 04:50:06.026,1.2115,1.2116,44.70,0.50
2007.05.25 04:50:06.729,1.2115,1.2116,44.70,0.50
2007.05.25 04:50:07.035,1.2115,1.2116,44.70,0.50
2007.05.25 04:50:07.754,1.2115,1.2116,44.70,0.50
2007.05.25 04:50:07.967,1.2115,1.2116,44.70,0.50
2007.05.25 04:50:08.708,1.2115,1.2116,44.70,0.50
2007.05.25 04:50:08.814,1.2115,1.2116,44.70,0.50
2007.05.25 04:50:08.879,1.2115,1.2116,44.70,0.50
2007.05.25 04:50:08.897,1.2115,1.2116,44.70,0.50
2007.05.25 04:50:09.925,1.2115,1.2116,44.70,0.50
2007.05.25 04:50:13.698,1.2115,1.2116,44.70,0.50
2007.05.25 04:50:19.761,1.2115,1.2116,44.70,0.50
2007.05.25 04:50:28.773,1.21155,1.2116,4.00,0.50
2007.05.25 04:50:28.862,1.21155,1.2116,4.00,0.50
2007.05.25 04:50:29.671,1.21155,1.2116,12.00,0.50
2007.05.25 04:50:29.733,1.21155,1.2116,4.00,0.50
2007.05.25 04:50:29.887,1.21155,1.2116,4.00,0.50
2007.05.25 04:50:29.981,1.21155,1.2116,4.00,0.50
2007.05.25 04:50:30.222,1.21155,1.2116,12.00,0.50
2007.05.25 04:50:30.621,1.21155,1.2116,12.00,0.50
2007.05.25 04:50:30.730,1.2115,1.2116,20.00,0.50
2007.05.25 04:50:30.739,1.2115,1.2116,28.00,0.50
2007.05.25 04:50:30.991,1.2115,1.2116,28.00,0.50
2007.05.25 04:50:31.998,1.2115,1.2116,34.40,0.50
2007.05.25 04:50:36.028,1.2115,1.2116,30.40,0.50
2007.05.25 04:50:36.613,1.2115,1.2116,54.30,0.50
2007.05.25 04:50:37.736,1.2115,1.2116,54.30,0.50
2007.05.25 04:50:38.550,1.2115,1.2116,54.30,0.50
2007.05.25 04:50:38.959,1.2115,1.2116,62.30,0.50
2007.05.25 04:50:39.170,1.2115,1.2116,62.30,0.50
2007.05.25 04:51:03.743,1.2115,1.2116,58.30,0.50
2007.05.25 04:51:04.268,1.2115,1.2116,58.30,0.50
2007.05.25 04:51:04.982,1.2115,1.2116,58.30,0.50
2007.05.25 04:51:11.962,1.2115,1.2116,66.30,0.50
2007.05.25 04:51:20.793,1.2115,1.2116,62.20,0.50
2007.05.25 04:51:22.018,1.2115,1.2116,64.70,0.50
2007.05.25 04:51:24.390,1.2115,1.2116,47.90,5.50
2007.05.25 04:51:24.454,1.2115,1.2116,9.20,10.50
2007.05.25 04:51:24.693,1.21145,1.2116,35.90,15.50
2007.05.25 04:51:24.726,1.21145,1.2116,31.90,20.50
2007.05.25 04:51:24.798,1.2114,1.2116,59.50,40.40
2007.05.25 04:51:24.890,1.21135,1.2116,61.10,40.40
2007.05.25 04:51:25.164,1.21135,1.2116,61.10,40.40
2007.05.25 04:51:25.207,1.21135,1.2116,61.10,35.40
2007.05.25 04:51:25.230,1.2114,1.2116,8.20,30.40
2007.05.25 04:51:25.313,1.2114,1.2116,27.70,10.50
2007.05.25 04:51:25.371,1.21135,1.2116,67.50,10.50
2007.05.25 04:51:25.416,1.2114,1.2116,1.50,10.50
2007.05.25 04:51:28.208,1.2115,1.2116,5.70,5.50
2007.05.25 04:51:28.240,1.21145,1.2116,29.60,0.50
2007.05.25 04:51:28.304,1.21145,1.2116,32.00,0.50
2007.05.25 04:51:28.367,1.2115,1.2116,63.10,0.50
2007.05.25 04:51:28.700,1.2115,1.2116,67.90,0.50
2007.05.25 04:51:29.227,1.2115,1.2116,55.90,5.50
2007.05.25 04:51:29.267,1.2114,1.2116,65.10,10.50
2007.05.25 04:51:29.407,1.2115,1.2116,7.50,15.50
2007.05.25 04:51:29.456,1.2114,1.2116,63.50,15.50
2007.05.25 04:51:42.898,1.2115,1.2116,27.90,15.50
2007.05.25 04:52:00.502,1.2115,1.2116,23.90,15.50
2007.05.25 04:52:08.243,1.2115,1.2116,23.90,15.50
2007.05.25 04:52:17.898,1.2115,1.2116,19.90,15.50
2007.05.25 04:52:18.121,1.2115,1.2116,19.90,10.50
2007.05.25 04:52:25.804,1.2115,1.2116,19.90,5.50
2007.05.25 04:52:32.636,1.2115,1.2116,23.90,5.50
2007.05.25 04:53:47.198,1.2115,1.2116,19.90,10.50
2007.05.25 04:53:47.320,1.2114,1.2116,52.20,45.40
2007.05.25 04:53:47.397,1.2114,1.2116,48.20,45.40
2007.05.25 04:53:47.720,1.2114,1.2116,48.20,46.40
2007.05.25 04:53:47.774,1.2114,1.2116,48.20,56.40
2007.05.25 04:53:47.791,1.2114,1.2115,32.20,4.00
2007.05.25 04:53:48.314,1.2114,1.2116,36.20,60.40
2007.05.25 04:53:50.786,1.2114,1.2116,37.00,60.40
2007.05.25 04:53:51.077,1.2114,1.2116,45.00,60.40
2007.05.25 04:53:51.108,1.2114,1.2116,45.00,50.40
2007.05.25 04:53:51.223,1.2114,1.2116,45.20,50.40
2007.05.25 04:53:51.306,1.2115,1.2116,4.00,35.40
2007.05.25 04:53:51.678,1.2115,1.2116,8.00,35.40
2007.05.25 04:53:53.220,1.2114,1.2115,63.60,4.00
2007.05.25 04:53:53.319,1.2114,1.2115,55.40,8.00
2007.05.25 04:53:53.358,1.2114,1.2115,53.00,8.00
2007.05.25 04:53:53.373,1.2114,1.2115,41.00,8.00
2007.05.25 04:53:53.394,1.2114,1.2115,32.20,8.00
2007.05.25 04:53:53.702,1.2114,1.2115,16.20,8.00
2007.05.25 04:53:54.784,1.2113,1.2115,70.40,4.00
2007.05.25 04:53:54.853,1.2113,1.2116,69.40,71.40
2007.05.25 04:53:54.901,1.21135,1.2116,48.40,61.40
2007.05.25 04:53:55.364,1.21135,1.2116,48.40,60.40
2007.05.25 04:53:56.160,1.21135,1.2116,49.20,60.40
2007.05.25 04:53:56.174,1.21135,1.2116,53.20,60.40
2007.05.25 04:53:56.388,1.2115,1.2116,2.30,35.40
2007.05.25 04:53:56.712,1.2115,1.2116,4.30,35.40
2007.05.25 04:53:58.840,1.2115,1.2116,3.10,30.40
2007.05.25 04:54:16.620,1.2115,1.2116,1.90,30.40
2007.05.25 04:54:16.679,1.2114,1.2116,74.80,25.40
2007.05.25 04:54:16.824,1.2115,1.2116,36.10,0.50
2007.05.25 04:54:19.817,1.2115,1.2116,10.50,5.50
2007.05.25 04:54:20.183,1.2114,1.2116,67.50,10.50
2007.05.25 04:54:24.734,1.2115,1.2116,27.90,10.50
2007.05.25 04:54:24.747,1.2115,1.2116,19.90,15.50
2007.05.25 04:54:25.254,1.2115,1.2116,15.90,25.50
2007.05.25 04:54:25.300,1.2114,1.2116,58.80,45.40
2007.05.25 04:54:25.358,1.2114,1.2116,50.80,45.40
2007.05.25 04:54:25.425,1.2114,1.2116,48.40,45.40
2007.05.25 04:54:27.228,1.2114,1.2116,48.10,45.40
2007.05.25 04:54:29.221,1.2114,1.2116,60.90,45.40
2007.05.25 04:54:29.301,1.2115,1.2116,4.00,45.40
2007.05.25 04:54:29.764,1.2115,1.2116,8.00,45.40
2007.05.25 04:54:30.144,1.2115,1.2116,8.00,35.40
2007.05.25 04:54:36.946,1.2115,1.2116,8.00,35.40
2007.05.25 04:54:38.321,1.2115,1.2116,4.00,40.40
2007.05.25 04:54:38.365,1.2114,1.2116,59.90,40.40
2007.05.25 04:54:38.383,1.2114,1.2116,55.90,40.40
2007.05.25 04:54:38.414,1.2114,1.2116,54.30,40.40
2007.05.25 04:54:38.432,1.2114,1.2116,51.90,40.40
2007.05.25 04:54:38.480,1.2114,1.2116,39.90,55.40
2007.05.25 04:54:39.193,1.2114,1.2116,39.90,50.40
2007.05.25 04:54:39.307,1.2114,1.2116,39.90,55.40
2007.05.25 04:54:39.718,1.2114,1.2116,39.90,50.40
2007.05.25 04:54:40.013,1.2114,1.2116,39.90,55.40
2007.05.25 04:54:41.345,1.2114,1.2116,40.90,55.40
2007.05.25 04:54:41.429,1.2114,1.2116,52.90,55.40
2007.05.25 04:54:41.458,1.2115,1.2116,4.00,35.40
2007.05.25 04:54:41.856,1.2115,1.2116,8.00,35.40
2007.05.25 04:54:46.719,1.2115,1.2116,4.00,35.40
2007.05.25 04:54:46.764,1.2114,1.2116,51.90,50.40
2007.05.25 04:54:46.823,1.2114,1.2116,39.90,50.40
2007.05.25 04:54:46.846,1.2114,1.2116,39.90,55.40
2007.05.25 04:54:49.721,1.2114,1.2115,39.90,5.60
2007.05.25 04:54:49.881,1.2114,1.2115,20.00,25.50
2007.05.25 04:54:49.907,1.2114,1.2115,12.00,25.50
2007.05.25 04:54:50.198,1.2114,1.2115,12.00,29.50
2007.05.25 04:54:50.706,1.2115,1.2116,4.00,49.40
2007.05.25 04:54:50.888,1.2114,1.2115,29.00,24.70
2007.05.25 04:54:50.993,1.2115,1.2116,8.00,36.40
2007.05.25 04:54:55.230,1.2115,1.2116,4.00,36.40
2007.05.25 04:54:55.346,1.2114,1.2115,32.70,12.80
2007.05.25 04:54:55.418,1.2114,1.2115,31.90,12.80
2007.05.25 04:54:58.538,1.2114,1.2115,31.90,11.70
2007.05.25 04:54:58.698,1.2114,1.2115,39.90,11.70
2007.05.25 04:54:59.113,1.2114,1.2115,31.90,11.70
2007.05.25 04:54:59.323,1.2114,1.2115,31.90,8.00
2007.05.25 04:55:24.944,1.2114,1.2115,27.90,8.00
2007.05.25 04:55:25.751,1.2114,1.2115,27.90,12.00
2007.05.25 04:55:31.229,1.2113,1.2115,75.80,12.00
2007.05.25 04:55:40.010,1.2113,1.2115,50.40,12.00
2007.05.25 04:55:40.201,1.2113,1.2115,46.40,12.00
2007.05.25 04:55:40.211,1.2113,1.2115,72.70,27.90
2007.05.25 04:55:40.474,1.2113,1.2115,25.80,35.90
2007.05.25 04:55:41.164,1.2113,1.2115,9.10,36.70
2007.05.25 04:55:41.283,1.21125,1.2115,51.10,28.80
2007.05.25 04:55:41.291,1.2113,1.2115,10.20,40.80
2007.05.25 04:55:41.346,1.2112,1.2115,63.90,43.20
2007.05.25 04:55:41.392,1.2112,1.2114,63.90,4.00
2007.05.25 04:55:41.749,1.2112,1.2114,63.90,8.00
2007.05.25 04:55:42.685,1.2112,1.2114,63.90,4.00
2007.05.25 04:55:42.815,1.2113,1.2115,14.20,48.70
2007.05.25 04:55:42.903,1.21125,1.2115,46.80,48.70
2007.05.25 04:55:43.068,1.2112,1.2115,68.40,56.70
2007.05.25 04:55:43.120,1.2113,1.2115,8.70,56.70
2007.05.25 04:55:43.254,1.2112,1.2115,66.00,57.50
2007.05.25 04:55:43.328,1.2112,1.2114,66.00,4.00
2007.05.25 04:55:43.807,1.2113,1.2114,1.10,8.00
2007.05.25 04:55:43.948,1.2112,1.2114,66.80,8.00
2007.05.25 04:55:44.085,1.2113,1.2114,2.60,8.00
2007.05.25 04:56:04.246,1.2113,1.2114,32.40,4.00
2007.05.25 04:56:04.336,1.2113,1.2115,32.40,57.50
2007.05.25 04:56:04.394,1.2113,1.2115,32.40,55.90
2007.05.25 04:56:04.819,1.2113,1.2115,36.40,55.90
2007.05.25 04:56:04.917,1.2113,1.2115,36.40,47.90
2007.05.25 04:56:05.758,1.2113,1.2115,32.40,47.90
2007.05.25 04:56:06.175,1.2113,1.2115,36.40,47.90
2007.05.25 04:56:08.299,1.2113,1.21155,36.40,59.90
2007.05.25 04:56:12.669,1.2113,1.21155,36.20,59.90
2007.05.25 04:56:13.980,1.2113,1.2115,48.20,0.50
2007.05.25 04:56:15.250,1.2113,1.21155,52.20,43.90
2007.05.25 04:56:43.086,1.2113,1.2115,52.40,31.90
2007.05.25 04:56:49.808,1.2113,1.2115,52.40,27.90
2007.05.25 04:56:50.106,1.2113,1.2115,52.40,31.90
2007.05.25 04:56:50.807,1.2113,1.2115,52.40,33.50
2007.05.25 04:56:51.030,1.2113,1.2115,44.40,33.50
2007.05.25 04:56:51.112,1.2113,1.2115,44.40,32.70
2007.05.25 04:56:51.149,1.2113,1.2115,44.40,40.70
2007.05.25 04:56:51.221,1.2113,1.2115,44.40,48.70
2007.05.25 04:56:51.346,1.2113,1.2114,32.40,4.00
2007.05.25 04:56:51.762,1.2113,1.2114,32.40,8.00
2007.05.25 04:56:57.000,1.2113,1.2114,32.20,8.00
2007.05.25 04:56:58.196,1.2113,1.2114,32.20,4.00
2007.05.25 04:56:58.287,1.2113,1.2115,32.40,52.70
2007.05.25 04:56:58.370,1.2113,1.2115,32.40,51.90
2007.05.25 04:56:58.656,1.2113,1.2115,44.40,39.90
2007.05.25 04:56:58.776,1.2113,1.2115,52.40,39.90
2007.05.25 04:56:58.850,1.2113,1.2115,52.40,31.90
2007.05.25 04:57:08.169,1.2113,1.2115,53.20,31.90
2007.05.25 04:57:08.187,1.2113,1.2115,57.20,31.90
2007.05.25 04:57:08.284,1.2114,1.2115,4.00,31.90
2007.05.25 04:57:08.666,1.2114,1.2115,8.00,31.90
2007.05.25 04:57:08.678,1.2114,1.2115,23.90,16.00
2007.05.25 04:57:08.803,1.2114,1.2115,27.90,12.00
2007.05.25 04:57:10.493,1.2113,1.2115,62.70,12.00
2007.05.25 04:57:12.253,1.2114,1.2115,0.60,12.00
2007.05.25 04:57:12.297,1.2113,1.2115,4.20,27.90
2007.05.25 04:57:12.382,1.21125,1.2115,66.80,27.90
2007.05.25 04:57:12.437,1.21125,1.2115,64.40,31.90
2007.05.25 04:57:15.046,1.2113,1.2115,1.50,31.90
2007.05.25 04:57:15.097,1.2113,1.2115,23.00,27.90
2007.05.25 04:57:15.206,1.21125,1.2115,66.00,27.90
2007.05.25 04:57:15.217,1.2113,1.2115,62.00,27.90
2007.05.25 04:57:15.299,1.2114,1.2115,5.00,12.00
2007.05.25 04:57:15.729,1.2113,1.2115,57.90,12.00
2007.05.25 04:58:07.094,1.2114,1.2115,27.90,20.00
2007.05.25 04:58:07.305,1.2114,1.2115,8.00,35.90
2007.05.25 04:58:07.357,1.2113,1.2115,49.20,35.90
2007.05.25 04:58:07.399,1.2113,1.2115,48.40,35.90
2007.05.25 04:58:09.822,1.2113,1.2115,48.40,27.90
2007.05.25 04:58:10.089,1.2113,1.2115,48.40,35.90
2007.05.25 04:58:13.185,1.2113,1.2115,49.20,35.90
2007.05.25 04:58:13.245,1.2114,1.2115,4.00,35.90
2007.05.25 04:58:13.281,1.2114,1.2115,23.90,20.00
2007.05.25 04:58:13.420,1.2114,1.2115,23.90,12.00
2007.05.25 04:58:13.761,1.2114,1.2115,27.90,12.00
2007.05.25 04:58:22.118,1.2114,1.2115,27.90,20.00
2007.05.25 04:58:22.144,1.2114,1.2115,27.90,28.00
2007.05.25 04:58:22.257,1.2114,1.2115,12.00,56.70
2007.05.25 04:58:22.280,1.2113,1.2114,33.20,4.00
2007.05.25 04:58:22.313,1.2113,1.2114,37.20,8.00
2007.05.25 04:58:22.398,1.2113,1.2114,33.20,8.00
2007.05.25 04:58:22.419,1.2113,1.2114,32.40,8.00
2007.05.25 04:58:23.792,1.2112,1.2114,63.60,8.00
2007.05.25 04:58:23.851,1.2112,1.2114,65.80,8.00
2007.05.25 04:58:24.355,1.2113,1.2114,2.80,8.00
2007.05.25 04:58:24.554,1.2112,1.2114,64.40,8.00
2007.05.25 04:58:24.691,1.21125,1.2114,49.20,8.00
2007.05.25 04:58:24.716,1.2113,1.2114,49.20,8.00
2007.05.25 04:58:24.788,1.2114,1.2115,3.30,45.50
2007.05.25 04:58:24.832,1.2113,1.2115,65.90,12.00
2007.05.25 04:58:26.691,1.2113,1.2115,64.30,12.00
2007.05.25 04:58:26.740,1.2113,1.2115,48.30,12.00
2007.05.25 04:58:26.772,1.21125,1.2115,60.40,27.90
2007.05.25 04:58:26.889,1.21125,1.2115,60.40,35.90
2007.05.25 04:58:28.107,1.21125,1.2115,61.20,35.90
2007.05.25 04:58:28.154,1.2113,1.2115,49.20,35.90
2007.05.25 04:58:28.238,1.2114,1.2115,6.00,12.00
2007.05.25 04:58:28.685,1.2114,1.2115,9.60,12.00
2007.05.25 04:58:39.860,1.2113,1.2115,65.10,12.80
2007.05.25 04:58:40.062,1.2113,1.2115,61.10,20.80
2007.05.25 04:58:40.197,1.2113,1.2114,57.10,4.00
2007.05.25 04:58:40.421,1.2112,1.2114,63.60,8.00
2007.05.25 04:58:41.959,1.2112,1.2114,65.70,8.00
2007.05.25 04:58:42.561,1.2112,1.2114,66.10,8.00
2007.05.25 04:58:42.765,1.21125,1.2114,44.50,4.00
2007.05.25 04:58:42.811,1.21125,1.2115,60.50,38.30
2007.05.25 04:58:42.871,1.21125,1.2115,60.50,35.90
2007.05.25 04:58:43.184,1.21125,1.2115,61.30,35.90
2007.05.25 04:58:43.225,1.2113,1.2115,8.20,35.90
2007.05.25 04:58:43.245,1.2114,1.2115,0.70,35.90
2007.05.25 04:58:43.419,1.2114,1.2115,10.80,20.00
2007.05.25 04:58:43.783,1.2113,1.2115,60.40,20.00
2007.05.25 04:58:44.021,1.2113,1.2115,62.80,12.00
2007.05.25 04:59:28.832,1.2114,1.2115,27.90,8.00
2007.05.25 04:59:30.685,1.2114,1.2115,32.70,8.00
2007.05.25 04:59:30.727,1.2114,1.2115,32.70,4.00
2007.05.25 04:59:30.799,1.2115,1.2116,4.00,56.60
2007.05.25 04:59:30.919,1.2115,1.2116,4.00,59.60
2007.05.25 04:59:32.300,1.2115,1.2116,4.00,56.60
2007.05.25 04:59:32.433,1.2115,1.2116,4.00,54.60
2007.05.25 04:59:32.961,1.2115,1.2116,4.00,56.60
2007.05.25 04:59:34.203,1.2115,1.2116,8.00,51.60
2007.05.25 04:59:34.205,1.2115,1.2116,8.00,43.60
2007.05.25 04:59:34.310,1.2115,1.2116,12.00,38.60
2007.05.25 04:59:34.428,1.2115,1.2116,12.00,35.60
2007.05.25 04:59:34.692,1.2115,1.2116,16.00,35.60
2007.05.25 04:59:34.715,1.2115,1.2116,43.90,15.70
2007.05.25 04:59:34.812,1.2115,1.2116,43.90,5.70
2007.05.25 04:59:35.536,1.2115,1.2116,43.90,5.40
2007.05.25 04:59:35.833,1.2115,1.2116,43.90,3.50
2007.05.25 04:59:36.057,1.2115,1.2116,47.90,3.50
2007.05.25 04:59:36.279,1.2115,1.2116,35.90,8.50
2007.05.25 04:59:36.374,1.2115,1.2116,31.90,8.50
2007.05.25 04:59:37.017,1.2115,1.2116,31.90,13.50
2007.05.25 04:59:39.463,1.2115,1.2116,31.90,15.50
2007.05.25 04:59:39.664,1.2115,1.2116,31.90,16.50
2007.05.25 04:59:39.873,1.2115,1.2116,27.90,16.50
2007.05.25 04:59:42.686,1.2115,1.2116,27.90,15.50
2007.05.25 04:59:42.804,1.2115,1.2116,27.90,14.80
2007.05.25 04:59:42.963,1.2115,1.2116,28.70,13.80
2007.05.25 04:59:42.996,1.2115,1.2116,28.70,11.50
2007.05.25 04:59:43.209,1.2115,1.2116,40.70,11.50
2007.05.25 04:59:43.229,1.2115,1.2116,40.70,6.50
2007.05.25 04:59:43.303,1.2115,1.2116,44.70,1.50
2007.05.25 04:59:43.436,1.2115,1.2116,44.70,0.50
2007.05.25 04:59:43.833,1.2115,1.2116,48.70,0.50
2007.05.25 04:59:45.449,1.2115,1.2116,52.70,0.50
2007.05.25 04:59:45.731,1.2115,1.2116,40.70,5.50
2007.05.25 04:59:45.822,1.2115,1.2116,32.70,5.50
2007.05.25 04:59:46.186,1.2115,1.2116,32.70,10.50
