2016.01.19 21:00:00.171,1.17571,1.17574,0.75,0.37
2016.01.19 21:00:00.484,1.17567,1.1757,0.75,0.73
2016.01.19 21:00:00.636,1.17567,1.17572,0.75,1.12
2016.01.19 21:00:01.632,1.17567,1.17573,1.12,1.12
2016.01.19 21:00:02.140,1.17567,1.17572,0.37,0.75
2016.01.19 21:00:02.646,1.17567,1.17573,0.37,1.12
2016.01.19 21:00:03.156,1.17566,1.17573,0.37,0.75
2016.01.19 21:00:03.561,1.17564,1.1757,0.75,0.37
2016.01.19 21:00:03.865,1.17559,1.17565,0.37,1.12
2016.01.19 21:00:04.410,1.17558,1.17564,0.37,0.37
2016.01.19 21:00:04.765,1.1756,1.17565,0.37,0.75
2016.01.19 21:00:05.068,1.1757,1.17573,0.37,0.37
2016.01.19 21:00:05.616,1.17571,1.17573,1.12,0.37
2016.01.19 21:00:05.818,1.17571,1.17577,1.12,0.75
2016.01.19 21:00:06.778,1.17571,1.17578,1.12,0.37
2016.01.19 21:00:07.283,1.17572,1.17579,1.50,1.12
2016.01.19 21:00:07.957,1.17574,1.17579,0.37,0.75
2016.01.19 21:00:08.960,1.17573,1.17579,0.37,1.12
2016.01.19 21:00:10.376,1.17573,1.17578,0.37,0.75
2016.01.19 21:00:11.186,1.17572,1.17578,0.37,1.50
2016.01.19 21:00:11.705,1.17571,1.17577,0.37,2.27
2016.01.19 21:00:12.384,1.17571,1.17576,0.37,0.37
2016.01.19 21:00:12.890,1.17572,1.17577,0.37,0.75
2016.01.19 21:00:13.400,1.17573,1.17578,0.37,1.12
2016.01.19 21:00:15.060,1.17573,1.17579,0.75,4.87
2016.01.19 21:00:21.711,1.17573,1.17578,0.37,0.75
2016.01.19 21:00:22.216,1.17573,1.17579,0.37,2.62
2016.01.19 21:00:27.607,1.17574,1.17579,0.37,1.87
2016.01.19 21:00:29.599,1.17576,1.1758,0.37,0.75
2016.01.19 21:00:29.986,1.17578,1.17581,0.37,0.75
2016.01.19 21:00:31.443,1.17578,1.17582,0.37,1.12
2016.01.19 21:00:34.384,1.17578,1.17583,0.37,2.62
2016.01.19 21:00:36.635,1.17578,1.17582,0.37,0.75
2016.01.19 21:00:38.070,1.17578,1.17583,0.37,1.87
2016.01.19 21:00:38.594,1.17578,1.17582,0.75,0.75
2016.01.19 21:00:39.151,1.17578,1.17583,0.37,1.12
2016.01.19 21:00:39.656,1.17578,1.17582,0.37,0.75
2016.01.19 21:00:40.182,1.17578,1.17583,0.37,1.87
2016.01.19 21:00:42.678,1.17578,1.17582,0.37,0.75
2016.01.19 21:00:44.425,1.17576,1.17582,0.37,4.87
2016.01.19 21:00:44.938,1.17575,1.17581,0.75,2.25
2016.01.19 21:00:47.913,1.17575,1.1758,0.37,0.37
2016.01.19 21:00:50.864,1.17575,1.17579,0.37,0.75
2016.01.19 21:00:51.420,1.17575,1.1758,0.37,1.12
2016.01.19 21:00:53.108,1.17575,1.17578,0.37,0.37
2016.01.19 21:00:53.159,1.17573,1.17578,0.37,0.37
2016.01.19 21:00:57.000,1.17573,1.17576,0.37,3.75
2016.01.19 21:00:57.051,1.17571,1.17576,1.50,3.75
2016.01.19 21:00:57.152,1.1757,1.17574,1.12,0.37
2016.01.19 21:00:57.661,1.17569,1.17574,0.37,1.12
2016.01.19 21:00:59.398,1.17569,1.17573,0.37,0.75
2016.01.19 21:00:59.922,1.17568,1.17572,0.37,0.75
2016.01.19 21:01:00.428,1.17569,1.17573,0.37,1.12
2016.01.19 21:01:00.973,1.17568,1.17572,0.37,0.75
2016.01.19 21:01:01.176,1.17566,1.17571,0.37,1.50
2016.01.19 21:01:02.237,1.17565,1.17571,0.75,2.25
2016.01.19 21:01:02.780,1.17565,1.1757,0.37,1.50
2016.01.19 21:01:03.654,1.17564,1.17569,0.37,0.75
2016.01.19 21:01:04.311,1.17563,1.17569,0.75,2.25
2016.01.19 21:01:04.363,1.17563,1.17567,0.75,0.75
2016.01.19 21:01:05.071,1.17562,1.17565,0.37,1.12
2016.01.19 21:01:05.375,1.17558,1.17563,0.37,1.50
2016.01.19 21:01:05.880,1.17558,1.17562,0.37,0.75
2016.01.19 21:01:06.388,1.17557,1.17562,0.37,1.87
2016.01.19 21:01:12.812,1.17557,1.1756,0.37,0.75
2016.01.19 21:01:13.174,1.17555,1.1756,0.37,0.75
2016.01.19 21:01:13.681,1.17555,1.17559,0.37,0.75
2016.01.19 21:01:15.079,1.17556,1.17559,0.37,0.75
2016.01.19 21:01:15.585,1.17555,1.17558,0.37,0.75
2016.01.19 21:01:16.133,1.17554,1.17558,0.37,0.75
2016.01.19 21:01:16.640,1.17555,1.17559,1.12,0.75
2016.01.19 21:01:17.166,1.17555,1.1756,1.12,1.50
2016.01.19 21:01:17.369,1.17554,1.17558,1.50,0.75
2016.01.19 21:01:20.998,1.17554,1.17559,0.75,0.75
2016.01.19 21:01:21.504,1.17555,1.17559,0.37,0.75
2016.01.19 21:01:22.018,1.17555,1.1756,0.37,1.12
2016.01.19 21:01:22.808,1.17555,1.17559,0.75,0.37
2016.01.19 21:01:23.314,1.17554,1.17559,1.12,0.75
2016.01.19 21:01:26.500,1.17555,1.17559,0.37,1.12
2016.01.19 21:01:27.005,1.17555,1.1756,0.37,1.87
2016.01.19 21:01:27.584,1.17554,1.17559,1.12,0.75
2016.01.19 21:01:28.607,1.17554,1.1756,1.50,3.00
2016.01.19 21:01:30.901,1.17554,1.17559,0.75,1.12
2016.01.19 21:01:31.422,1.17553,1.17558,1.12,1.12
2016.01.19 21:01:32.100,1.17553,1.17557,0.75,0.75
2016.01.19 21:01:32.606,1.17552,1.17556,1.50,1.12
2016.01.19 21:01:32.916,1.17548,1.17553,1.12,1.50
2016.01.19 21:01:33.775,1.17549,1.17553,0.75,1.50
2016.01.19 21:01:34.765,1.17548,1.17553,1.87,1.50
2016.01.19 21:01:35.396,1.17549,1.17553,0.75,1.50
2016.01.19 21:01:37.721,1.17548,1.17553,1.12,1.12
2016.01.19 21:01:40.580,1.17547,1.17553,1.50,3.00
2016.01.19 21:01:41.673,1.17548,1.17553,0.75,2.25
2016.01.19 21:01:44.073,1.1755,1.17553,0.75,0.75
2016.01.19 21:01:44.124,1.17551,1.17555,0.37,2.25
2016.01.19 21:01:44.326,1.17552,1.17557,0.75,1.87
2016.01.19 21:01:44.831,1.17553,1.17557,0.75,0.75
2016.01.19 21:01:45.454,1.17553,1.17558,0.75,2.62
2016.01.19 21:01:48.236,1.17555,1.17558,0.37,0.75
2016.01.19 21:01:48.741,1.17556,1.17559,0.37,0.75
2016.01.19 21:01:48.843,1.17556,1.17561,0.37,0.75
2016.01.19 21:01:52.425,1.17556,1.1756,0.37,1.12
2016.01.19 21:01:52.931,1.17555,1.1756,1.50,0.37
2016.01.19 21:01:53.558,1.17555,1.17561,1.50,2.25
2016.01.19 21:01:54.534,1.17555,1.1756,1.50,0.37
2016.01.19 21:01:55.222,1.17555,1.17559,0.37,0.75
2016.01.19 21:01:55.273,1.17553,1.17558,1.12,0.37
2016.01.19 21:01:55.476,1.17553,1.17556,1.12,0.37
2016.01.19 21:01:55.729,1.17551,1.17556,2.62,0.37
2016.01.19 21:01:56.235,1.17551,1.17555,2.62,0.37
2016.01.19 21:01:59.187,1.17551,1.17556,1.12,0.37
2016.01.19 21:01:59.938,1.17553,1.17556,0.75,0.37
2016.01.19 21:02:00.040,1.17554,1.17558,0.37,0.37
2016.01.19 21:02:00.568,1.17554,1.17559,0.37,0.37
2016.01.19 21:02:01.175,1.17554,1.1756,1.50,1.50
2016.01.19 21:02:02.034,1.17554,1.17559,1.12,0.75
2016.01.19 21:02:03.260,1.17554,1.1756,0.75,2.25
2016.01.19 21:02:03.765,1.17555,1.1756,0.37,1.87
2016.01.19 21:02:04.314,1.17556,1.17561,0.37,1.12
2016.01.19 21:02:04.819,1.17557,1.17562,0.75,1.87
2016.01.19 21:02:05.325,1.17557,1.17563,1.50,1.87
2016.01.19 21:02:05.478,1.17559,1.17563,0.37,0.37
2016.01.19 21:02:06.360,1.17559,1.17564,0.75,0.75
2016.01.19 21:02:06.872,1.17559,1.17565,0.75,4.87
2016.01.19 21:02:08.508,1.17559,1.17564,0.37,0.37
2016.01.19 21:02:09.495,1.17559,1.17563,0.37,0.75
2016.01.19 21:02:10.001,1.17558,1.17563,0.37,3.75
2016.01.19 21:02:20.881,1.17558,1.17564,1.12,1.87
2016.01.19 21:02:22.469,1.17558,1.17563,1.12,0.37
2016.01.19 21:02:22.975,1.17556,1.17557,0.39,0.37
2016.01.19 21:02:23.126,1.17548,1.17553,0.37,0.75
2016.01.19 21:02:23.480,1.1755,1.17554,0.37,0.75
2016.01.19 21:02:24.074,1.1755,1.17555,0.37,0.75
2016.01.19 21:02:27.893,1.1755,1.17554,0.37,0.75
2016.01.19 21:02:28.438,1.17549,1.17554,1.50,0.75
2016.01.19 21:02:30.060,1.17549,1.17555,1.50,1.50
2016.01.19 21:02:30.566,1.17549,1.17554,1.50,0.75
2016.01.19 21:02:31.807,1.1755,1.17554,0.37,0.75
2016.01.19 21:02:35.510,1.17549,1.17554,1.50,0.75
2016.01.19 21:02:35.612,1.17547,1.17553,1.12,2.25
2016.01.19 21:02:36.117,1.17547,1.17552,1.12,0.75
2016.01.19 21:02:41.731,1.17547,1.17551,1.12,1.12
2016.01.19 21:02:43.156,1.17547,1.1755,1.12,0.75
2016.01.19 21:02:45.644,1.17545,1.17549,0.37,0.75
2016.01.19 21:02:49.855,1.17544,1.17549,1.12,0.75
2016.01.19 21:02:51.217,1.17544,1.1755,1.12,1.87
2016.01.19 21:02:51.876,1.17545,1.1755,0.37,1.50
2016.01.19 21:02:52.382,1.17546,1.17551,0.37,0.88
2016.01.19 21:02:52.896,1.17546,1.17552,0.75,1.26
2016.01.19 21:02:54.944,1.17546,1.17551,0.75,0.51
2016.01.19 21:02:55.450,1.17547,1.17552,0.37,0.51
2016.01.19 21:02:55.995,1.17546,1.17552,0.75,1.26
2016.01.19 21:02:56.590,1.17547,1.17552,0.75,1.26
2016.01.19 21:02:57.096,1.17547,1.17553,1.87,1.12
2016.01.19 21:02:58.069,1.17548,1.17554,0.37,1.26
2016.01.19 21:02:58.574,1.17549,1.17554,0.37,0.51
2016.01.19 21:02:59.079,1.17549,1.17555,0.37,1.26
2016.01.19 21:03:03.874,1.1755,1.17555,0.37,0.51
2016.01.19 21:03:06.176,1.17551,1.17556,0.37,0.51
2016.01.19 21:03:06.782,1.17553,1.17558,0.37,1.87
2016.01.19 21:03:07.091,1.17556,1.17561,0.37,0.37
2016.01.19 21:03:08.305,1.17556,1.17562,1.87,1.12
2016.01.19 21:03:08.640,1.17558,1.17562,0.37,0.37
2016.01.19 21:03:09.095,1.17559,1.17564,0.37,1.12
2016.01.19 21:03:09.600,1.1756,1.17564,0.37,1.12
2016.01.19 21:03:10.544,1.17562,1.17564,0.37,0.37
2016.01.19 21:03:10.595,1.17562,1.17567,0.37,2.62
2016.01.19 21:03:11.101,1.17563,1.17567,0.37,0.37
2016.01.19 21:03:11.613,1.17564,1.17567,0.37,0.37
2016.01.19 21:03:12.119,1.17564,1.17568,0.37,0.37
2016.01.19 21:03:12.624,1.17565,1.17568,0.37,0.37
2016.01.19 21:03:12.883,1.17565,1.1757,0.37,1.12
2016.01.19 21:03:16.018,1.17565,1.17569,0.37,0.37
2016.01.19 21:03:16.521,1.17564,1.17569,0.37,1.32
2016.01.19 21:03:24.277,1.17565,1.17569,0.37,0.49
2016.01.19 21:03:25.316,1.17565,1.1757,0.37,0.87
2016.01.19 21:03:25.468,1.17567,1.17571,0.37,1.62
2016.01.19 21:03:25.519,1.17568,1.17573,0.75,1.62
2016.01.19 21:03:26.025,1.17569,1.17573,0.37,0.37
2016.01.19 21:03:26.820,1.17569,1.17574,0.37,3.49
2016.01.19 21:03:33.627,1.17569,1.17573,0.37,0.37
2016.01.19 21:03:34.212,1.17568,1.17573,0.37,1.12
2016.01.19 21:03:35.709,1.17569,1.17573,0.37,0.37
2016.01.19 21:03:39.315,1.17568,1.17573,0.37,1.12
2016.01.19 21:03:40.176,1.17568,1.17572,0.37,0.75
2016.01.19 21:03:42.031,1.17568,1.17571,0.37,0.75
2016.01.19 21:03:43.828,1.17568,1.17572,0.37,1.12
2016.01.19 21:03:46.023,1.17568,1.17573,0.37,1.12
2016.01.19 21:03:47.250,1.17568,1.17572,0.37,0.37
2016.01.19 21:03:48.446,1.17568,1.17573,0.37,1.12
2016.01.19 21:03:49.148,1.17569,1.17573,0.37,0.37
2016.01.19 21:03:49.678,1.17569,1.17574,0.37,5.24
2016.01.19 21:03:51.035,1.1757,1.17574,0.37,0.37
2016.01.19 21:03:51.338,1.1757,1.17576,1.50,1.49
2016.01.19 21:03:51.540,1.17573,1.17578,0.37,1.12
2016.01.19 21:03:51.945,1.17575,1.17579,0.37,0.37
2016.01.19 21:03:52.249,1.17577,1.1758,0.37,0.37
2016.01.19 21:03:53.161,1.17577,1.17579,0.37,0.37
2016.01.19 21:03:54.624,1.17578,1.17579,0.37,0.37
2016.01.19 21:03:55.326,1.17578,1.1758,0.37,0.37
2016.01.19 21:03:56.338,1.17578,1.17582,0.37,1.12
2016.01.19 21:03:56.541,1.17581,1.17583,0.37,0.37
2016.01.19 21:03:57.046,1.17582,1.17584,0.37,0.37
2016.01.19 21:03:59.933,1.17582,1.17583,0.37,0.37
2016.01.19 21:04:00.335,1.1758,1.17582,0.37,0.37
2016.01.19 21:04:02.657,1.17578,1.17582,1.37,1.50
2016.01.19 21:04:02.859,1.17576,1.17582,1.37,2.25
2016.01.19 21:04:03.964,1.17576,1.17581,1.37,4.87
2016.01.19 21:04:04.570,1.17576,1.17582,1.37,1.37
2016.01.19 21:04:04.671,1.17577,1.17583,1.87,1.12
2016.01.19 21:04:04.773,1.17579,1.17583,1.37,1.12
2016.01.19 21:04:05.609,1.17578,1.17582,1.37,1.87
2016.01.19 21:04:05.761,1.17576,1.17581,1.37,1.12
2016.01.19 21:04:06.476,1.17578,1.17583,1.37,1.12
2016.01.19 21:04:07.009,1.17579,1.17583,1.37,1.12
2016.01.19 21:04:08.057,1.17579,1.17583,1.37,1.12
2016.01.19 21:04:09.335,1.17579,1.17583,1.37,3.74
2016.01.19 21:04:10.065,1.17579,1.17581,1.37,1.00
2016.01.19 21:04:10.650,1.1758,1.17583,1.37,1.87
2016.01.19 21:04:10.954,1.17578,1.1758,1.37,1.12
2016.01.19 21:04:11.055,1.17576,1.17582,1.87,1.37
2016.01.19 21:04:11.158,1.17578,1.17582,1.37,1.00
2016.01.19 21:04:11.703,1.17579,1.17583,1.37,1.87
2016.01.19 21:04:15.460,1.17581,1.17584,1.37,1.87
2016.01.19 21:04:15.978,1.17582,1.17585,1.37,5.25
2016.01.19 21:04:17.706,1.17581,1.17585,1.37,2.24
2016.01.19 21:04:19.252,1.17582,1.17585,1.00,2.24
2016.01.19 21:04:19.778,1.17582,1.17585,1.37,2.24
2016.01.19 21:04:21.304,1.17583,1.17586,1.37,1.87
2016.01.19 21:04:21.825,1.17583,1.17587,1.37,2.24
2016.01.19 21:04:26.297,1.17582,1.17586,1.37,1.87
2016.01.19 21:04:27.294,1.17582,1.17586,1.37,1.87
2016.01.19 21:04:28.006,1.17583,1.17586,1.37,1.37
2016.01.19 21:04:28.512,1.17582,1.17586,1.37,1.12
2016.01.19 21:04:30.065,1.17582,1.17586,1.37,1.12
2016.01.19 21:04:32.215,1.17581,1.17586,1.37,1.12
2016.01.19 21:04:34.883,1.17581,1.17586,1.37,1.12
2016.01.19 21:04:36.721,1.17581,1.17586,1.37,1.12
2016.01.19 21:04:45.503,1.17581,1.17586,1.37,1.87
2016.01.19 21:04:49.414,1.17583,1.17587,1.37,1.87
2016.01.19 21:04:49.819,1.17584,1.1759,1.37,1.87
2016.01.19 21:04:50.731,1.17585,1.1759,1.37,1.12
2016.01.19 21:04:52.340,1.17586,1.17591,1.37,1.12
2016.01.19 21:04:52.843,1.17587,1.17592,1.37,1.05
2016.01.19 21:04:53.601,1.17587,1.17593,1.50,1.80
2016.01.19 21:04:54.118,1.17588,1.17593,1.37,1.05
2016.01.19 21:04:54.623,1.17589,1.17594,1.37,2.18
2016.01.19 21:04:55.134,1.17589,1.17594,1.37,2.18
2016.01.19 21:04:58.873,1.17588,1.17594,1.87,2.55
2016.01.19 21:04:59.432,1.17589,1.17594,1.00,2.55
2016.01.19 21:05:01.630,1.1759,1.17593,1.75,1.00
2016.01.19 21:05:01.782,1.17598,1.17602,1.00,4.76
2016.01.19 21:05:02.727,1.17597,1.17602,1.00,4.76
2016.01.19 21:05:05.329,1.17597,1.176,1.00,1.00
2016.01.19 21:05:05.534,1.17595,1.17599,1.00,3.63
2016.01.19 21:05:06.108,1.17594,1.176,1.50,1.76
2016.01.19 21:05:11.780,1.17595,1.17601,1.12,3.37
2016.01.19 21:05:13.137,1.17595,1.17598,1.12,1.00
2016.01.19 21:05:14.657,1.17595,1.17599,1.00,1.00
2016.01.19 21:05:15.164,1.17594,1.17598,1.87,1.00
2016.01.19 21:05:15.923,1.17594,1.17598,1.87,1.00
2016.01.19 21:05:18.179,1.17594,1.17599,2.62,3.37
2016.01.19 21:05:21.643,1.17594,1.17599,1.50,4.12
2016.01.19 21:05:22.149,1.17594,1.17598,1.50,1.00
2016.01.19 21:05:22.655,1.17594,1.17598,1.50,1.00
2016.01.19 21:05:23.738,1.17594,1.17598,1.50,1.00
2016.01.19 21:05:24.243,1.17594,1.17597,1.50,1.00
2016.01.19 21:05:24.755,1.17594,1.17597,1.50,1.00
2016.01.19 21:05:25.675,1.17593,1.17596,1.12,1.00
2016.01.19 21:05:25.979,1.17589,1.17591,1.00,1.00
2016.01.19 21:05:26.030,1.17587,1.17591,1.12,1.00
2016.01.19 21:05:26.194,1.17587,1.17589,1.12,1.00
2016.01.19 21:05:26.499,1.17585,1.17588,1.12,1.00
2016.01.19 21:05:26.651,1.17583,1.17586,1.87,1.00
2016.01.19 21:05:28.522,1.17584,1.17588,1.00,1.50
2016.01.19 21:05:28.573,1.17584,1.17588,1.37,1.00
2016.01.19 21:05:28.827,1.17585,1.1759,1.87,1.00
2016.01.19 21:05:29.384,1.17585,1.17589,1.87,1.00
2016.01.19 21:05:29.914,1.17586,1.1759,1.00,1.00
2016.01.19 21:05:30.275,1.17587,1.17592,1.00,1.50
2016.01.19 21:05:30.781,1.17587,1.17593,1.50,3.75
2016.01.19 21:05:31.287,1.17588,1.17593,1.00,3.00
2016.01.19 21:05:31.817,1.17588,1.17594,1.00,4.50
2016.01.19 21:05:32.333,1.17587,1.17594,2.25,4.50
2016.01.19 21:05:33.780,1.17589,1.17594,1.50,1.00
2016.01.19 21:05:37.535,1.17589,1.17595,1.37,4.50
2016.01.19 21:05:38.052,1.17591,1.17595,1.00,3.00
2016.01.19 21:05:41.619,1.17591,1.17594,1.00,1.00
2016.01.19 21:05:43.053,1.17591,1.17595,1.00,1.00
2016.01.19 21:05:45.090,1.1759,1.17595,1.75,1.00
2016.01.19 21:05:47.412,1.17591,1.17595,1.00,3.00
2016.01.19 21:05:48.401,1.1759,1.17595,1.75,3.00
2016.01.19 21:05:50.092,1.17591,1.17594,1.12,1.00
2016.01.19 21:05:50.598,1.17591,1.17593,1.00,1.00
2016.01.19 21:05:55.475,1.17591,1.17594,1.00,2.62
2016.01.19 21:06:00.221,1.17591,1.17593,1.00,1.87
2016.01.19 21:06:02.289,1.17589,1.17592,1.12,1.00
2016.01.19 21:06:05.991,1.17589,1.17592,1.37,1.00
2016.01.19 21:06:06.944,1.17589,1.17592,1.00,1.00
2016.01.19 21:06:07.492,1.17589,1.17591,1.00,1.00
2016.01.19 21:06:08.122,1.17588,1.17593,1.37,1.87
2016.01.19 21:06:08.628,1.17588,1.17593,1.37,1.87
2016.01.19 21:06:09.322,1.17588,1.17593,1.87,1.00
2016.01.19 21:06:10.729,1.1759,1.17593,1.00,1.87
2016.01.19 21:06:12.092,1.1759,1.17592,1.00,1.00
2016.01.19 21:06:19.071,1.17588,1.17593,1.87,1.73
2016.01.19 21:06:20.344,1.1759,1.17593,1.00,1.73
2016.01.19 21:06:30.602,1.17588,1.17592,1.37,1.50
2016.01.19 21:06:31.107,1.17586,1.17591,2.25,1.50
2016.01.19 21:06:31.609,1.17586,1.17591,1.50,1.50
2016.01.19 21:06:32.733,1.17588,1.17593,1.00,1.87
2016.01.19 21:06:33.240,1.17587,1.17593,2.62,1.12
2016.01.19 21:06:33.341,1.17587,1.17594,3.37,2.62
2016.01.19 21:06:34.306,1.17589,1.17595,2.25,1.87
2016.01.19 21:06:37.718,1.1759,1.17594,1.37,1.12
2016.01.19 21:06:38.754,1.17588,1.17594,1.87,1.87
2016.01.19 21:06:39.453,1.17588,1.17593,1.87,1.12
2016.01.19 21:06:41.865,1.17588,1.17593,1.87,1.12
2016.01.19 21:06:42.865,1.17588,1.17591,1.00,1.12
2016.01.19 21:06:43.370,1.17585,1.1759,2.62,1.12
2016.01.19 21:06:48.842,1.17585,1.1759,1.37,1.00
2016.01.19 21:06:49.903,1.17585,1.17589,1.37,1.00
2016.01.19 21:06:54.117,1.17585,1.17588,1.37,1.00
2016.01.19 21:06:58.196,1.17585,1.17588,1.00,1.00
2016.01.19 21:07:01.341,1.17583,1.17587,1.87,1.00
2016.01.19 21:07:01.847,1.17583,1.17587,1.87,1.00
2016.01.19 21:07:04.086,1.17582,1.17586,2.62,1.00
2016.01.19 21:07:04.289,1.17582,1.17586,1.87,1.00
2016.01.19 21:07:08.164,1.17583,1.17587,1.00,1.00
2016.01.19 21:07:08.725,1.17583,1.17588,1.50,1.00
2016.01.19 21:07:09.292,1.17583,1.17588,1.50,1.00
2016.01.19 21:07:09.848,1.17584,1.17589,1.50,1.00
2016.01.19 21:07:13.684,1.17584,1.1759,1.87,1.50
2016.01.19 21:07:13.837,1.17586,1.17591,1.50,1.00
2016.01.19 21:07:14.092,1.17587,1.17593,1.50,1.87
2016.01.19 21:07:16.241,1.17587,1.17593,1.50,1.87
2016.01.19 21:07:17.030,1.17587,1.17593,1.87,1.12
2016.01.19 21:07:19.403,1.17587,1.17593,1.50,2.25
2016.01.19 21:07:20.425,1.17587,1.17593,1.50,1.87
2016.01.19 21:07:21.034,1.17588,1.17593,1.50,1.87
2016.01.19 21:07:21.237,1.17589,1.17595,1.50,2.62
2016.01.19 21:07:21.915,1.17589,1.17594,1.50,1.12
2016.01.19 21:07:23.921,1.17589,1.17595,1.50,1.87
2016.01.19 21:07:27.215,1.1759,1.17595,1.37,1.87
2016.01.19 21:07:32.363,1.1759,1.17595,1.12,1.87
2016.01.19 21:07:33.573,1.1759,1.17595,1.37,1.87
2016.01.19 21:07:34.629,1.1759,1.17595,1.12,1.87
2016.01.19 21:07:36.731,1.1759,1.17595,1.37,1.87
2016.01.19 21:07:39.075,1.1759,1.17596,1.50,1.87
2016.01.19 21:07:39.580,1.1759,1.17596,1.87,1.87
2016.01.19 21:07:40.463,1.1759,1.17596,1.87,1.87
2016.01.19 21:07:42.052,1.1759,1.17596,1.87,1.87
2016.01.19 21:07:46.263,1.1759,1.17596,1.87,1.87
2016.01.19 21:07:46.415,1.17593,1.17598,1.00,1.00
2016.01.19 21:07:46.921,1.17593,1.17599,1.00,3.00
2016.01.19 21:07:51.381,1.17596,1.17599,1.00,1.12
2016.01.19 21:07:51.482,1.17596,1.17601,1.12,1.12
2016.01.19 21:07:51.987,1.17596,1.17602,1.50,1.87
2016.01.19 21:07:52.493,1.17596,1.17601,1.12,1.12
2016.01.19 21:07:53.848,1.17595,1.17602,5.62,3.00
2016.01.19 21:07:54.630,1.17595,1.17601,2.25,1.00
2016.01.19 21:07:56.007,1.17595,1.176,1.12,1.00
2016.01.19 21:08:00.556,1.17595,1.17599,1.00,1.00
2016.01.19 21:08:03.490,1.17595,1.17598,1.00,1.00
2016.01.19 21:08:03.794,1.17593,1.17598,1.87,1.00
2016.01.19 21:08:04.020,1.17591,1.17597,1.12,2.25
2016.01.19 21:08:04.071,1.17591,1.17594,1.12,3.75
2016.01.19 21:08:04.172,1.17591,1.17596,1.87,1.00
2016.01.19 21:08:04.274,1.17591,1.17597,2.25,1.50
2016.01.19 21:08:05.383,1.17592,1.17595,1.00,1.00
2016.01.19 21:08:06.423,1.17591,1.17595,1.87,1.00
2016.01.19 21:08:06.792,1.1759,1.17593,1.50,1.00
2016.01.19 21:08:06.894,1.17589,1.17592,1.00,1.00
2016.01.19 21:08:08.400,1.17588,1.17592,1.50,1.00
2016.01.19 21:08:13.739,1.17588,1.17593,1.50,3.75
2016.01.19 21:08:14.616,1.17588,1.17593,1.50,3.75
2016.01.19 21:08:15.379,1.17588,1.17592,1.50,1.00
2016.01.19 21:08:15.898,1.17588,1.17592,1.50,1.00
2016.01.19 21:08:19.217,1.17588,1.17593,1.50,3.75
2016.01.19 21:08:19.580,1.17588,1.17595,2.25,6.37
2016.01.19 21:08:19.632,1.17589,1.17595,2.25,4.50
2016.01.19 21:08:21.009,1.1759,1.17596,2.62,1.50
2016.01.19 21:08:21.313,1.17592,1.17597,1.50,1.00
2016.01.19 21:08:21.767,1.17594,1.17599,1.50,1.00
2016.01.19 21:08:22.273,1.17595,1.176,1.12,1.00
2016.01.19 21:08:37.708,1.17595,1.17599,1.00,1.00
2016.01.19 21:08:40.669,1.17594,1.17599,1.50,1.00
2016.01.19 21:08:42.394,1.17594,1.17599,1.87,1.00
2016.01.19 21:08:43.638,1.17595,1.176,1.12,1.00
2016.01.19 21:08:44.850,1.17594,1.17599,1.37,1.00
2016.01.19 21:08:45.002,1.17593,1.17598,1.50,1.50
2016.01.19 21:08:45.508,1.17592,1.17597,1.12,3.75
2016.01.19 21:08:45.761,1.17591,1.17595,1.87,1.00
2016.01.19 21:08:46.266,1.1759,1.17594,3.00,1.00
2016.01.19 21:08:46.772,1.1759,1.17594,1.00,1.50
2016.01.19 21:08:47.075,1.1759,1.17592,1.50,1.00
2016.01.19 21:08:48.554,1.17588,1.17592,1.50,1.00
2016.01.19 21:08:51.996,1.17588,1.17593,1.50,3.75
2016.01.19 21:08:53.015,1.17589,1.17594,1.00,3.75
2016.01.19 21:08:53.820,1.17589,1.17594,1.37,3.75
2016.01.19 21:08:54.124,1.17591,1.17594,1.50,1.00
2016.01.19 21:08:54.671,1.17591,1.17594,1.12,1.00
2016.01.19 21:08:56.740,1.17591,1.17595,1.00,1.00
2016.01.19 21:08:58.838,1.1759,1.17595,3.00,1.00
2016.01.19 21:08:59.850,1.17591,1.17595,1.00,3.75
2016.01.19 21:09:00.255,1.1759,1.17593,3.00,1.00
2016.01.19 21:09:00.791,1.1759,1.17593,1.87,1.00
2016.01.19 21:09:02.352,1.17591,1.17595,1.37,3.75
2016.01.19 21:09:05.760,1.17591,1.17597,1.75,4.87
2016.01.19 21:09:06.266,1.17593,1.17598,1.37,1.12
2016.01.19 21:09:07.763,1.17593,1.17596,1.00,1.00
2016.01.19 21:09:08.066,1.1759,1.17594,1.87,1.00
2016.01.19 21:09:08.939,1.1759,1.17594,1.50,1.00
2016.01.19 21:09:09.819,1.1759,1.17593,1.12,1.00
2016.01.19 21:09:23.383,1.17589,1.17593,1.87,1.00
2016.01.19 21:09:23.809,1.17588,1.17591,2.25,1.00
2016.01.19 21:09:29.851,1.17588,1.17592,1.50,3.75
2016.01.19 21:09:31.056,1.17588,1.17591,1.50,1.00
2016.01.19 21:09:31.208,1.17587,1.17591,1.50,1.00
2016.01.19 21:09:31.761,1.17587,1.1759,1.50,1.00
2016.01.19 21:09:34.119,1.17586,1.1759,1.87,1.00
2016.01.19 21:09:38.442,1.17586,1.17589,1.00,1.00
2016.01.19 21:09:39.571,1.17586,1.17588,1.00,1.00
2016.01.19 21:09:39.723,1.17583,1.17588,1.50,1.00
2016.01.19 21:09:40.327,1.17583,1.17589,1.50,1.50
2016.01.19 21:09:40.530,1.17585,1.1759,1.50,4.50
2016.01.19 21:09:42.089,1.17585,1.17589,1.50,1.00
2016.01.19 21:09:43.308,1.17585,1.1759,1.50,1.00
2016.01.19 21:09:45.289,1.17585,1.17589,1.50,1.00
2016.01.19 21:09:51.204,1.17585,1.1759,1.50,1.00
2016.01.19 21:09:55.116,1.17587,1.1759,1.00,1.00
2016.01.19 21:09:56.926,1.17587,1.17591,1.00,1.00
2016.01.19 21:09:59.343,1.17587,1.17592,1.12,1.50
2016.01.19 21:10:00.099,1.17587,1.17591,1.00,1.00
2016.01.19 21:10:00.407,1.17589,1.17592,1.12,1.00
2016.01.19 21:10:00.915,1.17589,1.17593,2.25,1.00
2016.01.19 21:10:02.338,1.17589,1.17594,2.25,1.00
2016.01.19 21:10:03.045,1.17592,1.17594,1.50,1.00
2016.01.19 21:10:03.248,1.17592,1.17597,1.87,3.75
2016.01.19 21:10:03.824,1.17592,1.17596,1.87,1.00
2016.01.19 21:10:04.351,1.17592,1.17595,1.87,1.00
2016.01.19 21:10:04.728,1.17592,1.17594,1.87,4.00
2016.01.19 21:10:04.830,1.17591,1.17593,1.00,1.00
2016.01.19 21:10:05.337,1.17589,1.17593,2.62,1.00
2016.01.19 21:10:06.238,1.17589,1.17593,1.50,1.00
2016.01.19 21:10:06.744,1.17589,1.17592,1.50,1.00
2016.01.19 21:10:08.793,1.17588,1.17591,2.25,1.00
2016.01.19 21:10:09.841,1.17588,1.17592,2.25,1.00
2016.01.19 21:10:10.352,1.17589,1.17593,1.87,3.75
2016.01.19 21:10:10.858,1.17589,1.17593,1.00,3.75
2016.01.19 21:10:11.406,1.17588,1.17592,2.25,1.00
2016.01.19 21:10:13.744,1.17587,1.17591,3.00,1.00
2016.01.19 21:10:14.250,1.17587,1.17591,2.62,1.00
2016.01.19 21:10:14.862,1.17588,1.17592,1.00,3.75
2016.01.19 21:10:20.151,1.17587,1.17592,2.62,3.75
2016.01.19 21:10:21.488,1.17588,1.17591,1.12,1.00
2016.01.19 21:10:21.995,1.17586,1.1759,1.50,1.00
2016.01.19 21:10:23.883,1.17586,1.1759,1.12,1.00
2016.01.19 21:10:25.084,1.17586,1.17591,1.87,2.62
2016.01.19 21:10:25.592,1.17586,1.1759,1.87,1.00
2016.01.19 21:10:32.492,1.17588,1.17592,1.50,1.50
2016.01.19 21:10:32.978,1.17591,1.17594,1.12,3.37
2016.01.19 21:10:33.181,1.17591,1.17596,2.25,1.00
2016.01.19 21:10:48.879,1.17591,1.17595,1.87,1.00
2016.01.19 21:10:50.520,1.17591,1.17594,1.50,1.00
2016.01.19 21:10:50.773,1.17589,1.17593,1.50,2.62
2016.01.19 21:10:50.975,1.17588,1.1759,1.37,1.00
2016.01.19 21:10:51.279,1.17587,1.1759,1.12,1.00
2016.01.19 21:10:52.183,1.17586,1.17591,2.25,2.62
2016.01.19 21:10:53.056,1.17586,1.1759,1.87,1.00
2016.01.19 21:10:54.628,1.17586,1.1759,1.12,1.00
2016.01.19 21:10:56.227,1.17585,1.17589,1.50,2.62
2016.01.19 21:10:56.733,1.17585,1.17589,1.00,2.62
2016.01.19 21:10:57.765,1.17584,1.17588,1.50,1.00
2016.01.19 21:10:59.439,1.17584,1.17589,1.50,3.00
2016.01.19 21:11:09.886,1.17585,1.17588,1.00,1.00
2016.01.19 21:11:10.847,1.17584,1.17589,2.25,1.00
2016.01.19 21:11:22.566,1.17585,1.17589,1.37,1.00
2016.01.19 21:11:22.617,1.17586,1.17591,1.50,1.50
2016.01.19 21:11:22.669,1.17588,1.17592,1.00,1.00
2016.01.19 21:11:22.974,1.17589,1.17593,1.50,1.00
2016.01.19 21:11:23.678,1.17589,1.17593,1.12,1.00
2016.01.19 21:11:26.061,1.17589,1.17592,1.00,1.00
2016.01.19 21:11:26.568,1.17588,1.17592,1.50,1.00
2016.01.19 21:11:28.130,1.17588,1.17591,1.00,2.62
2016.01.19 21:11:28.638,1.17586,1.17591,1.37,2.62
2016.01.19 21:11:29.435,1.17586,1.17591,1.00,2.62
2016.01.19 21:11:34.605,1.17586,1.17591,1.50,1.00
2016.01.19 21:11:36.480,1.17586,1.1759,1.50,1.00
2016.01.19 21:11:42.005,1.17586,1.17591,1.50,3.00
2016.01.19 21:11:45.307,1.17587,1.17592,1.37,1.00
2016.01.19 21:11:46.654,1.17587,1.17592,1.00,1.00
2016.01.19 21:11:48.364,1.17587,1.17591,1.00,1.00
2016.01.19 21:11:54.478,1.17586,1.17591,2.25,1.00
2016.01.19 21:11:55.596,1.17587,1.17591,1.00,1.00
2016.01.19 21:11:56.594,1.17586,1.17591,2.25,1.00
2016.01.19 21:12:00.117,1.17587,1.17591,1.00,1.00
2016.01.19 21:12:14.054,1.17587,1.17591,2.25,1.00
2016.01.19 21:12:14.581,1.17587,1.17592,1.50,1.50
2016.01.19 21:12:19.083,1.17587,1.17591,1.50,1.00
2016.01.19 21:12:23.343,1.17587,1.17591,1.00,1.00
2016.01.19 21:12:25.003,1.17587,1.17592,1.00,4.57
2016.01.19 21:12:27.322,1.17587,1.17592,5.25,1.10
2016.01.19 21:12:27.386,1.17589,1.17594,1.50,1.50
2016.01.19 21:12:27.488,1.1759,1.17594,1.50,2.25
2016.01.19 21:12:28.234,1.1759,1.17593,1.37,1.00
2016.01.19 21:12:28.740,1.1759,1.17594,1.00,4.50
2016.01.19 21:12:30.297,1.1759,1.17593,1.00,1.00
2016.01.19 21:12:30.809,1.1759,1.17594,1.00,1.00
2016.01.19 21:12:31.340,1.17589,1.17594,2.25,1.00
2016.01.19 21:12:38.566,1.17591,1.17595,1.00,1.50
2016.01.19 21:12:40.556,1.17591,1.17594,1.00,1.00
2016.01.19 21:12:41.072,1.17591,1.17595,1.00,1.50
2016.01.19 21:12:41.626,1.17591,1.17594,1.00,1.00
2016.01.19 21:13:04.272,1.1759,1.17595,1.57,4.50
2016.01.19 21:13:04.859,1.17591,1.17594,1.00,1.00
2016.01.19 21:13:15.646,1.1759,1.17595,1.95,4.50
2016.01.19 21:13:21.246,1.17591,1.17594,1.00,1.00
2016.01.19 21:13:25.486,1.1759,1.17595,1.95,4.50
2016.01.19 21:13:26.752,1.17591,1.17594,1.00,1.00
2016.01.19 21:13:28.591,1.17591,1.17595,1.00,4.50
2016.01.19 21:13:29.895,1.17591,1.17596,1.87,1.58
2016.01.19 21:13:33.796,1.17592,1.17597,1.00,1.11
2016.01.19 21:13:35.192,1.17592,1.17596,1.00,1.00
2016.01.19 21:13:36.454,1.17592,1.17594,1.00,1.00
2016.01.19 21:13:38.526,1.17592,1.17594,1.00,1.00
2016.01.19 21:13:39.772,1.17591,1.17593,1.57,1.00
2016.01.19 21:13:40.637,1.17591,1.17593,1.20,1.00
2016.01.19 21:13:42.474,1.17591,1.17593,1.10,1.00
2016.01.19 21:13:44.781,1.17591,1.17593,1.10,1.00
2016.01.19 21:13:45.482,1.17591,1.17593,1.10,1.00
2016.01.19 21:13:47.339,1.17591,1.17593,1.10,1.00
2016.01.19 21:13:52.012,1.17591,1.17593,1.00,1.00
2016.01.19 21:13:56.227,1.17591,1.17594,1.00,1.00
2016.01.19 21:13:56.531,1.17592,1.17594,1.37,1.00
2016.01.19 21:13:57.041,1.17592,1.17594,1.37,1.00
2016.01.19 21:14:00.099,1.17592,1.17594,1.50,1.00
2016.01.19 21:14:00.403,1.17591,1.17593,1.00,1.00
2016.01.19 21:14:00.698,1.17589,1.17591,1.50,1.00
2016.01.19 21:14:01.003,1.17587,1.1759,1.75,1.00
2016.01.19 21:14:01.104,1.17587,1.17588,1.00,1.00
2016.01.19 21:14:01.645,1.17586,1.17588,1.00,1.00
2016.01.19 21:14:04.511,1.17586,1.17587,1.00,1.00
2016.01.19 21:14:05.017,1.17585,1.17587,1.50,1.00
2016.01.19 21:14:07.947,1.17585,1.17588,2.25,1.00
2016.01.19 21:14:08.453,1.17586,1.17589,1.50,1.00
2016.01.19 21:14:11.011,1.17586,1.17589,1.87,1.00
2016.01.19 21:14:11.761,1.17586,1.17588,1.87,1.00
2016.01.19 21:14:12.267,1.17586,1.17589,1.12,1.00
2016.01.19 21:14:13.507,1.17586,1.17588,1.12,1.00
2016.01.19 21:14:23.737,1.17586,1.17588,1.37,1.00
2016.01.19 21:14:26.996,1.17586,1.17588,1.00,1.00
2016.01.19 21:14:27.499,1.17584,1.17587,2.62,1.00
2016.01.19 21:14:28.004,1.17585,1.17587,1.10,1.00
2016.01.19 21:14:30.178,1.17585,1.17589,1.10,1.00
2016.01.19 21:14:30.229,1.17586,1.17588,1.50,1.00
2016.01.19 21:14:30.748,1.17586,1.17589,1.00,1.00
2016.01.19 21:14:31.504,1.17586,1.17588,1.00,1.00
2016.01.19 21:14:34.872,1.17585,1.17587,2.25,1.00
2016.01.19 21:14:35.634,1.17585,1.17587,1.20,1.00
2016.01.19 21:14:36.141,1.17584,1.17586,1.10,1.00
2016.01.19 21:14:38.131,1.17583,1.17586,3.75,1.00
2016.01.19 21:14:39.091,1.17583,1.17587,3.75,1.00
2016.01.19 21:14:41.095,1.17583,1.17589,6.00,1.00
2016.01.19 21:14:41.147,1.17585,1.17589,1.95,1.00
2016.01.19 21:14:43.654,1.17585,1.1759,3.37,1.00
2016.01.19 21:14:43.756,1.17588,1.17592,1.00,1.50
2016.01.19 21:14:43.858,1.1759,1.17593,1.00,1.00
2016.01.19 21:14:44.162,1.17591,1.17593,1.37,1.00
2016.01.19 21:14:51.998,1.17591,1.17592,1.12,1.00
2016.01.19 21:14:54.197,1.17591,1.17593,1.50,1.00
2016.01.19 21:14:54.756,1.17591,1.17592,1.00,1.00
2016.01.19 21:14:54.909,1.17591,1.17594,1.00,1.00
2016.01.19 21:14:55.461,1.17591,1.17593,1.00,1.00
2016.01.19 21:15:04.346,1.17591,1.17595,1.00,1.00
2016.01.19 21:15:04.514,1.17586,1.17589,3.00,2.62
2016.01.19 21:15:04.819,1.17585,1.17589,1.87,3.37
2016.01.19 21:15:05.123,1.17584,1.17587,1.57,1.00
2016.01.19 21:15:15.720,1.17584,1.17587,1.57,1.00
2016.01.19 21:15:15.821,1.17584,1.17587,1.85,1.00
2016.01.19 21:15:15.973,1.17583,1.17585,2.62,1.00
2016.01.19 21:15:16.682,1.17583,1.17585,1.50,1.12
2016.01.19 21:15:17.003,1.17572,1.17574,1.10,1.00
2016.01.19 21:15:17.511,1.17571,1.17574,1.50,1.00
2016.01.19 21:15:18.200,1.1757,1.17573,3.00,1.00
2016.01.19 21:15:19.678,1.1757,1.17573,2.25,1.00
2016.01.19 21:15:24.194,1.17571,1.17573,1.12,1.00
2016.01.19 21:15:31.464,1.17571,1.17573,1.12,1.00
2016.01.19 21:15:31.618,1.17571,1.17577,1.12,6.00
2016.01.19 21:15:31.822,1.1757,1.17576,2.25,6.00
2016.01.19 21:15:33.262,1.17571,1.17576,1.12,1.50
2016.01.19 21:15:33.920,1.17571,1.17576,1.12,5.62
2016.01.19 21:15:34.426,1.1757,1.17576,1.87,6.00
2016.01.19 21:15:39.023,1.17571,1.17575,1.75,1.50
2016.01.19 21:15:39.527,1.17571,1.17575,1.75,1.87
2016.01.19 21:15:40.084,1.1757,1.17575,1.12,1.87
2016.01.19 21:15:50.194,1.1757,1.17575,1.75,4.87
2016.01.19 21:15:50.704,1.1757,1.17574,1.75,1.00
2016.01.19 21:15:52.228,1.17571,1.17575,1.12,4.87
2016.01.19 21:15:52.754,1.17571,1.17575,1.12,4.87
2016.01.19 21:15:54.709,1.1757,1.17575,1.75,4.87
2016.01.19 21:15:56.630,1.17571,1.17575,1.12,2.62
2016.01.19 21:15:56.833,1.1757,1.17572,1.12,1.00
2016.01.19 21:15:58.141,1.17569,1.17573,2.62,1.00
2016.01.19 21:15:58.657,1.17571,1.17574,1.37,1.00
2016.01.19 21:16:00.943,1.17571,1.17574,1.50,1.00
2016.01.19 21:16:00.994,1.17571,1.17576,1.50,1.12
2016.01.19 21:16:01.096,1.17574,1.17579,1.12,3.00
2016.01.19 21:16:01.197,1.17575,1.1758,1.87,1.00
2016.01.19 21:16:07.770,1.17577,1.1758,2.25,1.00
2016.01.19 21:16:24.650,1.17577,1.17579,1.50,1.00
2016.01.19 21:16:28.415,1.17577,1.17579,1.12,1.00
2016.01.19 21:16:32.705,1.17577,1.1758,1.12,1.00
2016.01.19 21:16:53.920,1.17576,1.1758,1.87,1.00
2016.01.19 21:16:54.646,1.17577,1.1758,1.57,1.00
2016.01.19 21:17:00.662,1.17577,1.17581,1.47,3.38
2016.01.19 21:17:02.530,1.17577,1.17582,1.57,1.13
2016.01.19 21:17:21.983,1.17577,1.17581,1.87,1.00
2016.01.19 21:17:22.034,1.17577,1.17579,1.87,1.00
2016.01.19 21:17:22.212,1.17573,1.17575,1.00,1.00
2016.01.19 21:17:22.718,1.17572,1.17575,1.10,1.00
2016.01.19 21:17:30.256,1.17572,1.17576,1.20,3.37
2016.01.19 21:17:30.358,1.17572,1.17578,1.10,3.44
2016.01.19 21:17:30.511,1.17572,1.17578,2.62,1.87
2016.01.19 21:17:38.201,1.17573,1.17579,1.47,3.34
2016.01.19 21:17:40.677,1.17573,1.17578,2.32,1.50
2016.01.19 21:17:45.364,1.17574,1.17579,1.00,3.37
2016.01.19 21:17:47.473,1.17573,1.17578,1.57,1.00
2016.01.19 21:17:52.938,1.17574,1.17579,1.00,3.37
2016.01.19 21:17:56.099,1.17574,1.17578,1.00,1.00
2016.01.19 21:17:57.203,1.17574,1.17579,1.00,1.50
2016.01.19 21:17:57.710,1.17574,1.17578,1.12,1.00
2016.01.19 21:18:03.014,1.17574,1.17579,1.00,3.37
2016.01.19 21:18:05.540,1.17574,1.17578,1.00,1.00
2016.01.19 21:18:12.464,1.17574,1.17578,2.62,1.00
2016.01.19 21:18:14.566,1.17574,1.17579,2.62,1.50
2016.01.19 21:18:15.071,1.17575,1.17579,1.37,1.50
2016.01.19 21:18:16.366,1.17576,1.17579,1.37,1.50
2016.01.19 21:18:34.762,1.17575,1.17579,1.37,3.00
2016.01.19 21:18:37.320,1.17575,1.17578,1.37,1.00
2016.01.19 21:18:39.637,1.17575,1.17579,1.37,3.37
2016.01.19 21:18:44.792,1.17575,1.17578,1.37,1.00
2016.01.19 21:18:45.146,1.17574,1.17578,1.12,3.37
2016.01.19 21:18:45.652,1.17574,1.17577,1.00,1.00
2016.01.19 21:18:48.143,1.17574,1.17578,1.00,1.50
2016.01.19 21:18:51.107,1.17574,1.17577,1.00,1.00
2016.01.19 21:18:51.618,1.17574,1.17578,1.00,1.50
2016.01.19 21:18:52.124,1.17574,1.17577,1.00,1.00
2016.01.19 21:18:55.463,1.17574,1.17578,1.00,3.37
2016.01.19 21:19:11.167,1.17573,1.17578,1.10,3.00
2016.01.19 21:19:15.923,1.17573,1.17579,1.87,1.50
2016.01.19 21:19:16.533,1.17575,1.17579,1.37,1.50
2016.01.19 21:19:21.223,1.17575,1.1758,1.37,3.75
2016.01.19 21:19:22.350,1.17575,1.17579,1.37,1.00
2016.01.19 21:19:28.785,1.17576,1.17579,1.37,1.00
2016.01.19 21:19:29.291,1.17576,1.1758,1.47,3.75
2016.01.19 21:19:35.531,1.17576,1.17579,1.47,1.00
2016.01.19 21:19:36.221,1.17576,1.1758,1.95,1.00
2016.01.19 21:20:00.256,1.17577,1.17582,1.57,1.12
2016.01.19 21:20:01.197,1.17578,1.17583,2.32,2.24
2016.01.19 21:20:01.725,1.17578,1.17583,2.62,2.24
2016.01.19 21:20:03.824,1.17578,1.17582,1.12,1.00
2016.01.19 21:20:12.869,1.17578,1.17582,1.10,1.00
2016.01.19 21:20:13.382,1.17578,1.17584,1.57,1.95
2016.01.19 21:20:14.077,1.17578,1.17584,1.57,1.95
2016.01.19 21:20:14.579,1.17578,1.17584,1.57,1.95
2016.01.19 21:20:15.087,1.17578,1.17584,1.10,1.57
2016.01.19 21:20:34.627,1.17578,1.17584,1.95,1.10
2016.01.19 21:20:54.954,1.17579,1.17584,1.57,1.12
2016.01.19 21:20:55.209,1.1758,1.17586,2.70,1.57
2016.01.19 21:20:55.348,1.17581,1.17586,1.37,1.10
2016.01.19 21:20:55.854,1.17581,1.17587,1.47,2.70
2016.01.19 21:20:57.886,1.17581,1.17586,1.47,1.00
2016.01.19 21:21:00.410,1.17581,1.17586,1.37,1.95
2016.01.19 21:21:00.665,1.17578,1.17583,1.57,1.00
2016.01.19 21:21:01.629,1.17578,1.17584,1.47,1.87
2016.01.19 21:21:08.098,1.17578,1.17583,2.70,1.00
2016.01.19 21:21:14.164,1.17579,1.17583,1.50,1.00
2016.01.19 21:21:16.501,1.17578,1.17583,2.62,1.50
2016.01.19 21:21:17.040,1.17578,1.17582,2.25,1.00
2016.01.19 21:21:20.473,1.17578,1.1758,1.50,1.00
2016.01.19 21:21:20.720,1.17575,1.17578,3.72,1.00
2016.01.19 21:21:20.823,1.17573,1.17578,1.12,1.00
2016.01.19 21:21:21.333,1.17573,1.17577,1.00,1.00
2016.01.19 21:21:21.859,1.17571,1.17577,1.10,3.00
2016.01.19 21:21:22.921,1.17571,1.17577,1.47,5.25
2016.01.19 21:21:26.549,1.17571,1.17576,1.47,1.00
2016.01.19 21:21:27.515,1.17571,1.17575,1.10,1.00
2016.01.19 21:21:35.343,1.1757,1.17574,4.12,1.00
2016.01.19 21:21:38.225,1.1757,1.17573,2.62,1.00
2016.01.19 21:21:38.732,1.1757,1.17572,1.00,1.00
2016.01.19 21:21:56.022,1.1757,1.17573,1.00,1.00
2016.01.19 21:22:10.210,1.1757,1.17574,1.50,1.00
2016.01.19 21:22:41.909,1.1757,1.17575,1.12,1.12
2016.01.19 21:22:42.416,1.1757,1.17575,1.87,1.50
2016.01.19 21:22:42.960,1.1757,1.17575,1.12,1.50
2016.01.19 21:22:43.510,1.1757,1.17574,1.12,1.00
2016.01.19 21:22:50.133,1.1757,1.17575,1.12,2.25
2016.01.19 21:22:58.201,1.1757,1.17575,1.87,1.87
2016.01.19 21:23:07.811,1.17572,1.17575,1.00,1.50
2016.01.19 21:23:07.912,1.17572,1.17577,1.00,3.07
2016.01.19 21:23:08.216,1.17574,1.17578,1.00,1.87
2016.01.19 21:23:18.370,1.17573,1.17578,1.00,1.50
2016.01.19 21:23:18.877,1.17572,1.17577,1.57,1.50
2016.01.19 21:23:19.182,1.17571,1.17575,2.62,1.00
2016.01.19 21:23:20.240,1.17571,1.17575,1.57,1.00
2016.01.19 21:23:20.423,1.17571,1.17577,1.57,3.37
2016.01.19 21:23:21.132,1.17571,1.17577,1.57,2.62
2016.01.19 21:23:22.233,1.17571,1.17577,1.57,3.37
2016.01.19 21:23:25.440,1.17571,1.17577,1.57,3.00
2016.01.19 21:23:26.047,1.17571,1.17576,1.57,1.00
2016.01.19 21:23:26.834,1.17571,1.17576,1.57,1.00
2016.01.19 21:23:28.337,1.17572,1.17576,1.00,1.00
2016.01.19 21:23:35.070,1.17571,1.17576,1.95,1.00
2016.01.19 21:23:40.402,1.17572,1.17575,1.00,1.00
2016.01.19 21:23:40.758,1.17571,1.17577,3.00,2.62
2016.01.19 21:23:41.264,1.17571,1.17576,3.75,1.00
2016.01.19 21:23:41.770,1.17572,1.17577,1.20,1.87
2016.01.19 21:23:42.023,1.17574,1.17577,1.00,1.00
2016.01.19 21:23:42.375,1.17575,1.1758,1.00,2.32
2016.01.19 21:23:48.589,1.17575,1.17578,1.00,1.00
2016.01.19 21:23:53.998,1.17575,1.1758,1.00,2.32
2016.01.19 21:23:56.449,1.17574,1.1758,1.20,3.07
2016.01.19 21:23:56.983,1.17574,1.17579,1.12,1.10
2016.01.19 21:24:01.569,1.17574,1.17578,1.12,1.00
2016.01.19 21:24:07.675,1.17573,1.17576,1.47,1.00
2016.01.19 21:24:07.828,1.17569,1.17572,1.20,1.00
2016.01.19 21:24:07.879,1.17568,1.17571,1.87,1.00
2016.01.19 21:24:07.981,1.17567,1.17569,1.12,1.00
2016.01.19 21:24:08.515,1.17566,1.17568,1.00,1.00
2016.01.19 21:24:09.037,1.17565,1.17567,1.57,1.00
2016.01.19 21:24:09.857,1.17565,1.17568,1.57,1.00
2016.01.19 21:24:11.157,1.17566,1.17568,1.00,1.00
2016.01.19 21:24:12.239,1.17566,1.17569,1.00,1.00
2016.01.19 21:24:15.409,1.17566,1.1757,2.32,1.50
2016.01.19 21:24:15.603,1.17567,1.1757,2.70,1.00
2016.01.19 21:24:20.848,1.17566,1.1757,1.87,1.00
2016.01.19 21:24:35.115,1.17566,1.17571,1.87,1.00
2016.01.19 21:24:57.561,1.17566,1.1757,1.57,1.00
2016.01.19 21:24:59.305,1.17566,1.17571,2.32,1.00
2016.01.19 21:25:00.095,1.17567,1.17571,1.37,1.00
2016.01.19 21:25:07.186,1.17568,1.17571,1.37,1.00
2016.01.19 21:25:09.060,1.17568,1.17572,6.00,1.00
2016.01.19 21:25:10.602,1.17567,1.17571,1.57,1.00
2016.01.19 21:25:13.492,1.17566,1.17571,5.62,1.00
2016.01.19 21:25:14.951,1.17565,1.17571,4.12,1.00
2016.01.19 21:25:15.590,1.17565,1.17569,4.12,1.00
2016.01.19 21:25:16.099,1.17565,1.17568,1.00,1.12
2016.01.19 21:25:16.403,1.17553,1.17555,1.87,1.12
2016.01.19 21:25:16.505,1.17551,1.17554,1.37,1.12
2016.01.19 21:25:17.297,1.17551,1.17555,1.37,1.00
2016.01.19 21:25:17.551,1.17551,1.17557,5.25,1.50
2016.01.19 21:25:17.602,1.17553,1.17557,1.47,1.50
2016.01.19 21:25:17.806,1.17554,1.17559,1.37,1.10
2016.01.19 21:25:18.378,1.17555,1.17559,1.37,1.00
2016.01.19 21:25:18.891,1.17554,1.17559,1.48,1.00
2016.01.19 21:25:21.514,1.17553,1.17559,1.50,1.00
2016.01.19 21:25:23.860,1.17553,1.17558,1.50,1.00
2016.01.19 21:25:24.416,1.17554,1.17558,1.47,1.00
2016.01.19 21:25:24.923,1.17553,1.17557,1.47,1.00
2016.01.19 21:25:25.431,1.17553,1.17558,1.47,1.50
2016.01.19 21:25:25.988,1.17553,1.17557,1.47,1.00
2016.01.19 21:25:26.494,1.17553,1.17558,1.47,1.87
2016.01.19 21:25:27.650,1.17553,1.17557,1.47,1.00
2016.01.19 21:25:28.156,1.17553,1.17558,1.47,1.87
2016.01.19 21:25:33.806,1.17553,1.17557,1.47,1.00
2016.01.19 21:25:35.911,1.17555,1.17557,1.00,1.00
2016.01.19 21:25:36.430,1.17555,1.17558,2.32,1.00
2016.01.19 21:25:38.296,1.17555,1.17559,2.32,1.00
2016.01.19 21:25:38.601,1.17553,1.17559,3.00,1.50
2016.01.19 21:25:39.145,1.17553,1.17558,3.00,1.00
2016.01.19 21:25:48.718,1.17553,1.17559,3.37,1.50
2016.01.19 21:25:49.227,1.17553,1.17558,3.37,1.00
2016.01.19 21:25:51.273,1.17554,1.17558,1.12,1.00
2016.01.19 21:25:51.908,1.17553,1.17558,3.75,1.00
2016.01.19 21:25:52.429,1.17554,1.17559,1.57,1.00
2016.01.19 21:25:56.297,1.17554,1.17559,1.87,1.00
2016.01.19 21:25:56.899,1.17554,1.17559,1.87,1.00
2016.01.19 21:26:00.587,1.17555,1.1756,1.10,1.50
2016.01.19 21:26:00.791,1.17556,1.17561,1.37,1.95
2016.01.19 21:26:01.095,1.17558,1.17562,1.37,1.12
2016.01.19 21:26:14.695,1.17557,1.17562,1.95,1.00
2016.01.19 21:26:24.863,1.17557,1.17563,4.95,2.25
2016.01.19 21:26:27.883,1.17557,1.17562,5.62,1.00
2016.01.19 21:26:28.419,1.17557,1.17563,5.62,2.25
2016.01.19 21:26:29.507,1.17557,1.17562,5.62,1.00
2016.01.19 21:26:35.282,1.17557,1.17559,1.12,1.00
2016.01.19 21:26:35.435,1.17555,1.17558,1.47,1.00
2016.01.19 21:26:35.536,1.17554,1.17558,1.50,1.00
2016.01.19 21:26:38.296,1.17553,1.17557,2.32,1.00
2016.01.19 21:26:38.803,1.17552,1.17556,1.37,1.00
2016.01.19 21:26:54.644,1.17551,1.17557,2.25,2.32
2016.01.19 21:27:11.863,1.17551,1.17557,1.50,3.82
2016.01.19 21:27:27.834,1.17551,1.17556,2.25,1.00
2016.01.19 21:27:32.500,1.17553,1.17557,1.00,1.20
2016.01.19 21:27:32.602,1.17555,1.17559,1.10,1.50
2016.01.19 21:27:32.906,1.17556,1.17559,1.37,1.00
2016.01.19 21:27:33.421,1.17556,1.17561,1.37,1.87
2016.01.19 21:27:33.925,1.17556,1.17561,1.37,1.87
2016.01.19 21:27:42.736,1.17557,1.17561,1.50,1.12
2016.01.19 21:27:44.178,1.17557,1.17559,1.50,1.00
2016.01.19 21:27:44.331,1.17555,1.17559,1.57,1.00
2016.01.19 21:27:46.887,1.17555,1.1756,1.10,1.12
2016.01.19 21:27:47.140,1.17556,1.1756,1.37,1.12
2016.01.19 21:28:00.686,1.17556,1.17561,1.50,1.87
2016.01.19 21:28:01.207,1.17556,1.1756,1.50,1.00
2016.01.19 21:28:06.569,1.17556,1.17561,1.50,1.87
2016.01.19 21:28:14.707,1.17556,1.17561,1.00,1.87
2016.01.19 21:28:25.493,1.17556,1.17562,1.00,3.45
2016.01.19 21:28:30.118,1.17556,1.17562,1.00,3.45
2016.01.19 21:28:34.616,1.17556,1.17562,1.50,2.70
2016.01.19 21:29:01.409,1.17557,1.17562,1.37,1.37
2016.01.19 21:29:01.915,1.17557,1.17562,1.37,1.12
2016.01.19 21:29:02.573,1.17557,1.17562,1.37,1.37
2016.01.19 21:29:11.677,1.17557,1.17562,1.37,1.37
2016.01.19 21:29:12.770,1.17557,1.17561,1.37,3.75
2016.01.19 21:29:12.821,1.17554,1.17561,3.37,4.50
2016.01.19 21:29:14.702,1.17555,1.17559,1.47,1.12
2016.01.19 21:29:21.622,1.17555,1.1756,1.47,2.25
2016.01.19 21:29:22.165,1.17556,1.17562,1.47,1.87
2016.01.19 21:29:22.748,1.17556,1.17562,1.47,1.87
2016.01.19 21:29:23.286,1.17556,1.17562,1.47,1.87
2016.01.19 21:29:27.821,1.17557,1.17562,1.37,2.62
2016.01.19 21:29:31.660,1.17557,1.17559,1.37,1.50
2016.01.19 21:29:31.763,1.17557,1.17559,1.12,2.25
2016.01.19 21:29:31.908,1.17555,1.17558,1.10,1.99
2016.01.19 21:29:31.961,1.17552,1.17558,1.95,1.74
2016.01.19 21:29:32.318,1.17552,1.17559,1.47,5.94
2016.01.19 21:29:35.234,1.17552,1.17554,2.62,1.00
2016.01.19 21:29:35.538,1.17546,1.17547,1.00,1.00
2016.01.19 21:29:35.792,1.17543,1.17547,6.00,1.00
2016.01.19 21:29:36.314,1.17543,1.17548,5.25,1.12
2016.01.19 21:29:40.423,1.17543,1.17549,2.25,1.12
2016.01.19 21:29:43.406,1.17545,1.17549,1.00,1.12
2016.01.19 21:29:48.146,1.17545,1.1755,1.00,2.62
2016.01.19 21:29:50.142,1.17545,1.1755,1.00,2.62
2016.01.19 21:29:51.142,1.17544,1.17546,1.20,1.00
2016.01.19 21:29:51.648,1.17542,1.17545,1.00,3.37
2016.01.19 21:29:51.699,1.17539,1.17545,2.25,2.62
2016.01.19 21:29:52.733,1.17539,1.17546,1.87,3.37
2016.01.19 21:29:53.240,1.17539,1.17546,1.87,3.37
2016.01.19 21:29:54.646,1.17541,1.17546,1.95,1.00
2016.01.19 21:29:54.698,1.17544,1.17548,1.00,1.50
2016.01.19 21:29:55.203,1.17542,1.17548,1.47,1.95
2016.01.19 21:29:55.747,1.17542,1.17548,1.47,1.95
2016.01.19 21:29:57.502,1.17543,1.17548,1.37,1.10
2016.01.19 21:29:58.023,1.17543,1.1755,1.50,6.72
2016.01.19 21:29:58.951,1.17544,1.1755,1.47,1.50
2016.01.19 21:29:59.282,1.17547,1.17553,1.50,1.00
2016.01.19 21:29:59.788,1.17548,1.17554,1.47,1.95
2016.01.19 21:30:00.295,1.17547,1.17554,5.25,2.20
2016.01.19 21:30:00.802,1.17547,1.17554,5.62,2.13
2016.01.19 21:30:04.335,1.17549,1.17555,1.10,1.20
2016.01.19 21:30:05.939,1.17549,1.17556,1.50,4.93
2016.01.19 21:30:06.243,1.17551,1.17557,1.87,1.11
2016.01.19 21:30:06.547,1.17555,1.17558,1.10,1.00
2016.01.19 21:30:06.598,1.17555,1.17561,1.50,2.23
2016.01.19 21:30:07.145,1.17556,1.17561,1.75,1.11
2016.01.19 21:30:08.066,1.17557,1.17564,5.62,1.86
2016.01.19 21:30:08.320,1.17559,1.17564,1.10,1.11
2016.01.19 21:30:08.422,1.17559,1.17565,1.10,4.86
2016.01.19 21:30:08.726,1.17557,1.17563,4.12,4.86
2016.01.19 21:30:09.245,1.17557,1.17562,2.25,1.50
2016.01.19 21:30:09.770,1.17558,1.17564,1.12,1.50
2016.01.19 21:30:11.481,1.17557,1.17564,3.37,1.12
2016.01.19 21:30:14.247,1.17558,1.17566,3.00,1.20
2016.01.19 21:30:14.841,1.17559,1.17566,1.12,1.12
2016.01.19 21:30:17.581,1.17559,1.17567,3.00,1.57
2016.01.19 21:30:17.835,1.17562,1.17569,1.00,2.25
2016.01.19 21:30:24.707,1.17562,1.17569,1.37,1.12
2016.01.19 21:30:25.267,1.17562,1.17569,1.12,1.50
2016.01.19 21:30:25.773,1.1756,1.17567,2.62,1.12
2016.01.19 21:30:28.033,1.1756,1.17566,2.25,1.00
2016.01.19 21:30:29.388,1.17563,1.17566,1.00,1.00
2016.01.19 21:30:29.592,1.17565,1.17571,1.12,1.37
2016.01.19 21:30:39.686,1.17566,1.17573,1.95,5.25
2016.01.19 21:30:40.192,1.17566,1.17573,6.00,1.87
2016.01.19 21:30:40.799,1.17567,1.17573,1.10,1.37
2016.01.19 21:30:42.348,1.1757,1.17573,1.00,1.37
2016.01.19 21:30:42.551,1.17571,1.17578,3.00,6.00
2016.01.19 21:30:42.696,1.17572,1.17579,1.12,2.25
2016.01.19 21:30:43.708,1.17572,1.17579,1.12,2.25
2016.01.19 21:30:46.285,1.17572,1.17579,3.00,2.25
2016.01.19 21:30:48.300,1.17572,1.17579,3.00,2.25
2016.01.19 21:30:53.911,1.17573,1.17579,1.12,2.25
2016.01.19 21:31:00.401,1.17573,1.17579,1.10,2.32
2016.01.19 21:31:21.970,1.17573,1.17579,1.57,1.57
2016.01.19 21:31:23.750,1.17573,1.17579,1.57,2.32
2016.01.19 21:31:27.143,1.17573,1.17579,1.57,2.32
2016.01.19 21:31:29.272,1.17573,1.17579,1.10,3.07
2016.01.19 21:31:35.707,1.17572,1.17577,1.12,1.00
2016.01.19 21:31:36.233,1.17571,1.17577,1.95,1.00
2016.01.19 21:31:48.350,1.17571,1.17574,1.20,1.00
2016.01.19 21:31:48.453,1.17569,1.17574,1.00,1.50
2016.01.19 21:31:48.655,1.17567,1.17573,1.20,1.00
2016.01.19 21:31:50.087,1.17566,1.17573,2.70,1.57
2016.01.19 21:31:52.078,1.17566,1.17573,2.70,4.57
2016.01.19 21:31:54.780,1.17566,1.17573,1.95,4.57
2016.01.19 21:31:57.896,1.17566,1.17572,2.70,1.00
2016.01.19 21:31:58.639,1.17564,1.17571,3.00,4.87
2016.01.19 21:31:58.943,1.17564,1.17571,1.00,5.25
2016.01.19 21:32:03.814,1.17564,1.17571,1.00,2.25
2016.01.19 21:32:06.432,1.17565,1.17571,1.00,2.25
2016.01.19 21:32:07.069,1.17564,1.17571,2.62,1.50
2016.01.19 21:32:21.241,1.17565,1.17572,1.00,3.37
2016.01.19 21:32:21.750,1.17565,1.17572,1.12,3.00
2016.01.19 21:32:26.526,1.17565,1.17572,4.95,1.95
2016.01.19 21:32:29.385,1.17565,1.17572,6.45,1.20
2016.01.19 21:32:32.352,1.17567,1.17573,3.75,1.12
2016.01.19 21:32:32.859,1.17568,1.17574,1.00,3.00
2016.01.19 21:32:35.997,1.17569,1.17573,1.00,1.00
2016.01.19 21:32:36.199,1.17571,1.17575,1.00,1.47
2016.01.19 21:32:36.402,1.17571,1.17577,2.62,1.33
2016.01.19 21:32:36.907,1.17571,1.17578,3.45,1.56
2016.01.19 21:32:41.968,1.17572,1.17578,4.46,1.50
2016.01.19 21:32:42.476,1.17572,1.17578,6.03,1.00
2016.01.19 21:32:43.597,1.17572,1.17578,5.40,1.00
2016.01.19 21:32:44.146,1.17572,1.17578,1.65,1.00
2016.01.19 21:32:49.705,1.17572,1.17579,1.20,2.70
2016.01.19 21:32:51.927,1.17572,1.17579,3.45,1.12
2016.01.19 21:32:53.371,1.17572,1.17579,2.03,2.32
2016.01.19 21:32:54.180,1.17572,1.17579,1.95,2.32
2016.01.19 21:32:54.383,1.17574,1.17579,1.00,1.57
2016.01.19 21:32:54.485,1.17574,1.17581,1.50,1.87
2016.01.19 21:32:55.006,1.17575,1.17582,3.75,1.50
2016.01.19 21:32:55.563,1.17575,1.17582,3.00,1.50
2016.01.19 21:32:56.467,1.17574,1.17581,2.32,4.95
2016.01.19 21:32:57.691,1.17574,1.17581,1.57,4.20
2016.01.19 21:33:01.085,1.17574,1.17581,2.70,4.20
2016.01.19 21:33:02.636,1.17574,1.1758,1.95,1.00
2016.01.19 21:33:06.884,1.17574,1.17581,1.95,4.95
2016.01.19 21:33:07.451,1.17574,1.17581,2.70,1.95
2016.01.19 21:33:08.327,1.17574,1.17581,2.70,1.95
2016.01.19 21:33:09.383,1.17574,1.17581,2.70,1.95
2016.01.19 21:33:12.501,1.17575,1.17581,1.12,1.47
2016.01.19 21:33:13.602,1.17575,1.17581,1.20,1.00
2016.01.19 21:33:14.103,1.17575,1.17582,1.95,4.95
2016.01.19 21:33:14.640,1.17575,1.17582,1.95,4.95
2016.01.19 21:33:17.440,1.17575,1.17581,1.10,1.87
2016.01.19 21:33:19.404,1.17574,1.17581,6.00,1.87
2016.01.19 21:33:19.923,1.17576,1.17582,1.12,1.47
2016.01.19 21:33:22.730,1.17575,1.17582,6.82,1.20
2016.01.19 21:33:33.525,1.17576,1.17582,1.12,1.47
2016.01.19 21:33:35.751,1.17576,1.17582,1.12,1.10
2016.01.19 21:33:47.463,1.17577,1.17583,1.00,5.25
2016.01.19 21:33:49.223,1.17576,1.17583,1.12,5.25
2016.01.19 21:33:56.736,1.17577,1.17583,1.00,1.50
2016.01.19 21:33:57.287,1.17577,1.17584,1.50,5.25
2016.01.19 21:34:16.593,1.17577,1.17583,1.20,4.12
2016.01.19 21:34:30.615,1.17576,1.17581,1.95,1.12
2016.01.19 21:34:31.122,1.17576,1.17581,1.10,1.12
2016.01.19 21:34:36.795,1.17576,1.17582,1.20,1.50
2016.01.19 21:34:45.605,1.17577,1.17582,1.00,1.50
2016.01.19 21:34:50.885,1.17576,1.17582,1.10,1.12
2016.01.19 21:34:59.355,1.17577,1.17582,1.00,1.00
2016.01.19 21:35:11.390,1.17577,1.17583,1.00,4.20
2016.01.19 21:35:16.424,1.17578,1.17584,1.00,1.95
2016.01.19 21:35:16.929,1.17579,1.17584,1.00,1.87
2016.01.19 21:35:17.451,1.17579,1.17584,1.00,1.87
2016.01.19 21:35:20.225,1.17579,1.17585,1.50,4.05
2016.01.19 21:35:25.490,1.17579,1.17586,2.62,4.73
2016.01.19 21:35:27.019,1.17579,1.17586,2.25,4.35
2016.01.19 21:35:27.543,1.17581,1.17586,1.00,4.35
2016.01.19 21:35:28.051,1.17582,1.17589,1.20,5.55
2016.01.19 21:35:28.557,1.17582,1.17589,1.50,4.73
2016.01.19 21:35:33.098,1.17582,1.17588,1.50,1.37
2016.01.19 21:35:36.634,1.17583,1.1759,1.57,1.95
2016.01.19 21:35:37.230,1.17583,1.1759,2.25,1.88
2016.01.19 21:35:47.344,1.17583,1.1759,2.25,2.25
2016.01.19 21:35:49.873,1.17583,1.1759,2.25,1.50
2016.01.19 21:35:51.365,1.17583,1.1759,2.25,1.50
2016.01.19 21:35:54.424,1.17583,1.17589,1.10,1.37
2016.01.19 21:35:55.464,1.17583,1.17589,1.57,1.37
2016.01.19 21:35:58.985,1.17583,1.17589,1.10,1.37
2016.01.19 21:35:59.493,1.17584,1.1759,1.00,1.95
2016.01.19 21:36:00.036,1.17584,1.1759,1.00,1.95
2016.01.19 21:36:00.729,1.17583,1.1759,1.20,1.95
2016.01.19 21:36:03.799,1.17583,1.1759,1.20,1.95
2016.01.19 21:36:05.089,1.17583,1.1759,1.57,2.18
2016.01.19 21:36:11.285,1.17582,1.17589,2.32,2.25
2016.01.19 21:36:15.196,1.17582,1.17589,2.32,2.25
2016.01.19 21:36:17.869,1.17583,1.17589,1.00,1.50
2016.01.19 21:36:21.911,1.17583,1.17589,1.00,1.87
2016.01.19 21:36:22.417,1.17582,1.17588,2.32,1.47
2016.01.19 21:36:28.934,1.17582,1.17585,1.57,1.00
2016.01.19 21:36:29.239,1.17571,1.17573,1.50,1.50
2016.01.19 21:36:29.290,1.17569,1.17571,1.57,1.00
2016.01.19 21:36:29.341,1.17569,1.17571,1.10,1.00
2016.01.19 21:36:29.392,1.17566,1.17571,1.75,1.00
2016.01.19 21:36:29.443,1.17566,1.17571,1.12,2.25
2016.01.19 21:36:29.972,1.17565,1.17571,2.05,1.50
2016.01.19 21:36:31.303,1.17566,1.17572,1.10,1.10
2016.01.19 21:36:32.034,1.17566,1.17572,1.10,1.47
2016.01.19 21:36:36.463,1.17567,1.17573,1.00,1.50
2016.01.19 21:36:38.445,1.17566,1.17572,1.10,1.47
2016.01.19 21:36:39.250,1.17565,1.17571,1.12,1.87
2016.01.19 21:36:46.212,1.17565,1.17571,1.12,1.87
2016.01.19 21:36:47.214,1.17565,1.17571,1.12,1.87
2016.01.19 21:36:50.175,1.17565,1.17567,1.12,1.00
2016.01.19 21:36:50.479,1.17559,1.17564,1.50,1.37
2016.01.19 21:36:50.531,1.17559,1.17564,1.10,1.37
2016.01.19 21:36:55.348,1.17559,1.17565,1.10,1.95
2016.01.19 21:36:55.900,1.1756,1.17565,1.00,1.95
2016.01.19 21:36:57.791,1.17559,1.17564,1.10,1.37
2016.01.19 21:36:57.948,1.17558,1.17562,1.50,1.37
2016.01.19 21:36:58.455,1.17556,1.17563,2.62,2.70
2016.01.19 21:37:00.164,1.17557,1.17563,1.20,1.47
2016.01.19 21:37:00.835,1.17556,1.17562,1.50,1.37
2016.01.19 21:37:03.973,1.17556,1.17563,2.25,1.95
2016.01.19 21:37:05.135,1.17556,1.17563,2.25,1.95
2016.01.19 21:37:06.350,1.17557,1.17564,1.20,2.25
2016.01.19 21:37:14.752,1.17557,1.17563,1.12,1.37
2016.01.19 21:37:15.253,1.17557,1.17564,1.87,1.83
2016.01.19 21:37:15.456,1.17558,1.17564,1.10,1.08
2016.01.19 21:37:24.948,1.17558,1.17564,1.12,3.63
2016.01.19 21:37:29.875,1.17558,1.17564,1.50,3.94
2016.01.19 21:37:30.392,1.17558,1.17564,1.20,4.02
2016.01.19 21:37:31.496,1.17558,1.17564,1.20,4.02
2016.01.19 21:37:33.805,1.17558,1.17564,1.20,1.77
2016.01.19 21:37:34.906,1.17558,1.17564,1.20,1.02
2016.01.19 21:37:46.288,1.17558,1.17563,1.20,1.37
2016.01.19 21:37:46.592,1.17554,1.17559,1.57,1.12
2016.01.19 21:37:47.760,1.17554,1.1756,2.25,4.85
2016.01.19 21:37:51.391,1.17554,1.1756,1.75,4.10
2016.01.19 21:37:55.917,1.17554,1.17559,1.75,1.10
2016.01.19 21:37:56.221,1.17554,1.17559,1.10,4.08
2016.01.19 21:38:10.356,1.17554,1.1756,1.47,1.03
2016.01.19 21:38:10.560,1.17557,1.17562,1.00,1.03
2016.01.19 21:38:12.531,1.17557,1.17564,1.50,4.40
2016.01.19 21:38:12.835,1.17557,1.17563,1.00,1.47
2016.01.19 21:38:12.886,1.17557,1.17563,1.12,1.10
2016.01.19 21:38:15.238,1.17557,1.17565,3.00,5.50
2016.01.19 21:38:19.487,1.17557,1.17564,3.75,1.00
2016.01.19 21:38:28.653,1.17557,1.17562,2.25,1.00
2016.01.19 21:38:29.172,1.17557,1.17564,3.00,1.46
2016.01.19 21:38:29.701,1.17557,1.17564,3.37,1.46
2016.01.19 21:38:33.943,1.17557,1.17564,3.37,1.50
2016.01.19 21:38:34.801,1.17557,1.17561,3.00,1.00
2016.01.19 21:38:35.055,1.17557,1.17562,1.00,1.00
2016.01.19 21:38:35.563,1.17557,1.17563,2.62,1.20
2016.01.19 21:38:38.337,1.17558,1.17563,1.00,1.00
2016.01.19 21:38:45.819,1.17558,1.17563,2.32,1.00
2016.01.19 21:38:46.335,1.17558,1.17563,2.32,1.00
2016.01.19 21:38:49.644,1.17558,1.17563,2.32,1.00
2016.01.19 21:38:58.112,1.17558,1.17563,1.20,1.00
2016.01.19 21:39:10.226,1.17557,1.17563,3.37,1.50
2016.01.19 21:39:12.834,1.17557,1.17563,3.37,1.87
2016.01.19 21:39:29.191,1.17559,1.17564,1.00,2.25
2016.01.19 21:39:32.652,1.17559,1.17564,1.00,2.25
2016.01.19 21:39:33.206,1.17558,1.17563,1.20,1.50
2016.01.19 21:39:39.186,1.17559,1.17563,1.00,1.00
2016.01.19 21:39:40.422,1.17558,1.17563,1.20,1.87
2016.01.19 21:39:41.377,1.17559,1.17563,1.00,1.12
2016.01.19 21:39:42.712,1.17559,1.17564,1.00,5.25
2016.01.19 21:39:43.793,1.17559,1.17563,1.00,1.00
2016.01.19 21:40:00.822,1.17559,1.17564,1.00,1.50
2016.01.19 21:40:05.945,1.17558,1.17564,1.87,1.12
2016.01.19 21:40:12.202,1.17558,1.17565,1.87,2.70
2016.01.19 21:40:12.738,1.17559,1.17565,1.00,1.20
2016.01.19 21:40:13.541,1.17559,1.17566,1.10,5.70
2016.01.19 21:40:15.511,1.17558,1.17564,1.87,1.37
2016.01.19 21:40:18.662,1.17558,1.17565,2.62,1.37
2016.01.19 21:40:20.477,1.17559,1.17565,1.10,1.37
2016.01.19 21:40:25.132,1.17558,1.17565,1.87,2.62
2016.01.19 21:40:27.547,1.17558,1.17565,1.87,1.87
2016.01.19 21:40:29.978,1.17558,1.17565,1.87,2.62
2016.01.19 21:40:30.489,1.17558,1.17565,1.87,2.62
2016.01.19 21:40:33.952,1.17559,1.17565,1.10,1.87
2016.01.19 21:40:37.656,1.17559,1.17565,1.20,1.50
2016.01.19 21:40:38.203,1.1756,1.17565,1.00,1.50
2016.01.19 21:40:50.862,1.1756,1.17566,1.12,1.95
2016.01.19 21:40:52.255,1.1756,1.17565,1.12,1.00
2016.01.19 21:40:55.029,1.17559,1.17566,3.07,2.63
2016.01.19 21:40:57.075,1.17559,1.17566,2.70,2.32
2016.01.19 21:40:58.471,1.17559,1.17566,2.70,2.32
2016.01.19 21:40:59.013,1.1756,1.17566,1.00,2.32
2016.01.19 21:41:08.385,1.1756,1.17565,1.00,1.00
2016.01.19 21:41:20.948,1.1756,1.17566,1.00,1.57
2016.01.19 21:41:21.469,1.1756,1.17566,1.00,1.57
2016.01.19 21:41:24.938,1.1756,1.17566,1.00,1.57
2016.01.19 21:41:26.433,1.1756,1.17566,1.00,1.57
2016.01.19 21:41:26.939,1.17561,1.17567,1.87,2.32
2016.01.19 21:41:28.455,1.17561,1.17567,1.87,1.95
2016.01.19 21:41:32.303,1.17562,1.17568,1.00,2.25
2016.01.19 21:41:35.361,1.17562,1.17568,1.00,2.25
2016.01.19 21:41:36.478,1.17562,1.17568,1.50,1.75
2016.01.19 21:41:38.245,1.17562,1.17568,1.50,1.75
2016.01.19 21:41:42.381,1.17562,1.17568,1.00,2.25
2016.01.19 21:41:42.928,1.17561,1.17568,1.00,3.00
2016.01.19 21:41:49.796,1.17561,1.17567,1.00,1.50
2016.01.19 21:41:54.000,1.17561,1.17567,1.00,1.50
2016.01.19 21:42:02.732,1.1756,1.17565,3.00,1.12
2016.01.19 21:42:05.454,1.1756,1.17562,1.00,1.00
2016.01.19 21:42:05.606,1.17557,1.17561,1.50,1.00
2016.01.19 21:42:05.911,1.17557,1.17562,1.50,1.87
2016.01.19 21:42:08.515,1.17558,1.17562,1.00,1.12
2016.01.19 21:42:08.667,1.17558,1.17563,1.00,1.12
2016.01.19 21:42:12.828,1.17558,1.17564,1.00,1.84
2016.01.19 21:42:13.364,1.17559,1.17564,1.50,1.12
2016.01.19 21:42:14.395,1.17558,1.17564,2.62,1.12
2016.01.19 21:42:20.536,1.17558,1.17565,3.00,1.84
2016.01.19 21:42:21.107,1.17558,1.17565,3.00,3.00
2016.01.19 21:42:21.608,1.17558,1.17565,3.00,2.62
2016.01.19 21:42:32.916,1.17558,1.17565,3.00,2.62
2016.01.19 21:42:37.865,1.17558,1.17565,1.74,6.37
2016.01.19 21:42:55.995,1.17557,1.17561,1.57,1.12
2016.01.19 21:42:56.197,1.17555,1.17561,1.00,4.50
2016.01.19 21:43:01.176,1.17554,1.1756,1.10,1.57
2016.01.19 21:43:01.686,1.17554,1.17559,1.00,1.10
2016.01.19 21:43:02.232,1.17554,1.17559,1.00,1.50
2016.01.19 21:43:09.415,1.17555,1.1756,1.00,2.25
2016.01.19 21:43:09.618,1.17555,1.17561,1.00,1.87
2016.01.19 21:43:09.974,1.17557,1.17561,1.00,1.50
2016.01.19 21:43:10.495,1.17557,1.17563,1.50,1.08
2016.01.19 21:43:16.946,1.17558,1.17565,1.00,3.05
2016.01.19 21:43:17.482,1.17559,1.17566,1.00,7.55
2016.01.19 21:43:22.209,1.17558,1.17565,3.00,2.62
2016.01.19 21:43:27.426,1.17558,1.17565,1.50,2.62
2016.01.19 21:43:47.001,1.17558,1.17565,1.50,6.00
2016.01.19 21:43:59.040,1.17558,1.17565,1.50,2.25
2016.01.19 21:44:01.801,1.17559,1.17565,1.00,2.25
2016.01.19 21:44:03.432,1.17559,1.17566,1.00,6.37
2016.01.19 21:44:08.387,1.17559,1.17566,1.00,3.00
2016.01.19 21:44:08.891,1.1756,1.17566,1.50,1.12
2016.01.19 21:44:09.043,1.1756,1.17567,1.50,1.87
2016.01.19 21:44:17.112,1.1756,1.17565,3.00,1.00
2016.01.19 21:44:17.265,1.17559,1.17563,1.00,1.12
2016.01.19 21:44:17.477,1.1756,1.17566,1.50,1.12
2016.01.19 21:44:17.832,1.17563,1.17566,1.00,1.12
2016.01.19 21:44:17.935,1.17563,1.17569,1.50,3.00
2016.01.19 21:44:18.391,1.17563,1.1757,2.62,1.77
2016.01.19 21:44:24.162,1.17564,1.1757,1.00,1.12
2016.01.19 21:44:29.512,1.17563,1.17571,4.12,4.63
2016.01.19 21:44:36.683,1.17564,1.17571,1.00,5.83
2016.01.19 21:44:44.744,1.17563,1.1757,4.12,1.50
2016.01.19 21:44:50.216,1.17564,1.1757,1.00,1.12
2016.01.19 21:44:59.877,1.17565,1.17571,1.00,1.50
2016.01.19 21:45:04.690,1.17565,1.17571,1.00,1.12
2016.01.19 21:45:06.261,1.17568,1.17573,1.00,1.75
2016.01.19 21:45:06.312,1.17568,1.17573,1.00,1.10
2016.01.19 21:45:06.830,1.17568,1.17574,1.00,1.10
2016.01.19 21:45:07.339,1.17569,1.17576,1.00,3.00
2016.01.19 21:45:07.854,1.17569,1.17576,1.00,3.00
2016.01.19 21:45:08.159,1.17571,1.17577,1.00,5.25
2016.01.19 21:45:08.210,1.17571,1.17577,1.00,5.25
2016.01.19 21:45:08.312,1.1757,1.17576,1.00,1.87
2016.01.19 21:45:08.364,1.17569,1.17576,1.00,2.62
2016.01.19 21:45:09.361,1.17567,1.17575,4.07,4.50
2016.01.19 21:45:09.564,1.17566,1.17573,3.32,1.12
2016.01.19 21:45:10.193,1.17566,1.17573,3.32,1.50
2016.01.19 21:45:10.701,1.17566,1.17573,3.32,1.50
2016.01.19 21:45:13.482,1.17566,1.17573,5.19,1.87
2016.01.19 21:45:15.365,1.17566,1.17569,4.44,1.00
2016.01.19 21:45:15.467,1.17564,1.1757,1.82,1.00
2016.01.19 21:45:15.518,1.17564,1.17568,1.40,1.00
2016.01.19 21:45:15.569,1.17563,1.17568,1.57,1.00
2016.01.19 21:45:16.077,1.17562,1.17569,1.44,1.12
2016.01.19 21:45:16.619,1.17561,1.17568,4.82,1.57
2016.01.19 21:45:17.328,1.17561,1.17568,4.82,1.10
2016.01.19 21:45:21.297,1.17563,1.17571,3.32,7.12
2016.01.19 21:45:21.399,1.17564,1.17571,3.69,2.25
2016.01.19 21:45:21.949,1.17565,1.17571,3.69,1.50
2016.01.19 21:45:22.306,1.17563,1.1757,1.52,1.10
2016.01.19 21:45:23.109,1.17566,1.1757,1.00,1.10
2016.01.19 21:45:23.261,1.17566,1.17573,1.50,2.25
2016.01.19 21:45:23.769,1.17565,1.17571,1.00,1.00
2016.01.19 21:45:25.817,1.17564,1.17571,1.57,1.00
2016.01.19 21:45:25.919,1.17564,1.17567,1.50,1.00
2016.01.19 21:45:26.242,1.17561,1.17567,1.00,1.87
2016.01.19 21:45:27.003,1.1756,1.17566,1.00,4.57
2016.01.19 21:45:27.544,1.17559,1.17566,1.50,4.87
2016.01.19 21:45:28.253,1.1756,1.17566,1.00,1.12
2016.01.19 21:45:28.795,1.1756,1.17567,4.12,1.12
2016.01.19 21:45:31.602,1.17561,1.17567,1.00,1.12
2016.01.19 21:45:33.036,1.17563,1.17568,1.00,1.50
2016.01.19 21:45:33.231,1.17563,1.17568,1.00,1.10
2016.01.19 21:45:33.739,1.17564,1.17571,1.50,1.50
2016.01.19 21:45:34.246,1.17564,1.17571,1.50,1.12
2016.01.19 21:45:40.708,1.17565,1.17571,1.00,1.12
2016.01.19 21:45:41.315,1.17565,1.17572,1.50,3.82
2016.01.19 21:46:02.742,1.17566,1.17573,1.00,4.20
2016.01.19 21:46:03.290,1.17566,1.17573,3.00,4.12
2016.01.19 21:46:08.113,1.17566,1.17572,2.25,1.00
2016.01.19 21:46:19.548,1.17566,1.17573,2.25,4.12
2016.01.19 21:46:19.733,1.17566,1.17571,2.25,3.75
2016.01.19 21:46:19.785,1.17568,1.17575,1.00,2.25
2016.01.19 21:46:20.292,1.17568,1.17575,1.50,1.10
2016.01.19 21:46:21.096,1.1757,1.17576,1.00,1.12
2016.01.19 21:46:21.349,1.17571,1.17577,1.00,1.10
2016.01.19 21:46:21.400,1.17573,1.17577,1.00,1.10
2016.01.19 21:46:21.964,1.17573,1.17579,1.00,4.12
2016.01.19 21:46:22.711,1.17572,1.17579,1.50,1.87
2016.01.19 21:46:25.827,1.17576,1.17582,1.00,3.37
2016.01.19 21:46:26.369,1.17576,1.17582,1.00,2.25
2016.01.19 21:46:26.931,1.17575,1.1758,1.12,1.12
2016.01.19 21:46:30.151,1.17575,1.17582,1.12,3.00
2016.01.19 21:46:36.158,1.17576,1.17582,1.00,1.50
2016.01.19 21:46:40.032,1.17576,1.17582,1.00,1.12
2016.01.19 21:46:43.654,1.17577,1.17582,1.00,1.12
2016.01.19 21:46:44.161,1.17576,1.1758,1.00,1.00
2016.01.19 21:46:44.735,1.17575,1.1758,4.20,1.00
2016.01.19 21:46:45.704,1.17575,1.17581,4.20,1.10
2016.01.19 21:46:46.226,1.17574,1.17581,1.95,4.57
2016.01.19 21:46:46.885,1.17574,1.1758,1.95,1.00
2016.01.19 21:46:47.391,1.17574,1.17581,1.95,1.57
2016.01.19 21:46:48.516,1.17574,1.17581,1.95,4.57
2016.01.19 21:46:49.029,1.17574,1.1758,2.70,1.00
2016.01.19 21:46:52.342,1.17575,1.17581,1.12,1.57
2016.01.19 21:46:52.849,1.17574,1.1758,1.95,1.00
2016.01.19 21:46:53.758,1.17574,1.17581,2.70,1.57
2016.01.19 21:46:56.997,1.17574,1.17581,5.70,1.10
2016.01.19 21:46:57.505,1.17575,1.17581,1.87,1.10
2016.01.19 21:46:59.963,1.17574,1.17581,2.70,3.82
2016.01.19 21:47:00.471,1.17575,1.17581,1.87,1.10
2016.01.19 21:47:01.734,1.17574,1.17581,3.93,1.10
2016.01.19 21:47:11.824,1.17576,1.17582,1.00,1.12
2016.01.19 21:47:14.027,1.17574,1.17581,4.20,1.10
2016.01.19 21:47:23.390,1.17573,1.1758,5.20,1.00
2016.01.19 21:47:26.886,1.17574,1.17581,1.03,4.20
2016.01.19 21:47:27.449,1.17573,1.1758,1.87,3.75
2016.01.19 21:47:27.602,1.17573,1.1758,1.50,4.50
2016.01.19 21:47:30.318,1.17573,1.1758,1.57,1.12
2016.01.19 21:47:31.641,1.17573,1.1758,1.47,1.12
2016.01.19 21:47:33.367,1.17575,1.1758,1.00,1.12
2016.01.19 21:47:33.925,1.17575,1.1758,1.00,1.10
2016.01.19 21:47:41.808,1.17576,1.1758,1.00,1.10
2016.01.19 21:47:41.909,1.17576,1.17582,1.00,1.00
2016.01.19 21:47:42.213,1.17577,1.17582,1.37,1.00
2016.01.19 21:47:42.817,1.17577,1.17582,1.00,1.00
2016.01.19 21:47:43.121,1.1758,1.17585,1.50,1.00
2016.01.19 21:47:43.224,1.1758,1.17587,2.25,3.74
2016.01.19 21:47:43.730,1.17581,1.17589,2.62,4.42
2016.01.19 21:47:50.239,1.17584,1.1759,1.37,4.04
2016.01.19 21:47:50.340,1.17585,1.17592,1.12,1.79
2016.01.19 21:47:50.858,1.17586,1.17593,2.25,4.36
2016.01.19 21:47:52.762,1.17587,1.17594,1.10,1.29
2016.01.19 21:47:53.269,1.17588,1.17595,1.00,5.11
2016.01.19 21:48:09.947,1.17588,1.17595,1.50,1.12
2016.01.19 21:48:11.796,1.17589,1.17595,1.12,1.10
2016.01.19 21:48:16.335,1.17589,1.17596,2.25,1.10
2016.01.19 21:48:16.855,1.17591,1.17597,1.00,1.12
2016.01.19 21:48:17.721,1.17592,1.17599,1.00,2.62
2016.01.19 21:48:17.941,1.17595,1.176,1.00,1.75
2016.01.19 21:48:17.992,1.17595,1.17602,1.00,5.33
2016.01.19 21:48:18.763,1.17595,1.17602,1.10,3.91
2016.01.19 21:48:19.177,1.17594,1.176,1.12,1.09
2016.01.19 21:48:20.588,1.17595,1.17602,3.00,1.21
2016.01.19 21:48:30.052,1.17597,1.17604,3.00,2.62
2016.01.19 21:48:30.153,1.17595,1.17602,4.57,1.10
2016.01.19 21:48:31.517,1.17595,1.17602,4.50,1.12
2016.01.19 21:48:36.762,1.17597,1.17604,3.00,2.25
2016.01.19 21:48:41.516,1.17595,1.17601,1.57,1.00
2016.01.19 21:48:42.027,1.17595,1.17601,1.00,1.50
2016.01.19 21:48:51.875,1.17594,1.176,1.00,1.57
2016.01.19 21:48:51.926,1.17591,1.17597,2.25,1.50
2016.01.19 21:48:51.977,1.17591,1.17597,1.87,1.12
2016.01.19 21:48:52.625,1.17592,1.17598,1.00,1.50
2016.01.19 21:48:54.481,1.17591,1.17598,4.50,1.50
2016.01.19 21:48:57.892,1.17593,1.17599,2.62,1.75
2016.01.19 21:49:01.622,1.17592,1.17599,1.00,4.50
2016.01.19 21:49:03.284,1.17591,1.17598,2.84,1.50
2016.01.19 21:49:06.418,1.17592,1.17597,1.00,4.12
2016.01.19 21:49:06.469,1.17593,1.17598,1.50,1.10
2016.01.19 21:49:06.984,1.17594,1.176,1.50,1.50
2016.01.19 21:49:11.662,1.17594,1.176,1.87,1.12
2016.01.19 21:49:12.204,1.17595,1.176,1.00,1.12
2016.01.19 21:49:14.740,1.17594,1.17601,1.71,4.50
2016.01.19 21:49:18.048,1.17593,1.17599,1.50,4.12
2016.01.19 21:49:18.556,1.17593,1.17599,1.00,4.50
2016.01.19 21:49:20.205,1.17593,1.17598,1.00,1.50
2016.01.19 21:49:20.538,1.17591,1.17598,1.71,1.50
2016.01.19 21:49:21.059,1.17592,1.17598,1.50,1.50
2016.01.19 21:49:21.767,1.17592,1.17599,1.50,4.50
2016.01.19 21:49:26.035,1.17593,1.176,1.00,3.75
2016.01.19 21:49:26.390,1.17595,1.17602,1.00,4.88
2016.01.19 21:49:27.385,1.17596,1.17603,1.00,2.63
2016.01.19 21:49:35.276,1.17596,1.17603,1.00,4.50
2016.01.19 21:49:35.848,1.17597,1.17603,1.50,1.75
2016.01.19 21:49:36.506,1.17597,1.17603,2.62,1.50
2016.01.19 21:49:37.037,1.17602,1.17604,2.62,1.10
2016.01.19 21:49:37.290,1.17607,1.17612,1.00,1.50
2016.01.19 21:49:37.392,1.17609,1.17613,1.00,2.25
2016.01.19 21:49:37.696,1.17609,1.17613,1.00,2.62
2016.01.19 21:49:38.051,1.17607,1.1761,1.12,1.10
2016.01.19 21:49:38.806,1.17607,1.17612,1.12,1.87
2016.01.19 21:49:39.270,1.17605,1.17606,1.87,1.00
2016.01.19 21:49:39.321,1.17601,1.17605,4.50,1.00
2016.01.19 21:49:39.489,1.17597,1.17601,1.12,1.10
2016.01.19 21:49:39.591,1.17596,1.17601,1.37,1.57
2016.01.19 21:49:39.694,1.17595,1.17601,1.00,1.87
2016.01.19 21:49:43.982,1.17597,1.17602,1.50,1.87
2016.01.19 21:49:44.838,1.17594,1.17601,4.12,1.12
2016.01.19 21:49:51.480,1.17596,1.17601,1.12,1.10
2016.01.19 21:49:51.862,1.17598,1.17604,1.00,1.50
2016.01.19 21:49:52.167,1.17601,1.17605,1.00,1.50
2016.01.19 21:49:52.371,1.17601,1.17606,1.00,1.12
2016.01.19 21:49:54.684,1.17601,1.17606,1.00,1.10
2016.01.19 21:49:58.575,1.17601,1.17604,1.50,1.00
2016.01.19 21:49:59.081,1.176,1.17606,1.50,1.12
2016.01.19 21:50:01.167,1.176,1.17606,1.00,1.37
2016.01.19 21:50:01.708,1.17601,1.17606,1.00,1.37
2016.01.19 21:50:04.680,1.17601,1.17606,1.00,1.12
2016.01.19 21:50:16.456,1.17601,1.17608,1.87,1.50
2016.01.19 21:50:16.655,1.17605,1.17612,1.00,1.37
2016.01.19 21:50:19.850,1.17603,1.1761,2.62,1.12
2016.01.19 21:50:20.205,1.17602,1.1761,1.37,2.63
2016.01.19 21:50:25.548,1.17602,1.1761,1.37,2.25
2016.01.19 21:50:26.780,1.17602,1.1761,1.37,2.63
2016.01.19 21:50:29.343,1.17602,1.1761,1.00,2.63
2016.01.19 21:50:30.299,1.17603,1.17611,1.00,2.25
2016.01.19 21:50:30.654,1.17603,1.17611,1.00,1.50
2016.01.19 21:50:31.402,1.17602,1.17611,1.57,2.25
2016.01.19 21:50:50.334,1.17602,1.1761,1.00,1.59
2016.01.19 21:51:00.074,1.17601,1.17609,2.32,2.12
2016.01.19 21:51:03.829,1.17602,1.1761,1.00,3.99
2016.01.19 21:51:05.684,1.17601,1.17604,1.10,2.95
2016.01.19 21:51:05.786,1.17598,1.17604,2.62,2.57
2016.01.19 21:51:05.837,1.17601,1.17608,1.50,1.50
2016.01.19 21:51:06.378,1.17601,1.17609,1.57,3.32
2016.01.19 21:51:08.687,1.17602,1.1761,1.50,4.07
2016.01.19 21:51:11.787,1.17602,1.1761,1.57,3.70
2016.01.19 21:51:18.488,1.17603,1.1761,1.00,1.48
2016.01.19 21:51:24.538,1.17602,1.17609,1.57,1.10
2016.01.19 21:51:32.115,1.17603,1.17609,1.00,1.00
2016.01.19 21:51:32.218,1.17606,1.17611,1.00,1.00
2016.01.19 21:51:32.370,1.17606,1.17613,1.12,1.00
2016.01.19 21:51:32.553,1.17604,1.17612,3.00,3.69
2016.01.19 21:51:33.060,1.17604,1.17612,3.00,4.00
2016.01.19 21:51:37.057,1.17605,1.17613,1.10,4.83
2016.01.19 21:51:37.361,1.17603,1.17611,1.00,4.00
2016.01.19 21:51:40.373,1.17605,1.17612,1.00,3.12
2016.01.19 21:51:40.720,1.1761,1.17616,1.00,1.06
2016.01.19 21:51:41.026,1.17612,1.17619,1.00,1.62
2016.01.19 21:51:41.280,1.1761,1.17618,1.00,3.49
2016.01.19 21:51:42.669,1.17611,1.17619,1.00,3.87
2016.01.19 21:51:43.224,1.1761,1.17618,1.50,3.42
2016.01.19 21:51:44.225,1.17609,1.17617,1.12,3.42
2016.01.19 21:51:44.428,1.17611,1.17618,1.00,1.17
2016.01.19 21:51:44.972,1.1761,1.17618,1.87,3.80
2016.01.19 21:51:46.164,1.1761,1.17617,1.12,3.05
2016.01.19 21:51:46.671,1.17609,1.17617,1.50,3.88
2016.01.19 21:51:47.182,1.17608,1.17616,1.50,3.05
2016.01.19 21:51:54.303,1.17609,1.17615,1.00,1.00
2016.01.19 21:51:59.943,1.17608,1.17616,1.37,3.75
2016.01.19 21:52:06.779,1.17609,1.17617,1.12,4.13
2016.01.19 21:52:06.885,1.1761,1.17618,1.50,4.20
2016.01.19 21:52:10.622,1.17612,1.17619,1.00,1.20
2016.01.19 21:52:11.363,1.17612,1.17619,1.50,1.10
2016.01.19 21:52:11.879,1.17613,1.1762,1.00,1.07
2016.01.19 21:52:16.426,1.17613,1.17621,1.00,3.60
2016.01.19 21:52:16.967,1.17614,1.17622,1.00,3.90
2016.01.19 21:52:17.516,1.17613,1.17621,5.10,1.10
2016.01.19 21:52:20.440,1.17613,1.1762,1.35,1.57
2016.01.19 21:52:20.744,1.17611,1.17618,1.30,1.10
2016.01.19 21:52:21.251,1.1761,1.17617,1.37,3.82
2016.01.19 21:52:26.994,1.1761,1.17615,2.48,1.00
2016.01.19 21:52:32.418,1.1761,1.17614,1.87,1.00
2016.01.19 21:52:37.361,1.1761,1.17615,1.37,1.00
2016.01.19 21:52:49.269,1.17612,1.17615,1.00,1.00
2016.01.19 21:52:49.371,1.17612,1.17617,1.12,1.00
2016.01.19 21:52:49.725,1.17613,1.17619,4.50,1.00
2016.01.19 21:52:54.576,1.17614,1.17618,1.00,1.00
2016.01.19 21:52:55.631,1.17613,1.17618,1.50,1.00
2016.01.19 21:52:57.205,1.17612,1.17618,1.87,1.00
2016.01.19 21:52:58.978,1.17613,1.1762,3.37,1.00
2016.01.19 21:52:59.181,1.17615,1.17622,1.12,1.12
2016.01.19 21:52:59.687,1.17616,1.17622,1.00,1.00
2016.01.19 21:53:00.301,1.17615,1.17622,1.87,1.00
2016.01.19 21:53:05.641,1.17615,1.17623,1.87,1.10
2016.01.19 21:53:06.191,1.17616,1.17624,1.00,1.12
2016.01.19 21:53:21.397,1.17619,1.17626,1.00,1.12
2016.01.19 21:53:21.448,1.1762,1.17627,1.00,1.95
2016.01.19 21:53:21.499,1.17625,1.17627,1.00,1.10
2016.01.19 21:53:21.652,1.17628,1.17633,1.41,1.00
2016.01.19 21:53:21.765,1.17628,1.17637,1.41,3.37
2016.01.19 21:53:22.070,1.1763,1.17637,1.00,1.50
2016.01.19 21:53:23.143,1.17629,1.17637,1.39,1.50
2016.01.19 21:53:33.355,1.17629,1.17637,1.00,1.07
2016.01.19 21:53:42.574,1.17629,1.17638,2.25,1.20
2016.01.19 21:53:46.016,1.17632,1.17639,1.50,1.50
2016.01.19 21:53:46.264,1.17641,1.17648,3.00,1.57
2016.01.19 21:53:46.315,1.17641,1.17648,3.00,2.70
2016.01.19 21:53:46.417,1.17641,1.17648,1.01,3.45
2016.01.19 21:53:46.927,1.17639,1.17647,2.25,1.87
2016.01.19 21:53:47.100,1.17639,1.17647,2.25,2.25
2016.01.19 21:53:47.495,1.17638,1.17647,2.25,3.75
2016.01.19 21:53:48.027,1.17637,1.17646,1.37,2.25
2016.01.19 21:53:50.995,1.17641,1.17646,1.00,1.12
2016.01.19 21:53:51.046,1.17644,1.17647,1.00,1.87
2016.01.19 21:53:51.097,1.17649,1.17651,1.87,1.50
2016.01.19 21:53:51.301,1.17653,1.17658,1.00,1.87
2016.01.19 21:53:51.850,1.17653,1.17659,1.00,1.75
2016.01.19 21:53:52.103,1.17651,1.17659,1.00,1.75
2016.01.19 21:53:52.408,1.17653,1.1766,1.00,2.62
2016.01.19 21:53:52.510,1.17653,1.1766,3.68,1.10
2016.01.19 21:53:52.726,1.17656,1.17661,1.00,1.10
2016.01.19 21:53:53.183,1.17655,1.17662,1.00,1.07
2016.01.19 21:53:54.125,1.17655,1.17662,1.00,1.12
2016.01.19 21:53:54.176,1.17653,1.17661,1.12,1.57
2016.01.19 21:53:54.277,1.17651,1.1766,4.42,1.12
2016.01.19 21:53:54.784,1.1765,1.17659,1.12,1.87
2016.01.19 21:53:56.507,1.17651,1.17659,1.00,1.87
2016.01.19 21:53:58.183,1.17651,1.17659,1.00,1.57
2016.01.19 21:53:59.326,1.17652,1.17659,1.00,1.10
2016.01.19 21:54:03.140,1.17652,1.17659,1.00,1.07
2016.01.19 21:54:08.262,1.17649,1.17655,4.95,1.00
2016.01.19 21:54:17.650,1.17649,1.17652,4.12,1.00
2016.01.19 21:54:17.701,1.17645,1.1765,1.50,1.00
2016.01.19 21:54:17.853,1.17641,1.1765,4.87,1.57
2016.01.19 21:54:18.056,1.17641,1.17646,3.75,1.00
2016.01.19 21:54:18.563,1.17642,1.17646,3.75,1.00
2016.01.19 21:54:19.678,1.17642,1.1765,3.75,1.57
2016.01.19 21:54:19.830,1.17644,1.1765,3.75,1.07
2016.01.19 21:54:20.365,1.17644,1.17652,3.75,2.62
2016.01.19 21:54:21.720,1.17644,1.17652,3.75,1.20
2016.01.19 21:54:24.815,1.17644,1.17653,3.75,1.45
2016.01.19 21:54:26.645,1.17645,1.17653,3.75,1.45
2016.01.19 21:54:27.407,1.17646,1.17654,3.75,1.47
2016.01.19 21:54:27.509,1.17646,1.17654,3.75,1.10
2016.01.19 21:54:31.797,1.17644,1.17654,5.70,1.57
2016.01.19 21:54:31.848,1.17644,1.17654,5.62,1.87
2016.01.19 21:54:35.632,1.17644,1.17651,1.00,1.00
2016.01.19 21:54:35.953,1.17642,1.17649,3.75,1.00
2016.01.19 21:54:38.505,1.17642,1.17651,3.75,1.95
2016.01.19 21:54:43.673,1.17643,1.17651,1.00,1.20
2016.01.19 21:54:44.270,1.17642,1.17651,4.50,1.20
2016.01.19 21:54:46.875,1.17643,1.17651,1.00,1.20
2016.01.19 21:54:47.477,1.17643,1.17651,1.00,1.57
2016.01.19 21:54:50.180,1.17644,1.1765,1.00,1.12
2016.01.19 21:54:50.939,1.17641,1.1765,3.45,1.50
2016.01.19 21:54:52.372,1.17642,1.1765,3.00,1.57
2016.01.19 21:54:52.969,1.17642,1.17649,3.00,1.00
2016.01.19 21:54:55.326,1.17643,1.17649,3.00,1.00
2016.01.19 21:54:56.027,1.1764,1.17647,3.08,1.00
2016.01.19 21:54:56.332,1.17639,1.17644,3.08,1.00
2016.01.19 21:54:57.328,1.17639,1.17646,3.08,1.00
2016.01.19 21:54:57.886,1.1764,1.17646,3.00,1.00
2016.01.19 21:55:03.487,1.1764,1.17646,1.00,1.00
2016.01.19 21:55:05.679,1.17641,1.17647,1.00,1.00
2016.01.19 21:55:06.186,1.1764,1.17647,1.00,1.00
2016.01.19 21:55:08.478,1.17639,1.17647,1.57,1.00
2016.01.19 21:55:10.403,1.17639,1.17644,1.10,1.00
2016.01.19 21:55:11.061,1.17639,1.17642,1.10,1.00
2016.01.19 21:55:11.585,1.17638,1.17643,1.20,1.00
2016.01.19 21:55:14.681,1.17635,1.1764,1.87,1.00
2016.01.19 21:55:15.275,1.17634,1.17639,1.00,1.00
2016.01.19 21:55:16.550,1.17635,1.17639,1.00,1.00
2016.01.19 21:55:19.202,1.17634,1.17639,1.00,1.00
2016.01.19 21:55:22.597,1.17633,1.17639,1.10,1.00
2016.01.19 21:55:22.901,1.17633,1.17636,1.00,1.00
2016.01.19 21:55:26.567,1.17633,1.17638,1.00,1.00
2016.01.19 21:55:38.685,1.17634,1.17638,1.00,1.00
2016.01.19 21:55:42.397,1.17633,1.17638,1.00,1.00
2016.01.19 21:55:42.905,1.17634,1.17638,1.00,1.00
2016.01.19 21:55:45.746,1.17633,1.17638,1.00,1.00
2016.01.19 21:55:46.483,1.17633,1.17639,1.00,1.00
2016.01.19 21:55:46.635,1.17635,1.17639,1.00,1.00
2016.01.19 21:55:48.663,1.17635,1.17637,1.00,1.00
2016.01.19 21:55:49.119,1.17635,1.17639,1.00,1.00
2016.01.19 21:55:50.232,1.17634,1.17639,1.00,1.00
2016.01.19 21:55:51.915,1.17633,1.17639,1.00,1.00
2016.01.19 21:56:00.224,1.17633,1.17642,2.25,1.00
2016.01.19 21:56:00.771,1.17634,1.17643,1.00,2.62
2016.01.19 21:56:01.508,1.17634,1.17642,1.00,1.00
2016.01.19 21:56:02.054,1.17633,1.17642,1.00,2.49
2016.01.19 21:56:02.561,1.17634,1.17643,1.50,1.50
2016.01.19 21:56:09.939,1.17633,1.17643,4.43,2.25
2016.01.19 21:56:10.041,1.17633,1.17639,1.00,1.00
2016.01.19 21:56:10.548,1.17632,1.17639,3.68,1.00
2016.01.19 21:56:12.129,1.17632,1.17638,1.00,1.00
2016.01.19 21:56:12.636,1.17631,1.17638,3.68,1.00
2016.01.19 21:56:13.664,1.17632,1.17638,2.93,1.00
2016.01.19 21:56:16.210,1.17631,1.17638,3.68,1.00
2016.01.19 21:56:17.374,1.17631,1.17634,1.00,1.00
2016.01.19 21:56:23.024,1.17631,1.17633,1.00,1.00
2016.01.19 21:56:23.246,1.17631,1.17635,1.00,1.00
2016.01.19 21:56:23.744,1.17626,1.17634,1.00,1.50
2016.01.19 21:56:23.846,1.17626,1.17632,1.00,1.00
2016.01.19 21:56:24.381,1.17624,1.17631,5.69,1.00
2016.01.19 21:56:27.925,1.17626,1.17631,1.00,1.00
2016.01.19 21:56:28.432,1.17625,1.17631,1.49,1.00
2016.01.19 21:56:28.944,1.17626,1.17631,1.00,1.00
2016.01.19 21:56:29.452,1.17625,1.17631,1.49,1.00
2016.01.19 21:56:29.986,1.17626,1.17631,1.00,1.00
2016.01.19 21:56:30.494,1.17625,1.17631,1.49,1.00
2016.01.19 21:56:31.011,1.17626,1.17631,1.00,1.00
2016.01.19 21:56:31.519,1.17625,1.17631,1.49,1.00
2016.01.19 21:56:32.337,1.17626,1.17631,1.00,1.00
2016.01.19 21:56:32.845,1.17624,1.17631,4.49,1.00
2016.01.19 21:56:33.392,1.17628,1.17631,1.12,1.00
2016.01.19 21:56:33.443,1.17628,1.17633,1.12,1.00
2016.01.19 21:56:33.697,1.17629,1.17635,1.12,1.00
2016.01.19 21:56:34.623,1.1763,1.17635,1.00,1.00
2016.01.19 21:56:35.822,1.17629,1.17635,4.12,1.00
2016.01.19 21:56:36.330,1.17629,1.17634,4.12,1.00
2016.01.19 21:56:36.893,1.1763,1.17634,1.00,1.00
2016.01.19 21:56:37.959,1.1763,1.17635,1.00,1.00
2016.01.19 21:56:38.570,1.17631,1.17635,1.00,1.00
2016.01.19 21:56:39.076,1.1763,1.17635,1.00,1.00
2016.01.19 21:56:40.034,1.1763,1.17634,1.00,1.00
2016.01.19 21:56:40.782,1.17631,1.17634,1.00,1.00
2016.01.19 21:56:41.852,1.1763,1.17634,1.00,1.00
2016.01.19 21:56:42.360,1.1763,1.17635,1.00,1.00
2016.01.19 21:56:43.086,1.17631,1.17635,1.00,1.00
2016.01.19 21:56:43.999,1.17631,1.17634,1.00,1.00
2016.01.19 21:56:44.501,1.1763,1.17634,1.00,1.00
2016.01.19 21:56:44.959,1.17632,1.17634,1.00,1.00
2016.01.19 21:56:45.061,1.1763,1.17635,1.00,1.00
2016.01.19 21:56:45.562,1.1763,1.17634,1.00,1.00
2016.01.19 21:56:46.072,1.17629,1.17634,1.00,1.00
2016.01.19 21:56:46.577,1.17629,1.17633,1.00,1.00
2016.01.19 21:56:48.910,1.17628,1.17633,1.10,1.00
2016.01.19 21:56:50.014,1.1763,1.17633,1.00,1.00
2016.01.19 21:56:50.171,1.1763,1.17635,1.00,1.00
2016.01.19 21:56:52.514,1.17629,1.17635,4.50,1.00
2016.01.19 21:56:53.783,1.17628,1.17634,1.00,1.00
2016.01.19 21:56:57.232,1.17628,1.17633,1.00,1.00
2016.01.19 21:57:00.806,1.17627,1.17633,1.00,1.00
2016.01.19 21:57:01.061,1.17626,1.17631,1.00,1.00
2016.01.19 21:57:06.567,1.17626,1.17632,1.00,1.00
2016.01.19 21:57:07.138,1.17625,1.17632,3.71,1.50
2016.01.19 21:57:07.341,1.17622,1.17631,4.08,1.00
2016.01.19 21:57:07.443,1.17622,1.17629,4.08,1.00
2016.01.19 21:57:11.809,1.17624,1.17629,1.00,1.00
2016.01.19 21:57:12.316,1.17623,1.17628,1.00,1.00
2016.01.19 21:57:17.403,1.17624,1.17628,1.00,1.00
2016.01.19 21:57:26.456,1.17624,1.17629,1.00,1.00
2016.01.19 21:57:26.709,1.17624,1.17632,1.00,1.00
2016.01.19 21:57:28.807,1.17626,1.17632,1.00,1.00
2016.01.19 21:57:29.010,1.17627,1.17635,1.50,1.00
2016.01.19 21:57:29.550,1.17628,1.17635,1.00,1.00
2016.01.19 21:57:32.856,1.17628,1.17636,1.00,1.00
2016.01.19 21:57:33.266,1.1763,1.17636,1.00,1.00
2016.01.19 21:57:37.055,1.1763,1.17639,1.00,1.37
2016.01.19 21:57:52.611,1.17629,1.17639,1.00,1.87
2016.01.19 21:57:53.194,1.1763,1.17639,1.00,1.37
2016.01.19 21:57:59.847,1.17629,1.17637,1.00,1.12
2016.01.19 21:58:00.654,1.1763,1.17639,1.00,1.47
2016.01.19 21:58:00.959,1.17628,1.17635,1.00,1.00
2016.01.19 21:58:01.467,1.17629,1.17636,1.00,1.12
2016.01.19 21:58:01.721,1.17626,1.17636,1.50,1.87
2016.01.19 21:58:02.025,1.17626,1.17632,1.00,1.00
2016.01.19 21:58:02.417,1.17626,1.17634,1.00,1.00
2016.01.19 21:58:03.150,1.17627,1.17634,1.00,1.00
2016.01.19 21:58:05.567,1.17628,1.17634,1.00,1.00
2016.01.19 21:58:07.453,1.17629,1.17634,1.00,1.00
2016.01.19 21:58:07.809,1.17628,1.17636,1.00,1.12
2016.01.19 21:58:08.328,1.17628,1.17635,1.00,1.00
2016.01.19 21:58:09.382,1.17628,1.17638,1.00,1.00
2016.01.19 21:58:09.534,1.1763,1.1764,1.00,1.20
2016.01.19 21:58:09.838,1.17634,1.17644,1.00,1.87
2016.01.19 21:58:10.346,1.17635,1.17645,1.00,3.00
2016.01.19 21:58:11.285,1.17635,1.17645,1.00,1.87
2016.01.19 21:58:14.855,1.17636,1.17645,1.00,1.12
2016.01.19 21:58:15.281,1.17637,1.17645,1.00,1.10
2016.01.19 21:58:15.687,1.17637,1.17646,1.00,1.82
2016.01.19 21:58:15.879,1.17637,1.17645,1.00,1.10
2016.01.19 21:58:17.264,1.17636,1.17646,1.00,3.07
2016.01.19 21:58:17.780,1.17636,1.17646,1.00,1.57
2016.01.19 21:58:18.134,1.17639,1.17647,1.00,1.87
2016.01.19 21:58:21.423,1.17639,1.17644,1.00,1.00
2016.01.19 21:58:25.706,1.17638,1.17644,1.00,1.50
2016.01.19 21:58:31.829,1.17638,1.17641,1.00,1.00
2016.01.19 21:58:32.240,1.17637,1.17644,1.00,1.00
2016.01.19 21:58:32.746,1.17637,1.17645,1.00,1.00
2016.01.19 21:58:35.364,1.17637,1.17644,1.00,1.00
2016.01.19 21:58:36.009,1.17637,1.17645,1.00,1.00
2016.01.19 21:58:36.516,1.17637,1.17644,1.00,1.00
2016.01.19 21:58:37.056,1.17637,1.17645,1.00,1.00
2016.01.19 21:58:37.588,1.17637,1.17644,1.00,1.00
2016.01.19 21:58:39.306,1.17637,1.17645,1.00,1.00
2016.01.19 21:58:39.509,1.17637,1.17642,1.00,1.00
2016.01.19 21:58:41.078,1.17634,1.17637,1.00,1.37
2016.01.19 21:58:41.180,1.17631,1.17632,1.00,1.12
2016.01.19 21:58:41.231,1.17631,1.17638,1.00,1.37
2016.01.19 21:58:41.536,1.17631,1.17639,1.00,1.00
2016.01.19 21:58:41.934,1.17633,1.1764,1.00,1.00
2016.01.19 21:58:42.492,1.17633,1.17639,1.00,1.00
2016.01.19 21:58:43.672,1.17632,1.17638,1.00,1.00
2016.01.19 21:58:44.191,1.17631,1.17637,1.00,1.00
2016.01.19 21:58:48.209,1.17631,1.17638,1.00,1.00
2016.01.19 21:58:50.604,1.17631,1.17639,1.00,1.00
2016.01.19 21:59:00.540,1.17631,1.1764,0.75,0.75
2016.01.19 21:59:02.191,1.17631,1.17635,0.75,0.75
2016.01.19 21:59:02.444,1.17633,1.17641,0.75,0.75
2016.01.19 21:59:02.546,1.17635,1.17643,0.75,0.75
2016.01.19 21:59:02.698,1.17635,1.17645,0.75,1.50
2016.01.19 21:59:03.224,1.17636,1.17647,0.75,1.50
2016.01.19 21:59:03.428,1.17636,1.17644,0.75,0.75
2016.01.19 21:59:03.969,1.17637,1.17644,0.75,0.75
2016.01.19 21:59:04.201,1.17638,1.17647,0.75,0.75
2016.01.19 21:59:04.709,1.17637,1.17647,0.75,0.75
2016.01.19 21:59:05.537,1.17637,1.17648,0.75,0.75
2016.01.19 21:59:06.072,1.17637,1.17647,0.75,0.75
2016.01.19 21:59:07.528,1.17637,1.17646,0.75,0.75
2016.01.19 21:59:07.579,1.17637,1.17641,0.75,0.75
2016.01.19 21:59:07.630,1.17634,1.17641,0.75,0.75
2016.01.19 21:59:07.986,1.17639,1.17641,0.75,0.75
2016.01.19 21:59:08.088,1.17636,1.17649,0.75,0.75
2016.01.19 21:59:10.903,1.17636,1.17648,0.75,0.75
2016.01.19 21:59:11.443,1.17636,1.17647,0.75,0.75
2016.01.19 21:59:11.968,1.17635,1.17647,0.75,0.75
2016.01.19 21:59:12.485,1.17634,1.17647,0.75,0.75
2016.01.19 21:59:13.311,1.17634,1.17649,0.75,1.12
2016.01.19 21:59:13.841,1.17635,1.1765,0.75,0.37
2016.01.19 21:59:14.145,1.17635,1.17641,0.75,0.75
2016.01.19 21:59:14.247,1.17625,1.17641,1.12,0.75
2016.01.19 21:59:14.298,1.17628,1.17641,0.75,0.75
2016.01.19 21:59:14.552,1.1763,1.17645,0.75,1.69
2016.01.19 21:59:15.100,1.17631,1.17645,0.75,0.37
2016.01.19 21:59:15.264,1.17631,1.17647,0.75,0.37
2016.01.19 21:59:16.243,1.17631,1.17648,0.75,0.37
2016.01.19 21:59:16.759,1.17631,1.17647,0.75,0.37
2016.01.19 21:59:17.923,1.17631,1.17648,0.75,0.37
2016.01.19 21:59:18.885,1.17631,1.17649,0.75,1.12
2016.01.19 21:59:19.522,1.17633,1.17649,0.75,0.37
2016.01.19 21:59:19.853,1.17634,1.17647,0.75,0.75
2016.01.19 21:59:20.260,1.17632,1.17647,0.75,1.12
2016.01.19 21:59:20.767,1.17631,1.17646,0.75,0.37
2016.01.19 21:59:21.276,1.17632,1.17646,0.75,0.37
2016.01.19 21:59:27.815,1.17632,1.17647,0.75,0.37
2016.01.19 21:59:30.134,1.17632,1.17649,0.75,0.37
2016.01.19 21:59:30.236,1.17632,1.17647,0.75,0.37
2016.01.19 21:59:32.295,1.17632,1.17646,0.75,0.37
2016.01.19 21:59:33.566,1.17631,1.17646,0.75,0.37
2016.01.19 21:59:34.100,1.17631,1.17649,0.75,0.37
2016.01.19 21:59:34.201,1.17631,1.17647,0.75,0.37
2016.01.19 21:59:35.485,1.17631,1.17648,0.75,0.37
2016.01.19 21:59:36.127,1.17631,1.17649,0.75,0.37
2016.01.19 21:59:41.403,1.17632,1.17649,0.75,0.37
2016.01.19 21:59:41.707,1.17634,1.17649,0.75,0.37
2016.01.19 21:59:43.852,1.17634,1.1765,0.75,0.37
2016.01.19 21:59:45.212,1.17634,1.17649,0.75,0.37
2016.01.19 21:59:45.528,1.1763,1.17651,0.75,0.37
2016.01.19 21:59:46.388,1.1763,1.1765,0.75,0.37
2016.01.19 21:59:46.489,1.1763,1.17648,0.75,0.37
2016.01.19 21:59:47.018,1.1763,1.17647,0.75,0.37
2016.01.19 21:59:50.112,1.17627,1.17647,0.75,0.37
2016.01.19 21:59:50.163,1.17627,1.17653,0.75,1.87
2016.01.19 21:59:50.264,1.17626,1.17646,0.75,0.75
2016.01.19 21:59:50.940,1.17626,1.17652,0.75,0.75
2016.01.19 21:59:51.136,1.17626,1.17646,0.75,0.75
2016.01.19 21:59:51.934,1.17626,1.17653,0.75,1.50
2016.01.19 21:59:52.137,1.17626,1.17646,0.75,0.75
2016.01.19 21:59:52.820,1.17626,1.17649,0.75,0.75
2016.01.19 21:59:52.922,1.17626,1.17653,0.75,0.75
2016.01.19 21:59:53.114,1.17626,1.17649,0.75,0.75
2016.01.19 21:59:54.010,1.17626,1.17653,0.75,0.75
2016.01.19 21:59:54.137,1.17626,1.17649,0.75,0.75
2016.01.19 21:59:54.655,1.17625,1.17649,0.75,0.75
2016.01.19 21:59:54.885,1.17625,1.17655,0.75,0.75
2016.01.19 21:59:55.108,1.17625,1.17649,0.75,0.75
2016.01.19 21:59:56.085,1.17625,1.17647,0.75,0.75
2016.01.19 21:59:56.338,1.17623,1.17648,0.75,0.75
2016.01.19 21:59:58.315,1.17625,1.17648,0.75,0.75
2016.01.19 21:59:58.754,1.17627,1.17648,0.75,0.75
2016.01.19 21:59:59.416,1.17627,1.1765,0.75,0.75
