2007.06.21 22:00:36.531,1.2373,1.2374,0.80,8.00
2007.06.21 22:01:04.625,1.2372,1.2374,38.70,8.00
2007.06.21 22:01:04.841,1.2373,1.2374,3.20,8.00
2007.06.21 22:01:11.525,1.2373,1.2375,3.20,55.10
2007.06.21 22:01:35.797,1.2373,1.2375,0.80,52.70
2007.06.21 22:02:05.832,1.2373,1.2374,4.80,8.00
2007.06.21 22:02:09.787,1.2373,1.2374,4.00,8.00
2007.06.21 22:02:10.160,1.2373,1.2374,4.00,12.00
2007.06.21 22:02:10.200,1.2372,1.2374,43.50,12.00
2007.06.21 22:02:10.317,1.2372,1.2374,35.90,12.00
2007.06.21 22:02:10.322,1.2372,1.2374,31.90,12.00
2007.06.21 22:02:10.526,1.2372,1.2374,20.00,23.90
2007.06.21 22:02:11.481,1.2372,1.2374,16.00,27.90
2007.06.21 22:02:31.679,1.2372,1.2374,16.80,27.90
2007.06.21 22:02:31.798,1.2373,1.2374,4.00,16.00
2007.06.21 22:02:31.915,1.2373,1.2374,6.40,16.00
2007.06.21 22:02:32.471,1.2373,1.2374,6.40,12.00
2007.06.21 22:02:32.684,1.2373,1.2374,10.40,8.00
2007.06.21 22:02:42.658,1.2373,1.2374,6.40,8.00
2007.06.21 22:02:44.863,1.2373,1.2374,6.40,0.80
2007.06.21 22:03:06.874,1.2373,1.2375,8.00,54.30
2007.06.21 22:03:15.927,1.2372,1.2374,42.70,8.00
2007.06.21 22:06:24.671,1.2373,1.2374,8.00,12.00
2007.06.21 22:06:24.707,1.2373,1.2374,4.00,23.90
2007.06.21 22:06:24.842,1.2372,1.2374,20.00,23.90
2007.06.21 22:06:25.468,1.2372,1.2374,16.00,27.90
2007.06.21 22:06:30.166,1.2372,1.2373,16.00,4.00
2007.06.21 22:06:30.333,1.2372,1.2373,16.00,8.00
2007.06.21 22:06:37.759,1.2372,1.2373,16.00,4.00
2007.06.21 22:06:38.391,1.2372,1.2374,16.00,27.90
2007.06.21 22:09:10.649,1.2372,1.2374,16.80,31.90
2007.06.21 22:09:10.762,1.2373,1.2374,5.60,31.90
2007.06.21 22:09:11.359,1.2373,1.2374,5.60,20.00
2007.06.21 22:09:11.455,1.2373,1.2374,5.60,16.00
2007.06.21 22:09:11.736,1.2373,1.2374,9.60,16.00
2007.06.21 22:09:11.832,1.2373,1.2374,9.60,12.00
2007.06.21 22:09:34.557,1.2373,1.2374,9.60,12.80
2007.06.21 22:10:09.912,1.2373,1.2374,5.60,16.80
2007.06.21 22:10:11.487,1.2373,1.2374,4.80,16.80
2007.06.21 22:10:21.418,1.2373,1.2374,1.60,12.80
2007.06.21 22:10:21.444,1.2372,1.2373,7.20,12.00
2007.06.21 22:10:21.805,1.2372,1.2373,16.00,12.00
2007.06.21 22:10:22.472,1.2372,1.2373,12.00,12.00
2007.06.21 22:10:30.768,1.23715,1.2373,19.60,12.00
2007.06.21 22:11:19.252,1.2372,1.2373,12.00,16.00
2007.06.21 22:11:19.291,1.2372,1.2373,12.00,20.80
2007.06.21 22:11:21.336,1.2372,1.2373,12.00,20.00
2007.06.21 22:11:25.266,1.2372,1.2373,12.00,16.00
2007.06.21 22:11:25.372,1.2372,1.2373,12.00,12.00
2007.06.21 22:12:22.611,1.2372,1.2373,16.00,12.00
2007.06.21 22:12:22.629,1.2372,1.2373,16.80,12.00
2007.06.21 22:12:22.727,1.2372,1.2373,16.80,8.00
2007.06.21 22:12:22.868,1.2373,1.2374,4.00,24.00
2007.06.21 22:12:23.462,1.2373,1.2374,4.00,20.00
2007.06.21 22:14:34.768,1.2373,1.2374,8.00,20.00
2007.06.21 22:17:05.304,1.2373,1.2374,8.00,16.00
2007.06.21 22:22:14.774,1.2373,1.2374,12.00,16.00
2007.06.21 22:23:42.787,1.2373,1.2374,12.00,12.00
2007.06.21 22:23:47.894,1.2374,1.2375,2.00,35.10
2007.06.21 22:23:50.791,1.2373,1.2374,12.00,12.00
2007.06.21 22:23:51.203,1.2373,1.2374,12.00,4.00
2007.06.21 22:23:51.322,1.2373,1.2375,12.00,34.30
2007.06.21 22:23:51.814,1.2373,1.2375,12.00,31.90
2007.06.21 22:23:57.848,1.2373,1.23755,12.00,39.90
2007.06.21 22:24:13.778,1.2373,1.2375,16.00,0.90
2007.06.21 22:24:13.868,1.2373,1.23755,27.90,28.00
2007.06.21 22:24:28.926,1.2374,1.2375,8.00,20.00
2007.06.21 22:24:29.577,1.2374,1.2375,12.00,20.00
2007.06.21 22:24:29.764,1.2374,1.2375,12.80,20.00
2007.06.21 22:24:31.174,1.2374,1.2375,4.80,20.00
2007.06.21 22:24:31.227,1.2374,1.2375,0.80,20.00
2007.06.21 22:24:31.840,1.2373,1.2375,31.90,20.00
2007.06.21 22:24:32.476,1.2373,1.2375,27.90,24.00
2007.06.21 22:24:33.188,1.2373,1.2375,35.50,24.00
2007.06.21 22:24:33.412,1.2373,1.2375,27.90,24.00
2007.06.21 22:24:36.627,1.2373,1.2375,27.90,24.80
2007.06.21 22:24:36.738,1.2373,1.2375,27.90,32.80
2007.06.21 22:24:36.751,1.2373,1.2375,16.00,44.70
2007.06.21 22:24:36.850,1.2373,1.2374,16.00,4.00
2007.06.21 22:24:37.677,1.2373,1.2374,16.00,8.00
2007.06.21 22:24:37.836,1.2373,1.2374,16.00,16.00
2007.06.21 22:24:38.659,1.2373,1.2374,16.80,16.00
2007.06.21 22:24:38.692,1.2374,1.2375,12.00,35.90
2007.06.21 22:24:38.843,1.2373,1.2374,58.70,4.00
2007.06.21 22:24:38.885,1.2374,1.2375,18.40,20.00
2007.06.21 22:24:39.472,1.2374,1.2375,18.40,16.00
2007.06.21 22:24:42.941,1.2374,1.2376,18.40,44.80
2007.06.21 22:25:09.213,1.2374,1.2375,19.20,0.90
2007.06.21 22:25:17.748,1.2374,1.2375,16.80,16.00
2007.06.21 22:25:21.216,1.2374,1.2375,4.80,20.00
2007.06.21 22:25:21.241,1.2374,1.2375,0.80,20.00
2007.06.21 22:25:21.764,1.2374,1.2375,4.80,20.00
2007.06.21 22:25:21.830,1.2374,1.2375,12.80,20.00
2007.06.21 22:25:21.858,1.2374,1.2375,12.00,20.00
2007.06.21 22:25:22.750,1.2374,1.2375,16.00,20.00
2007.06.21 22:25:22.858,1.2374,1.2375,16.00,16.00
2007.06.21 22:25:28.835,1.2374,1.2375,17.60,16.00
2007.06.21 22:25:33.452,1.2374,1.2375,13.60,20.00
2007.06.21 22:25:33.959,1.2374,1.2375,12.00,20.00
2007.06.21 22:25:34.785,1.2374,1.2375,12.80,20.00
2007.06.21 22:25:37.205,1.2373,1.2374,57.60,4.00
2007.06.21 22:25:37.352,1.2374,1.2375,0.80,20.80
2007.06.21 22:25:37.747,1.2373,1.2374,20.80,20.00
2007.06.21 22:25:38.162,1.2373,1.2374,20.00,20.00
2007.06.21 22:25:38.478,1.2373,1.2374,16.00,20.00
2007.06.21 22:25:40.168,1.2372,1.2374,77.10,20.00
2007.06.21 22:25:43.174,1.2372,1.2374,79.50,16.00
2007.06.21 22:25:50.222,1.2373,1.2374,8.10,16.00
2007.06.21 22:25:52.172,1.2372,1.2374,68.40,16.00
2007.06.21 22:25:52.339,1.2372,1.2374,66.00,8.00
2007.06.21 22:25:52.356,1.2374,1.2375,1.40,34.30
2007.06.21 22:25:52.402,1.2373,1.2375,73.90,22.40
2007.06.21 22:25:52.898,1.2374,1.2375,6.90,20.00
2007.06.21 22:25:53.497,1.2373,1.2375,74.70,16.00
2007.06.21 22:25:54.715,1.2374,1.2375,2.30,20.00
2007.06.21 22:25:54.743,1.2373,1.2375,44.70,20.00
2007.06.21 22:25:54.846,1.23725,1.2375,51.50,20.00
2007.06.21 22:25:55.163,1.23725,1.2375,52.30,20.00
2007.06.21 22:25:55.248,1.2374,1.2375,1.90,20.00
2007.06.21 22:25:55.741,1.2374,1.2375,4.30,20.00
2007.06.21 22:25:55.760,1.2374,1.2375,2.10,20.00
2007.06.21 22:25:56.014,1.2374,1.2375,4.20,24.00
2007.06.21 22:25:56.250,1.2373,1.2375,73.90,20.00
2007.06.21 22:25:56.470,1.2374,1.2375,4.70,16.00
2007.06.21 22:25:56.783,1.2374,1.2375,5.70,16.00
2007.06.21 22:26:47.186,1.2374,1.2375,16.00,12.00
2007.06.21 22:27:51.620,1.2374,1.2375,12.00,12.00
2007.06.21 22:27:54.796,1.2374,1.2375,8.00,12.00
2007.06.21 22:27:55.228,1.2374,1.2375,8.00,16.00
2007.06.21 22:27:55.535,1.2373,1.2375,39.90,16.00
2007.06.21 22:27:56.495,1.2373,1.2375,35.90,20.00
2007.06.21 22:27:57.798,1.2373,1.23755,35.90,28.00
2007.06.21 22:28:00.187,1.2373,1.2375,35.90,0.60
2007.06.21 22:28:00.443,1.2373,1.2376,35.90,56.00
2007.06.21 22:28:00.495,1.2373,1.2375,35.90,0.60
2007.06.21 22:28:00.798,1.2373,1.2376,24.00,61.50
2007.06.21 22:28:01.208,1.2373,1.2376,24.00,62.30
2007.06.21 22:28:01.924,1.2373,1.2375,24.00,0.70
2007.06.21 22:28:02.320,1.2373,1.2375,24.00,0.80
2007.06.21 22:28:03.834,1.2373,1.2375,24.00,0.60
2007.06.21 22:28:05.769,1.2373,1.2376,24.00,64.70
2007.06.21 22:28:06.160,1.2373,1.2376,28.00,65.50
2007.06.21 22:28:06.681,1.2373,1.2376,28.00,63.10
2007.06.21 22:28:07.175,1.2374,1.2375,12.00,0.70
2007.06.21 22:28:07.304,1.2374,1.2375,12.00,0.90
2007.06.21 22:28:07.416,1.2374,1.2376,12.00,55.20
2007.06.21 22:28:07.808,1.2374,1.2376,12.80,53.60
2007.06.21 22:28:08.483,1.2374,1.2376,12.80,53.60
2007.06.21 22:28:13.441,1.2373,1.2374,51.50,0.80
2007.06.21 22:28:14.547,1.2374,1.2375,12.80,0.90
2007.06.21 22:28:15.869,1.2374,1.2376,15.20,55.10
2007.06.21 22:28:15.974,1.2374,1.2375,15.20,12.80
2007.06.21 22:28:20.653,1.2374,1.2375,15.20,12.10
2007.06.21 22:28:20.771,1.2373,1.2374,57.90,0.20
2007.06.21 22:28:21.373,1.2374,1.2376,15.20,55.10
2007.06.21 22:28:22.850,1.2374,1.2375,0.80,0.70
2007.06.21 22:28:47.734,1.2374,1.2375,1.80,12.00
2007.06.21 22:28:56.027,1.2373,1.2375,70.70,12.00
2007.06.21 22:29:22.737,1.2373,1.2375,59.10,16.00
2007.06.21 22:29:22.774,1.2374,1.2375,3.80,16.00
2007.06.21 22:29:22.931,1.23725,1.2375,47.50,16.00
2007.06.21 22:29:23.096,1.2373,1.2375,14.10,16.00
2007.06.21 22:29:23.148,1.2374,1.2375,3.50,16.00
2007.06.21 22:29:23.468,1.2373,1.2375,39.90,20.00
2007.06.21 22:29:23.546,1.23725,1.2375,43.50,20.00
2007.06.21 22:29:24.153,1.2373,1.2375,14.90,24.00
2007.06.21 22:29:25.247,1.23725,1.2375,51.50,20.00
2007.06.21 22:29:35.703,1.2373,1.2375,43.90,20.80
2007.06.21 22:29:35.826,1.2373,1.2374,32.00,4.00
2007.06.21 22:29:40.328,1.2374,1.2375,8.00,40.70
2007.06.21 22:29:40.633,1.2374,1.2375,8.00,36.70
2007.06.21 22:29:40.724,1.2374,1.2375,16.00,36.70
2007.06.21 22:29:40.823,1.2374,1.2375,16.00,20.00
2007.06.21 22:29:41.325,1.2374,1.2375,16.00,12.00
2007.06.21 22:29:44.352,1.2374,1.2375,16.00,0.80
2007.06.21 22:29:45.477,1.2374,1.2375,16.00,0.80
2007.06.21 22:29:58.828,1.2374,1.2376,20.00,44.80
2007.06.21 22:30:01.774,1.2374,1.2376,16.00,47.20
2007.06.21 22:30:11.833,1.2374,1.2375,18.40,16.00
2007.06.21 22:32:11.886,1.2374,1.2375,17.60,16.00
2007.06.21 22:32:52.393,1.2373,1.2374,58.70,0.80
2007.06.21 22:32:54.576,1.2374,1.2375,17.60,16.00
2007.06.21 22:32:54.877,1.2374,1.2376,17.60,47.20
2007.06.21 22:33:07.128,1.2373,1.2374,58.70,0.80
2007.06.21 22:33:07.247,1.2374,1.2375,16.00,16.00
2007.06.21 22:33:14.570,1.2374,1.2375,16.00,16.00
2007.06.21 22:33:23.613,1.2374,1.2375,14.40,16.00
2007.06.21 22:33:30.878,1.2373,1.2374,54.70,0.80
2007.06.21 22:33:34.518,1.2374,1.2375,14.40,16.00
2007.06.21 22:33:38.507,1.2373,1.2374,54.70,0.80
2007.06.21 22:33:38.524,1.2374,1.2375,13.60,16.00
2007.06.21 22:33:44.520,1.2374,1.2375,13.60,16.00
2007.06.21 22:33:47.750,1.2374,1.2375,16.00,16.00
2007.06.21 22:33:47.860,1.2373,1.2374,50.70,0.80
2007.06.21 22:33:54.579,1.2374,1.2375,16.00,16.00
2007.06.21 22:34:00.177,1.2374,1.2375,16.00,0.70
2007.06.21 22:34:16.874,1.2373,1.2374,48.30,0.80
2007.06.21 22:34:17.855,1.2373,1.2374,50.70,0.80
2007.06.21 22:34:21.837,1.2374,1.2376,13.60,43.20
2007.06.21 22:34:23.382,1.2374,1.2375,13.60,16.80
2007.06.21 22:34:24.524,1.2374,1.2376,13.60,43.20
2007.06.21 22:34:28.779,1.2373,1.2374,50.70,0.80
2007.06.21 22:34:34.577,1.2374,1.2375,13.60,16.00
2007.06.21 22:34:38.049,1.2373,1.2374,50.70,0.80
2007.06.21 22:34:40.477,1.2373,1.2374,58.20,0.80
2007.06.21 22:34:44.570,1.2374,1.2375,1.40,16.00
2007.06.21 22:34:52.310,1.2373,1.2374,60.30,0.80
2007.06.21 22:34:54.563,1.2373,1.2375,60.30,16.00
2007.06.21 22:34:59.850,1.2373,1.2374,58.10,0.80
2007.06.21 22:35:04.570,1.2374,1.2375,4.90,16.00
2007.06.21 22:35:07.542,1.2373,1.2375,60.30,16.00
2007.06.21 22:35:10.843,1.2373,1.2374,60.30,0.80
2007.06.21 22:35:14.547,1.2374,1.2375,5.60,16.00
2007.06.21 22:35:15.651,1.2373,1.2375,57.90,16.80
2007.06.21 22:35:15.800,1.2373,1.2374,4.00,4.00
2007.06.21 22:35:15.871,1.23725,1.2374,48.30,4.80
2007.06.21 22:35:16.174,1.23725,1.2374,49.10,4.80
2007.06.21 22:35:17.688,1.23725,1.2374,48.30,4.80
2007.06.21 22:35:17.757,1.2373,1.2374,1.60,4.80
2007.06.21 22:35:17.793,1.2374,1.2375,0.80,24.00
2007.06.21 22:35:18.808,1.2374,1.2375,1.10,20.00
2007.06.21 22:35:19.036,1.2373,1.2374,54.70,0.80
2007.06.21 22:35:22.917,1.2373,1.2374,54.70,0.80
2007.06.21 22:35:24.606,1.2373,1.2375,66.70,16.00
2007.06.21 22:35:24.925,1.2373,1.2374,65.90,0.80
2007.06.21 22:35:26.739,1.2373,1.2374,65.90,0.80
2007.06.21 22:35:29.693,1.2373,1.2375,78.70,16.80
2007.06.21 22:35:32.542,1.2373,1.2376,65.90,47.90
2007.06.21 22:35:33.476,1.2373,1.2375,65.90,17.00
2007.06.21 22:35:34.589,1.2374,1.2375,0.60,0.70
2007.06.21 22:35:37.006,1.2373,1.2374,53.10,0.80
2007.06.21 22:35:44.561,1.2374,1.2375,12.80,0.60
2007.06.21 22:36:02.341,1.2374,1.2375,8.80,16.00
2007.06.21 22:36:02.450,1.2374,1.2375,8.80,20.00
2007.06.21 22:36:05.782,1.2374,1.2375,1.90,20.00
2007.06.21 22:36:19.792,1.2373,1.2375,57.10,20.00
2007.06.21 22:36:27.240,1.2373,1.2375,53.10,24.00
2007.06.21 22:36:27.332,1.23725,1.2375,35.60,35.90
2007.06.21 22:36:27.360,1.2373,1.2375,4.60,35.90
2007.06.21 22:36:28.979,1.23725,1.2375,27.60,39.90
2007.06.21 22:36:40.140,1.2373,1.2375,20.00,35.90
2007.06.21 22:36:43.194,1.2373,1.2375,24.00,35.90
2007.06.21 22:36:52.786,1.2374,1.2375,1.60,35.90
2007.06.21 22:36:53.214,1.2374,1.2375,1.60,39.90
2007.06.21 22:36:53.306,1.2374,1.2375,5.60,24.00
2007.06.21 22:36:54.188,1.2374,1.2375,9.60,24.00
2007.06.21 22:36:54.298,1.2374,1.2375,9.60,20.00
2007.06.21 22:36:54.475,1.2374,1.2375,9.60,16.00
2007.06.21 22:36:54.718,1.2374,1.2375,5.60,20.00
2007.06.21 22:36:54.807,1.2373,1.2375,28.00,31.90
2007.06.21 22:36:55.478,1.2373,1.2375,24.00,35.90
2007.06.21 22:36:56.744,1.2373,1.2375,24.80,35.90
2007.06.21 22:36:56.917,1.2373,1.2375,32.40,35.90
2007.06.21 22:36:57.735,1.2373,1.2375,36.40,31.90
2007.06.21 22:36:58.345,1.2373,1.2375,28.80,31.90
2007.06.21 22:36:59.399,1.2374,1.2375,4.00,24.00
2007.06.21 22:36:59.503,1.2374,1.2375,5.60,24.00
2007.06.21 22:36:59.622,1.2374,1.2375,5.60,20.00
2007.06.21 22:36:59.706,1.2374,1.2375,5.60,31.90
2007.06.21 22:36:59.910,1.2373,1.2375,28.00,31.90
2007.06.21 22:37:00.119,1.2373,1.2375,24.00,31.90
2007.06.21 22:37:02.646,1.2373,1.2375,28.80,31.90
2007.06.21 22:37:02.741,1.2374,1.2375,4.00,24.00
2007.06.21 22:37:02.860,1.2374,1.2375,5.60,24.00
2007.06.21 22:37:03.757,1.2374,1.2375,9.60,20.00
2007.06.21 22:37:06.120,1.2374,1.2375,4.80,20.00
2007.06.21 22:37:06.251,1.2373,1.2375,49.10,16.00
2007.06.21 22:37:07.516,1.2373,1.2375,49.10,20.00
2007.06.21 22:37:14.204,1.2373,1.2374,43.40,4.00
2007.06.21 22:37:14.249,1.2373,1.2374,37.20,8.00
2007.06.21 22:37:14.555,1.2373,1.2374,21.60,12.00
2007.06.21 22:37:14.758,1.2372,1.2374,61.10,12.00
2007.06.21 22:37:15.485,1.2372,1.2374,61.10,12.00
2007.06.21 22:37:26.251,1.2373,1.2374,3.10,35.90
2007.06.21 22:37:26.363,1.2372,1.2374,24.00,35.90
2007.06.21 22:37:26.540,1.2372,1.2374,24.00,43.90
2007.06.21 22:37:26.785,1.2373,1.2374,2.10,51.90
2007.06.21 22:37:26.860,1.2371,1.2374,49.90,55.90
2007.06.21 22:37:27.582,1.2371,1.2374,24.40,59.90
2007.06.21 22:37:29.226,1.2371,1.2374,1.30,59.90
2007.06.21 22:37:29.334,1.2371,1.2374,50.70,51.90
2007.06.21 22:37:29.346,1.23715,1.2374,11.60,39.90
2007.06.21 22:37:29.621,1.2372,1.2374,0.50,40.70
2007.06.21 22:37:29.656,1.23715,1.2374,15.60,40.70
2007.06.21 22:37:29.742,1.2372,1.2373,3.30,8.00
2007.06.21 22:37:29.756,1.23715,1.2373,23.60,12.00
2007.06.21 22:37:29.836,1.2372,1.2373,4.10,12.00
2007.06.21 22:37:38.795,1.2372,1.2373,20.00,12.00
2007.06.21 22:37:54.177,1.2372,1.2373,20.80,8.00
2007.06.21 22:37:54.246,1.2372,1.2373,20.80,4.00
2007.06.21 22:37:54.292,1.2373,1.2374,4.00,46.30
2007.06.21 22:37:56.701,1.2373,1.2374,4.00,43.90
2007.06.21 22:37:56.800,1.2372,1.2373,43.50,4.00
2007.06.21 22:37:57.283,1.2372,1.2373,35.90,4.00
2007.06.21 22:37:57.320,1.2372,1.2373,35.90,8.00
2007.06.21 22:37:57.323,1.2372,1.2373,20.00,8.00
2007.06.21 22:37:57.565,1.2372,1.2373,24.00,8.00
2007.06.21 22:37:57.597,1.2372,1.2373,24.00,12.00
2007.06.21 22:37:59.211,1.2372,1.2373,20.00,12.00
2007.06.21 22:38:00.612,1.2372,1.2373,20.00,8.00
2007.06.21 22:38:02.570,1.2372,1.2373,20.00,4.00
2007.06.21 22:38:02.736,1.2372,1.2374,20.00,43.90
2007.06.21 22:38:02.806,1.2372,1.2374,20.00,39.90
2007.06.21 22:38:02.909,1.2372,1.2374,19.20,39.90
2007.06.21 22:38:11.382,1.2372,1.2374,9.30,39.90
2007.06.21 22:38:36.031,1.23715,1.2373,26.80,0.90
2007.06.21 22:38:44.569,1.2372,1.2374,19.20,39.90
2007.06.21 22:38:45.093,1.2372,1.2373,19.20,0.90
2007.06.21 22:38:45.610,1.2372,1.2373,19.20,0.80
2007.06.21 22:38:50.833,1.2372,1.2373,19.20,0.90
2007.06.21 22:38:54.586,1.2372,1.2374,19.20,39.90
2007.06.21 22:39:24.947,1.2372,1.2373,19.20,0.80
2007.06.21 22:39:26.478,1.2372,1.2374,19.20,39.90
2007.06.21 22:39:37.684,1.2372,1.2374,20.00,39.90
2007.06.21 22:39:37.778,1.2373,1.2374,4.00,28.00
2007.06.21 22:39:38.488,1.2373,1.2374,4.00,24.00
2007.06.21 22:39:38.689,1.2373,1.2374,8.00,24.00
2007.06.21 22:39:38.800,1.2373,1.2374,8.00,20.00
2007.06.21 22:40:16.763,1.2373,1.2374,12.00,20.00
2007.06.21 22:40:30.189,1.2373,1.2374,20.00,8.00
2007.06.21 22:40:30.244,1.2373,1.2374,20.00,4.00
2007.06.21 22:40:30.306,1.2373,1.2375,20.00,44.70
2007.06.21 22:40:30.402,1.2373,1.2375,20.00,40.70
2007.06.21 22:40:30.794,1.2373,1.2375,20.00,39.90
2007.06.21 22:40:39.349,1.2373,1.2375,20.00,43.90
2007.06.21 22:41:02.558,1.2373,1.2375,20.00,39.90
2007.06.21 22:41:24.251,1.2373,1.2375,20.00,40.70
2007.06.21 22:41:24.285,1.2373,1.2375,20.00,48.70
2007.06.21 22:41:24.312,1.2373,1.2374,20.00,4.00
2007.06.21 22:41:24.360,1.2373,1.2374,20.00,8.00
2007.06.21 22:42:13.771,1.2373,1.2374,19.20,8.00
2007.06.21 22:42:26.189,1.2373,1.2374,19.20,12.00
2007.06.21 22:42:26.491,1.2373,1.2374,19.20,8.00
2007.06.21 22:42:26.832,1.2373,1.2374,20.00,8.00
2007.06.21 22:42:35.057,1.2372,1.2374,58.70,8.00
2007.06.21 22:42:38.198,1.2373,1.2374,1.00,12.00
2007.06.21 22:42:45.745,1.2373,1.2374,2.60,16.00
2007.06.21 22:42:45.759,1.2373,1.2374,4.00,35.90
2007.06.21 22:42:45.861,1.23715,1.2374,31.60,35.90
2007.06.21 22:42:46.499,1.23715,1.2374,27.60,39.90
2007.06.21 22:42:46.784,1.23715,1.2374,26.80,39.90
2007.06.21 22:42:50.218,1.23715,1.2374,38.70,28.00
2007.06.21 22:42:50.321,1.2372,1.2374,39.10,28.00
2007.06.21 22:42:50.819,1.2372,1.2374,33.50,28.00
2007.06.21 22:42:51.184,1.2372,1.2374,45.10,28.00
2007.06.21 22:42:51.293,1.2373,1.2374,0.80,24.00
2007.06.21 22:42:51.488,1.2373,1.2374,3.20,20.00
2007.06.21 22:42:55.907,1.2373,1.2374,1.50,20.00
2007.06.21 22:43:40.815,1.2373,1.2374,9.60,20.00
2007.06.21 22:43:49.433,1.2373,1.2374,1.70,20.00
2007.06.21 22:44:00.887,1.2373,1.2374,5.80,20.00
2007.06.21 22:46:34.615,1.2373,1.2374,8.00,20.00
2007.06.21 22:47:12.961,1.2373,1.2374,8.00,16.00
2007.06.21 22:47:13.056,1.2373,1.2374,12.00,16.00
2007.06.21 22:47:19.285,1.2372,1.2374,50.70,16.00
2007.06.21 22:47:52.288,1.2373,1.2375,20.00,39.90
2007.06.21 22:47:52.704,1.2373,1.2375,31.90,28.00
2007.06.21 22:47:52.810,1.2373,1.2375,31.90,24.00
2007.06.21 22:47:53.140,1.2373,1.2375,31.90,16.00
2007.06.21 22:48:00.669,1.2373,1.2375,31.90,16.80
2007.06.21 22:48:00.764,1.2373,1.2374,20.00,4.00
2007.06.21 22:48:04.306,1.2373,1.2375,20.00,40.70
2007.06.21 22:48:04.802,1.2373,1.2375,20.00,39.90
2007.06.21 22:48:05.098,1.2373,1.2375,20.00,31.90
2007.06.21 22:48:05.134,1.2373,1.2375,20.00,27.90
2007.06.21 22:48:08.099,1.2373,1.2375,16.00,31.90
2007.06.21 22:48:08.503,1.23725,1.2375,23.60,31.90
2007.06.21 22:48:09.701,1.23725,1.2375,23.60,32.70
2007.06.21 22:48:09.782,1.23725,1.2374,23.60,4.00
2007.06.21 22:48:13.637,1.2373,1.2374,7.20,4.00
2007.06.21 22:48:13.695,1.2373,1.2374,24.80,4.00
2007.06.21 22:48:13.762,1.2373,1.2375,36.70,32.80
2007.06.21 22:48:13.853,1.2373,1.2375,33.50,32.00
2007.06.21 22:48:14.486,1.2373,1.2375,45.10,20.00
2007.06.21 22:48:16.638,1.2374,1.2375,0.80,24.00
2007.06.21 22:48:16.726,1.2374,1.2375,0.80,24.00
2007.06.21 22:48:16.820,1.2372,1.2375,62.70,24.00
2007.06.21 22:48:19.071,1.2372,1.2375,65.10,24.00
2007.06.21 22:48:19.176,1.2373,1.2375,17.10,25.60
2007.06.21 22:48:19.277,1.2372,1.2374,57.20,4.00
2007.06.21 22:48:19.292,1.2373,1.2374,3.90,4.00
2007.06.21 22:48:19.498,1.23725,1.2374,27.60,4.00
2007.06.21 22:48:20.781,1.2372,1.2375,70.70,53.50
2007.06.21 22:48:20.985,1.2373,1.2375,2.20,51.90
2007.06.21 22:48:22.693,1.23725,1.2375,27.60,43.90
2007.06.21 22:48:22.933,1.23725,1.2375,27.60,39.90
2007.06.21 22:49:38.225,1.2374,1.2375,4.00,39.90
2007.06.21 22:49:38.742,1.2374,1.2375,4.00,28.00
2007.06.21 22:49:38.837,1.2374,1.2375,8.00,28.00
2007.06.21 22:49:39.189,1.2374,1.2375,12.00,24.00
2007.06.21 22:49:40.504,1.2374,1.2375,12.00,20.00
2007.06.21 22:49:44.195,1.2374,1.2375,8.00,20.00
2007.06.21 22:49:44.259,1.2374,1.2375,4.00,31.90
2007.06.21 22:49:44.312,1.2374,1.2375,4.00,35.90
2007.06.21 22:49:44.825,1.2373,1.2375,24.00,35.90
2007.06.21 22:49:46.013,1.2373,1.2375,20.00,39.90
2007.06.21 22:50:16.677,1.2373,1.2375,20.00,48.70
2007.06.21 22:50:16.784,1.2373,1.2374,20.00,4.00
2007.06.21 22:50:16.818,1.2373,1.2374,20.00,8.00
2007.06.21 22:50:19.753,1.2373,1.2374,20.00,4.00
2007.06.21 22:50:19.784,1.2373,1.2375,20.00,46.30
2007.06.21 22:50:19.865,1.2373,1.2375,20.00,39.90
2007.06.21 22:50:23.186,1.2373,1.2375,24.00,35.90
2007.06.21 22:50:24.207,1.2373,1.2375,24.00,36.70
2007.06.21 22:50:24.324,1.2373,1.2374,24.00,4.00
2007.06.21 22:50:24.328,1.2373,1.2374,24.00,8.00
2007.06.21 22:50:25.233,1.2373,1.2374,24.00,0.80
2007.06.21 22:50:27.771,1.2374,1.2375,0.80,52.70
2007.06.21 22:50:28.363,1.2374,1.2375,8.80,36.00
2007.06.21 22:50:29.387,1.2374,1.2375,8.80,28.00
2007.06.21 22:50:29.516,1.2374,1.2375,8.80,24.00
2007.06.21 22:50:30.487,1.2374,1.2375,8.80,20.00
2007.06.21 22:50:40.833,1.2374,1.2375,11.20,20.00
2007.06.21 22:51:21.815,1.2374,1.2375,10.40,20.00
2007.06.21 22:51:31.776,1.2374,1.2375,12.00,20.00
2007.06.21 22:52:34.786,1.2374,1.2375,10.40,20.00
2007.06.21 22:52:44.761,1.2374,1.2375,8.80,20.00
2007.06.21 22:52:55.851,1.2374,1.2375,9.60,20.00
2007.06.21 22:52:59.225,1.2373,1.2375,54.70,20.00
2007.06.21 22:53:12.935,1.2374,1.2375,2.80,20.00
2007.06.21 22:53:24.749,1.2374,1.2375,2.10,20.00
2007.06.21 22:53:48.685,1.2373,1.2375,60.30,16.00
2007.06.21 22:56:08.866,1.2374,1.2375,12.00,20.00
2007.06.21 22:59:00.270,1.2374,1.2375,12.00,12.00
2007.06.21 22:59:00.324,1.2374,1.2375,8.00,12.00
2007.06.21 22:59:18.498,1.2374,1.2375,12.00,8.00
2007.06.21 22:59:21.369,1.2374,1.2376,12.00,47.10
2007.06.21 22:59:32.457,1.2374,1.2375,8.00,0.60
2007.06.21 22:59:38.472,1.2374,1.2376,12.00,51.10
