2008.07.25 09:00:00.783,1.0696,1.0697,2.20,11.60
2008.07.25 09:00:01.036,1.0696,1.0697,6.40,11.60
2008.07.25 09:00:02.739,1.06965,1.0697,1.00,11.60
2008.07.25 09:00:05.128,1.0696,1.0697,9.70,8.50
2008.07.25 09:00:06.357,1.0696,1.0697,10.80,8.50
2008.07.25 09:00:06.734,1.0697,1.06975,6.40,2.00
2008.07.25 09:00:07.065,1.0697,1.0698,6.40,11.60
2008.07.25 09:00:08.774,1.0697,1.0698,9.70,8.50
2008.07.25 09:00:10.259,1.0697,1.0698,6.40,11.60
2008.07.25 09:00:11.270,1.0697,1.0698,7.50,11.60
2008.07.25 09:00:19.096,1.0697,1.0698,7.60,11.60
2008.07.25 09:00:19.510,1.0697,1.06975,6.40,1.00
2008.07.25 09:00:19.930,1.0697,1.06975,2.20,1.00
2008.07.25 09:00:20.359,1.0697,1.06975,2.20,6.20
2008.07.25 09:00:21.301,1.06965,1.0697,2.30,1.00
2008.07.25 09:00:21.900,1.0697,1.06975,2.20,19.00
2008.07.25 09:00:22.213,1.0696,1.06965,3.00,2.00
2008.07.25 09:00:22.520,1.0696,1.06965,3.30,2.00
2008.07.25 09:00:23.935,1.0696,1.0697,7.50,11.60
2008.07.25 09:00:25.250,1.0696,1.0697,3.30,11.60
2008.07.25 09:00:25.447,1.0696,1.06965,3.30,2.00
2008.07.25 09:00:26.080,1.0696,1.0697,3.30,11.60
2008.07.25 09:00:26.289,1.0696,1.0697,7.50,11.60
2008.07.25 09:00:27.287,1.06955,1.0696,11.60,1.00
2008.07.25 09:00:27.700,1.06955,1.0696,1.00,8.50
2008.07.25 09:00:28.106,1.0695,1.0696,10.90,8.50
2008.07.25 09:00:28.919,1.0695,1.0696,10.90,3.10
2008.07.25 09:00:29.139,1.06955,1.0696,1.00,2.00
2008.07.25 09:00:29.372,1.06955,1.06965,1.00,6.20
2008.07.25 09:00:29.568,1.06955,1.0696,4.30,2.00
2008.07.25 09:00:29.791,1.0696,1.06965,1.00,5.10
2008.07.25 09:00:29.988,1.0696,1.06965,3.30,5.10
2008.07.25 09:00:30.378,1.0696,1.06965,3.30,10.50
2008.07.25 09:00:30.577,1.06955,1.0696,4.60,1.00
2008.07.25 09:00:30.776,1.06955,1.0696,3.20,6.40
2008.07.25 09:00:31.171,1.06955,1.0696,3.20,8.50
2008.07.25 09:00:31.375,1.0695,1.0696,10.90,8.50
2008.07.25 09:00:37.068,1.0695,1.0696,7.60,8.50
2008.07.25 09:00:37.431,1.0695,1.06955,2.40,1.00
2008.07.25 09:00:37.820,1.0695,1.06955,2.20,6.20
2008.07.25 09:00:40.466,1.06945,1.0695,4.60,1.00
2008.07.25 09:00:42.774,1.0695,1.06955,2.20,11.00
2008.07.25 09:00:43.021,1.0694,1.0695,10.80,8.50
2008.07.25 09:00:43.398,1.0694,1.0695,10.90,8.50
2008.07.25 09:00:43.536,1.06945,1.0695,1.00,8.50
2008.07.25 09:00:43.675,1.06945,1.0695,1.00,6.40
2008.07.25 09:00:46.822,1.0694,1.0695,10.90,6.40
2008.07.25 09:00:47.597,1.0694,1.0695,6.70,6.40
2008.07.25 09:00:48.173,1.0694,1.0695,3.50,9.50
2008.07.25 09:00:48.671,1.0694,1.0695,3.30,11.60
2008.07.25 09:00:49.496,1.0694,1.06945,2.20,1.00
2008.07.25 09:00:49.793,1.0694,1.0695,3.30,11.60
2008.07.25 09:00:50.386,1.0694,1.0695,7.60,9.50
2008.07.25 09:00:51.309,1.06945,1.0695,1.00,9.50
2008.07.25 09:00:51.461,1.0694,1.0695,7.60,9.50
2008.07.25 09:00:52.483,1.0694,1.0695,3.50,9.50
2008.07.25 09:00:53.261,1.0694,1.0695,3.50,11.60
2008.07.25 09:00:53.530,1.0694,1.0695,3.50,9.50
2008.07.25 09:00:53.714,1.0694,1.0695,3.30,11.60
2008.07.25 09:00:55.292,1.0694,1.06945,2.20,20.40
2008.07.25 09:00:55.695,1.06935,1.0694,1.00,8.50
2008.07.25 09:00:55.832,1.0693,1.0694,6.70,8.50
2008.07.25 09:00:55.970,1.06935,1.0694,1.00,8.50
2008.07.25 09:00:56.110,1.0693,1.0694,6.70,8.50
2008.07.25 09:00:58.869,1.0693,1.0694,6.60,8.50
2008.07.25 09:00:59.284,1.0693,1.0694,6.70,8.50
2008.07.25 09:00:59.557,1.0693,1.0694,3.50,11.60
2008.07.25 09:01:02.134,1.0693,1.0694,3.30,11.60
2008.07.25 09:01:02.887,1.0693,1.06935,2.20,1.00
2008.07.25 09:01:03.118,1.0693,1.06935,2.20,3.10
2008.07.25 09:01:03.674,1.0693,1.06935,1.00,3.10
2008.07.25 09:01:05.138,1.0693,1.0694,2.10,11.60
2008.07.25 09:01:05.356,1.06935,1.0694,1.00,8.10
2008.07.25 09:01:05.781,1.0693,1.06935,2.40,1.00
2008.07.25 09:01:05.947,1.0693,1.06935,1.00,1.00
2008.07.25 09:01:08.336,1.0693,1.06935,1.00,4.10
2008.07.25 09:01:08.468,1.06925,1.06935,4.30,4.10
2008.07.25 09:01:09.557,1.0693,1.06935,1.00,3.10
2008.07.25 09:01:09.897,1.06935,1.0694,1.00,9.50
2008.07.25 09:01:10.707,1.0693,1.06935,7.60,3.10
2008.07.25 09:01:10.939,1.06935,1.0694,1.00,9.50
2008.07.25 09:01:11.607,1.0693,1.0694,3.50,9.50
2008.07.25 09:01:11.981,1.0693,1.0694,7.60,9.50
2008.07.25 09:01:14.648,1.0693,1.0694,7.50,11.60
2008.07.25 09:01:17.540,1.0693,1.0694,7.60,11.60
2008.07.25 09:01:19.737,1.06935,1.0694,1.00,11.60
2008.07.25 09:01:20.090,1.0693,1.0694,7.60,11.60
2008.07.25 09:01:20.419,1.06935,1.0694,1.00,8.50
2008.07.25 09:01:20.733,1.0693,1.0694,10.90,3.10
2008.07.25 09:01:20.938,1.0694,1.06945,2.20,9.60
2008.07.25 09:01:21.339,1.0694,1.06945,2.20,11.60
2008.07.25 09:01:22.449,1.0694,1.06945,2.20,4.10
2008.07.25 09:01:22.810,1.0694,1.06945,3.30,3.10
2008.07.25 09:01:23.383,1.06935,1.0694,2.30,1.00
2008.07.25 09:01:23.904,1.0693,1.0694,10.90,6.40
2008.07.25 09:01:26.728,1.0693,1.0694,10.90,8.50
2008.07.25 09:01:27.765,1.0693,1.0694,6.70,9.00
2008.07.25 09:01:27.918,1.06925,1.0693,8.00,1.00
2008.07.25 09:01:28.068,1.0693,1.06935,2.20,8.10
2008.07.25 09:01:28.222,1.0693,1.06935,2.20,17.50
2008.07.25 09:01:28.364,1.0693,1.06935,2.20,20.40
2008.07.25 09:01:28.515,1.0692,1.0693,10.90,8.50
2008.07.25 09:01:29.147,1.0692,1.0693,15.20,2.00
2008.07.25 09:01:29.511,1.0692,1.06935,15.70,3.10
2008.07.25 09:01:29.870,1.06925,1.0694,10.50,11.60
2008.07.25 09:01:30.120,1.06925,1.0694,15.70,11.60
2008.07.25 09:01:30.595,1.0693,1.0694,12.00,2.00
2008.07.25 09:01:30.844,1.0693,1.06945,11.80,11.60
2008.07.25 09:01:31.090,1.06935,1.06945,3.30,11.60
2008.07.25 09:01:31.295,1.06935,1.06945,4.40,10.50
2008.07.25 09:01:31.495,1.06935,1.06945,4.40,8.50
2008.07.25 09:01:31.696,1.06935,1.06945,4.40,3.10
2008.07.25 09:01:32.254,1.06935,1.06945,12.40,3.10
2008.07.25 09:01:32.656,1.06935,1.0694,2.40,1.00
2008.07.25 09:01:33.897,1.0694,1.06945,3.30,5.10
2008.07.25 09:01:34.108,1.0694,1.06945,1.00,3.10
2008.07.25 09:01:34.464,1.0694,1.0695,3.30,11.60
2008.07.25 09:01:34.813,1.0694,1.0695,7.50,11.60
2008.07.25 09:01:35.167,1.0694,1.0695,10.80,11.60
2008.07.25 09:01:36.282,1.0694,1.0695,10.80,6.20
2008.07.25 09:01:36.614,1.0694,1.0695,10.90,4.10
2008.07.25 09:01:36.721,1.06945,1.0695,1.00,3.10
2008.07.25 09:01:36.970,1.06945,1.06955,1.00,11.60
2008.07.25 09:01:37.081,1.0695,1.06955,1.00,11.60
2008.07.25 09:01:37.191,1.0695,1.06955,2.20,11.60
2008.07.25 09:01:37.454,1.0695,1.06955,2.20,9.60
2008.07.25 09:01:39.093,1.0694,1.0695,6.20,4.10
2008.07.25 09:01:39.257,1.0695,1.06955,7.50,10.20
2008.07.25 09:01:39.582,1.0695,1.0696,5.20,14.80
2008.07.25 09:01:39.862,1.0695,1.0696,6.30,11.60
2008.07.25 09:01:40.150,1.0695,1.06955,2.20,6.50
2008.07.25 09:01:40.433,1.06945,1.0695,1.00,4.10
2008.07.25 09:01:40.751,1.0694,1.0695,6.70,4.10
2008.07.25 09:01:41.071,1.0694,1.0695,3.50,4.10
2008.07.25 09:01:41.760,1.0694,1.0695,6.70,1.00
2008.07.25 09:01:41.931,1.0695,1.06955,2.20,9.60
2008.07.25 09:01:44.732,1.0695,1.06955,2.20,4.10
2008.07.25 09:01:45.589,1.0695,1.06955,2.20,6.20
2008.07.25 09:01:49.371,1.06935,1.0694,18.80,1.00
2008.07.25 09:01:49.769,1.06935,1.0694,5.10,9.50
2008.07.25 09:01:50.002,1.0693,1.06935,6.60,1.00
2008.07.25 09:01:50.276,1.0693,1.06935,2.20,1.80
2008.07.25 09:01:50.899,1.0693,1.06935,1.00,1.80
2008.07.25 09:01:51.262,1.06925,1.0693,4.30,3.10
2008.07.25 09:01:51.626,1.0693,1.06935,2.20,3.60
2008.07.25 09:01:51.918,1.0693,1.06935,2.20,1.00
2008.07.25 09:01:52.206,1.0693,1.06935,6.40,1.00
2008.07.25 09:01:53.429,1.0692,1.06925,11.10,1.00
2008.07.25 09:01:53.910,1.06925,1.0693,5.50,1.00
2008.07.25 09:01:54.112,1.06925,1.0693,5.50,3.10
2008.07.25 09:01:54.309,1.0692,1.0693,13.00,3.10
2008.07.25 09:01:54.706,1.06925,1.0693,4.30,3.10
2008.07.25 09:01:55.068,1.0692,1.0693,13.00,3.10
2008.07.25 09:01:56.042,1.0692,1.0693,14.10,2.00
2008.07.25 09:01:56.213,1.0692,1.06935,14.00,6.40
2008.07.25 09:01:56.386,1.0692,1.0693,12.90,1.00
2008.07.25 09:01:56.571,1.0692,1.06935,14.00,1.00
2008.07.25 09:01:57.061,1.0693,1.06935,1.00,1.00
2008.07.25 09:01:57.420,1.0693,1.0694,1.00,11.60
2008.07.25 09:01:57.909,1.0693,1.06935,1.00,1.00
2008.07.25 09:01:58.171,1.06925,1.0693,1.00,1.00
2008.07.25 09:01:58.422,1.0692,1.0693,9.80,1.00
2008.07.25 09:01:58.729,1.0692,1.0693,6.60,9.50
2008.07.25 09:01:58.857,1.0692,1.06925,2.40,1.00
2008.07.25 09:01:59.170,1.06915,1.0692,5.50,1.00
2008.07.25 09:01:59.748,1.06905,1.0692,17.90,6.40
2008.07.25 09:02:00.800,1.06905,1.06915,5.60,1.00
2008.07.25 09:02:01.106,1.06905,1.06915,5.50,1.00
2008.07.25 09:02:01.247,1.06905,1.06915,6.60,3.10
2008.07.25 09:02:01.504,1.06905,1.06915,6.70,3.10
2008.07.25 09:02:01.657,1.06905,1.0691,5.60,1.00
2008.07.25 09:02:02.126,1.06905,1.0691,2.40,1.00
2008.07.25 09:02:02.456,1.069,1.0691,22.20,6.40
2008.07.25 09:02:02.785,1.069,1.0691,19.00,9.50
2008.07.25 09:02:03.119,1.069,1.06905,2.20,18.10
2008.07.25 09:02:03.297,1.0689,1.069,15.80,11.60
2008.07.25 09:02:03.647,1.0689,1.069,18.40,11.60
2008.07.25 09:02:03.830,1.0689,1.069,10.50,11.60
2008.07.25 09:02:04.189,1.0689,1.06895,2.00,1.00
2008.07.25 09:02:04.577,1.0689,1.06895,1.80,6.20
2008.07.25 09:02:05.187,1.0689,1.06895,1.80,5.10
2008.07.25 09:02:05.734,1.0689,1.06895,2.00,3.10
2008.07.25 09:02:06.515,1.0689,1.06895,6.30,3.10
2008.07.25 09:02:06.710,1.0689,1.06895,2.00,3.10
2008.07.25 09:02:07.063,1.06895,1.069,1.00,5.10
2008.07.25 09:02:07.479,1.069,1.06905,1.80,11.60
2008.07.25 09:02:07.866,1.069,1.0691,2.00,9.50
2008.07.25 09:02:08.284,1.069,1.0691,9.50,8.50
2008.07.25 09:02:09.332,1.069,1.0691,6.30,11.60
2008.07.25 09:02:09.614,1.069,1.0691,2.00,9.50
2008.07.25 09:02:10.665,1.069,1.06905,2.00,3.10
2008.07.25 09:02:10.933,1.069,1.06905,2.00,4.10
2008.07.25 09:02:11.209,1.069,1.06905,5.20,1.00
2008.07.25 09:02:11.362,1.069,1.06905,9.50,1.00
2008.07.25 09:02:12.464,1.069,1.0691,9.50,6.40
2008.07.25 09:02:13.134,1.069,1.0691,10.60,5.40
2008.07.25 09:02:13.454,1.06905,1.0691,1.00,5.40
2008.07.25 09:02:13.551,1.06905,1.0691,4.30,5.40
2008.07.25 09:02:13.731,1.06905,1.0691,4.30,5.40
2008.07.25 09:02:13.830,1.06905,1.0691,4.30,5.40
2008.07.25 09:02:13.933,1.0691,1.06915,1.80,11.70
2008.07.25 09:02:14.498,1.06905,1.0691,5.20,5.80
2008.07.25 09:02:14.811,1.06905,1.0691,4.30,7.40
2008.07.25 09:02:15.113,1.06905,1.0691,1.00,2.00
2008.07.25 09:02:15.404,1.06905,1.06915,1.00,9.50
2008.07.25 09:02:15.741,1.0691,1.06915,2.90,8.50
2008.07.25 09:02:16.061,1.06915,1.06925,2.10,9.50
2008.07.25 09:02:16.353,1.0692,1.06925,1.00,10.50
2008.07.25 09:02:16.578,1.06915,1.0692,4.30,1.00
2008.07.25 09:02:16.774,1.0692,1.06925,1.80,9.60
2008.07.25 09:02:16.980,1.06915,1.0692,4.30,1.00
2008.07.25 09:02:17.171,1.0691,1.0692,10.60,1.00
2008.07.25 09:02:17.370,1.0691,1.0692,10.50,8.50
2008.07.25 09:02:17.701,1.0691,1.0692,10.50,11.60
2008.07.25 09:02:19.101,1.0691,1.0692,7.20,11.60
2008.07.25 09:02:19.899,1.06915,1.0692,1.00,8.50
2008.07.25 09:02:20.100,1.0691,1.0692,10.50,8.50
2008.07.25 09:02:20.669,1.0691,1.0692,10.50,3.10
2008.07.25 09:02:21.262,1.06915,1.0692,4.30,1.00
2008.07.25 09:02:21.471,1.06915,1.0692,1.00,1.00
2008.07.25 09:02:21.611,1.06915,1.0692,1.00,6.20
2008.07.25 09:02:21.741,1.0691,1.0692,7.20,11.60
2008.07.25 09:02:22.803,1.0691,1.0692,7.40,9.50
2008.07.25 09:02:23.050,1.0691,1.0692,7.20,11.60
2008.07.25 09:02:23.300,1.06915,1.0692,1.00,11.60
2008.07.25 09:02:26.057,1.06915,1.0692,1.00,9.50
2008.07.25 09:02:26.324,1.0692,1.06925,1.00,22.80
2008.07.25 09:02:26.577,1.06915,1.0692,1.00,11.60
2008.07.25 09:02:28.458,1.0692,1.06925,1.00,22.80
2008.07.25 09:02:30.387,1.0692,1.06925,1.00,13.40
2008.07.25 09:02:30.614,1.0692,1.06925,1.00,11.00
2008.07.25 09:02:30.878,1.06915,1.0692,1.00,1.00
2008.07.25 09:02:31.543,1.06915,1.0692,1.00,3.10
2008.07.25 09:02:31.735,1.06915,1.0692,1.00,8.50
2008.07.25 09:02:32.066,1.06915,1.0692,1.00,11.60
2008.07.25 09:02:32.917,1.06915,1.0692,1.00,9.50
2008.07.25 09:02:34.011,1.06915,1.0692,1.00,4.10
2008.07.25 09:02:34.224,1.0692,1.06925,1.80,12.00
2008.07.25 09:02:34.322,1.0692,1.06925,1.80,11.00
2008.07.25 09:02:34.500,1.0692,1.06925,1.80,11.60
2008.07.25 09:02:34.721,1.0692,1.06925,1.00,11.60
2008.07.25 09:02:35.060,1.0692,1.06925,1.00,11.00
2008.07.25 09:02:35.732,1.0692,1.0693,4.10,11.60
2008.07.25 09:02:36.031,1.0692,1.06925,1.80,9.50
2008.07.25 09:02:36.274,1.0692,1.06925,1.80,8.90
2008.07.25 09:02:36.436,1.0691,1.06915,15.50,1.00
2008.07.25 09:02:36.637,1.0691,1.06915,6.20,1.00
2008.07.25 09:02:41.385,1.06915,1.0692,1.00,11.60
2008.07.25 09:02:43.608,1.0692,1.06925,1.00,11.50
2008.07.25 09:02:43.760,1.0692,1.06925,1.00,8.70
2008.07.25 09:02:43.827,1.06925,1.0693,1.00,19.00
2008.07.25 09:02:43.970,1.06925,1.0693,1.00,11.60
2008.07.25 09:02:44.034,1.0692,1.0693,2.90,11.60
2008.07.25 09:02:44.320,1.0692,1.0693,3.10,11.60
2008.07.25 09:02:44.576,1.0692,1.0693,10.60,8.50
2008.07.25 09:02:46.316,1.0692,1.0693,10.50,8.50
2008.07.25 09:02:46.541,1.0692,1.0693,10.50,11.60
2008.07.25 09:02:46.905,1.0692,1.0693,6.20,11.60
2008.07.25 09:02:47.556,1.0692,1.06925,2.90,2.00
2008.07.25 09:02:47.908,1.0692,1.0693,2.90,11.60
2008.07.25 09:02:48.822,1.06925,1.0693,1.00,11.60
2008.07.25 09:02:49.982,1.06925,1.0693,1.00,8.50
2008.07.25 09:02:52.552,1.06925,1.0693,1.00,11.60
2008.07.25 09:02:52.855,1.06925,1.0693,1.00,6.20
2008.07.25 09:02:53.575,1.06925,1.0693,1.00,11.60
2008.07.25 09:02:53.728,1.0693,1.06935,1.00,20.90
2008.07.25 09:02:54.001,1.0693,1.06935,1.00,12.20
2008.07.25 09:02:54.138,1.0693,1.06935,6.30,2.80
2008.07.25 09:02:54.274,1.0693,1.0694,7.20,11.60
2008.07.25 09:02:54.960,1.0693,1.06935,1.80,18.90
2008.07.25 09:02:55.354,1.0692,1.06925,2.90,2.00
2008.07.25 09:02:55.638,1.0692,1.06925,2.00,5.80
2008.07.25 09:02:55.902,1.06915,1.0692,3.20,2.00
2008.07.25 09:02:56.153,1.0692,1.06925,1.00,2.00
2008.07.25 09:02:56.404,1.0692,1.0693,1.00,6.20
2008.07.25 09:02:56.582,1.0692,1.0693,3.10,4.10
2008.07.25 09:02:56.762,1.06925,1.0693,1.00,4.10
2008.07.25 09:02:56.941,1.06925,1.0693,1.00,6.20
2008.07.25 09:02:57.123,1.06925,1.0693,1.00,3.10
2008.07.25 09:02:57.300,1.06925,1.0693,1.00,1.00
2008.07.25 09:02:57.481,1.06925,1.06935,2.10,11.60
2008.07.25 09:02:57.762,1.06925,1.0693,2.10,2.00
2008.07.25 09:02:58.043,1.06925,1.06935,2.10,11.60
2008.07.25 09:02:59.929,1.06925,1.06935,2.10,6.20
2008.07.25 09:03:00.149,1.06925,1.0693,1.00,1.00
2008.07.25 09:03:00.342,1.06925,1.06935,2.10,11.60
2008.07.25 09:03:01.478,1.0693,1.06935,1.00,10.50
2008.07.25 09:03:01.689,1.0693,1.06935,2.90,3.10
2008.07.25 09:03:01.959,1.0693,1.06935,7.20,3.10
2008.07.25 09:03:07.081,1.0693,1.06935,2.90,3.10
2008.07.25 09:03:08.250,1.0693,1.06935,1.80,4.10
2008.07.25 09:03:08.521,1.0693,1.06935,1.80,6.20
2008.07.25 09:03:08.723,1.06925,1.06935,5.40,6.20
2008.07.25 09:03:09.091,1.06925,1.06935,2.10,6.20
2008.07.25 09:03:09.652,1.0693,1.06935,1.00,5.10
2008.07.25 09:03:09.871,1.0693,1.0694,1.00,11.60
2008.07.25 09:03:10.078,1.0693,1.0694,2.90,11.60
2008.07.25 09:03:10.287,1.0693,1.0694,7.20,11.60
2008.07.25 09:03:15.286,1.0693,1.06935,7.20,2.00
2008.07.25 09:03:20.417,1.06935,1.0694,1.00,9.90
2008.07.25 09:03:21.086,1.06935,1.06945,4.30,13.30
2008.07.25 09:03:21.693,1.0693,1.06935,9.10,1.00
2008.07.25 09:03:22.015,1.0694,1.06945,1.00,2.00
2008.07.25 09:03:22.331,1.0694,1.0695,2.90,14.80
2008.07.25 09:03:22.633,1.0694,1.0695,10.50,11.60
2008.07.25 09:03:25.774,1.0694,1.0695,7.20,11.60
2008.07.25 09:03:26.320,1.0694,1.06945,6.20,1.00
2008.07.25 09:03:26.502,1.0694,1.06945,1.80,6.20
2008.07.25 09:03:27.365,1.06935,1.0694,4.20,1.00
2008.07.25 09:03:27.617,1.0694,1.06945,1.80,11.00
2008.07.25 09:03:27.784,1.0693,1.0694,10.60,3.10
2008.07.25 09:03:27.896,1.06935,1.0694,1.00,2.00
2008.07.25 09:03:28.048,1.06935,1.06945,4.30,11.60
2008.07.25 09:03:28.147,1.0694,1.06945,1.00,10.50
2008.07.25 09:03:28.507,1.0694,1.06945,2.90,8.50
2008.07.25 09:03:28.607,1.0694,1.06945,2.90,10.50
2008.07.25 09:03:30.553,1.06935,1.0694,4.20,1.00
2008.07.25 09:03:30.723,1.06935,1.0694,3.20,3.10
2008.07.25 09:03:31.071,1.06935,1.0694,3.20,8.50
2008.07.25 09:03:31.962,1.06935,1.0694,4.30,7.40
2008.07.25 09:03:32.142,1.06935,1.0694,4.30,2.00
2008.07.25 09:03:32.322,1.06935,1.06945,4.30,11.60
2008.07.25 09:03:32.507,1.0694,1.06945,1.00,5.10
2008.07.25 09:03:32.693,1.0694,1.0695,1.00,11.60
2008.07.25 09:03:33.031,1.0694,1.0695,2.90,11.60
2008.07.25 09:03:33.175,1.0694,1.0695,10.50,11.60
2008.07.25 09:03:44.700,1.0694,1.0695,10.50,8.50
2008.07.25 09:03:48.741,1.06945,1.0695,1.00,7.40
2008.07.25 09:03:48.832,1.06945,1.0695,1.00,2.00
2008.07.25 09:03:49.020,1.06945,1.06955,2.10,11.60
2008.07.25 09:03:49.630,1.0695,1.06955,1.80,11.60
2008.07.25 09:03:50.893,1.0695,1.06955,2.90,5.10
2008.07.25 09:03:51.250,1.0695,1.0696,7.40,11.60
2008.07.25 09:03:59.229,1.0695,1.0696,7.40,6.20
2008.07.25 09:03:59.370,1.06955,1.0696,1.00,5.10
2008.07.25 09:03:59.584,1.06955,1.0696,1.00,2.00
2008.07.25 09:03:59.760,1.06955,1.06965,1.00,6.20
2008.07.25 09:04:00.117,1.0696,1.06965,2.90,5.10
2008.07.25 09:04:00.844,1.0696,1.06965,1.80,4.10
2008.07.25 09:04:01.274,1.0696,1.06965,1.80,6.20
2008.07.25 09:04:01.697,1.0696,1.06965,2.90,5.10
2008.07.25 09:04:02.085,1.0696,1.06965,2.90,3.10
2008.07.25 09:04:02.274,1.0696,1.0697,2.90,11.60
2008.07.25 09:04:02.975,1.0696,1.06965,2.90,2.00
2008.07.25 09:04:03.714,1.0696,1.0697,2.90,11.60
2008.07.25 09:04:04.394,1.0696,1.06965,2.90,2.00
2008.07.25 09:04:06.189,1.0696,1.0697,2.90,11.60
2008.07.25 09:04:06.391,1.0696,1.06965,2.90,2.00
2008.07.25 09:04:07.908,1.0696,1.0697,2.90,11.60
2008.07.25 09:04:08.178,1.0696,1.06965,2.90,2.00
2008.07.25 09:04:08.927,1.0696,1.0697,2.90,11.60
2008.07.25 09:04:09.214,1.0696,1.0697,7.10,11.60
2008.07.25 09:04:09.411,1.0696,1.06965,6.00,1.00
2008.07.25 09:04:09.598,1.0696,1.06965,2.90,2.00
2008.07.25 09:04:15.258,1.0696,1.06965,1.80,3.10
2008.07.25 09:04:17.681,1.0696,1.06965,1.70,3.10
2008.07.25 09:04:19.425,1.06955,1.0696,4.30,2.00
2008.07.25 09:04:21.454,1.0696,1.06965,1.00,5.10
2008.07.25 09:04:21.775,1.0695,1.0696,10.30,3.10
2008.07.25 09:04:22.066,1.06955,1.0696,1.00,3.10
2008.07.25 09:04:22.180,1.0695,1.0696,10.30,3.10
2008.07.25 09:04:22.402,1.0695,1.0696,10.30,8.50
2008.07.25 09:04:23.229,1.0695,1.0696,10.20,8.50
2008.07.25 09:04:23.779,1.0695,1.0696,10.20,11.60
2008.07.25 09:04:25.719,1.0695,1.0696,7.00,11.60
2008.07.25 09:04:26.301,1.0695,1.06955,1.70,1.00
2008.07.25 09:04:26.688,1.06945,1.0695,1.80,1.00
2008.07.25 09:04:27.374,1.0695,1.06955,1.70,11.00
2008.07.25 09:04:27.712,1.0694,1.0695,8.00,11.60
2008.07.25 09:04:28.002,1.0694,1.0695,10.20,11.60
2008.07.25 09:04:31.410,1.0694,1.0695,10.20,3.10
2008.07.25 09:04:31.531,1.06945,1.0695,2.10,2.00
2008.07.25 09:04:31.788,1.06945,1.0695,1.00,2.00
2008.07.25 09:04:31.910,1.0695,1.06955,1.70,11.60
2008.07.25 09:04:36.198,1.06945,1.06955,1.00,11.60
2008.07.25 09:04:37.317,1.0694,1.0695,10.30,1.00
2008.07.25 09:04:37.776,1.0694,1.0695,10.20,3.10
2008.07.25 09:04:38.018,1.0694,1.0695,10.20,8.50
2008.07.25 09:04:38.456,1.0694,1.0695,10.20,11.60
2008.07.25 09:04:38.580,1.0694,1.0695,10.20,6.20
2008.07.25 09:04:39.545,1.0695,1.06955,1.00,11.50
2008.07.25 09:04:39.675,1.0695,1.06955,5.20,7.50
2008.07.25 09:04:39.776,1.0695,1.06955,1.70,4.70
2008.07.25 09:04:39.869,1.0695,1.06955,1.70,1.80
2008.07.25 09:04:40.200,1.0695,1.06955,1.70,11.00
2008.07.25 09:04:40.543,1.0694,1.0695,10.30,1.00
2008.07.25 09:04:41.437,1.0694,1.0695,10.20,3.10
2008.07.25 09:04:41.706,1.0694,1.0695,10.20,8.50
2008.07.25 09:04:42.529,1.0695,1.06955,5.20,2.80
2008.07.25 09:04:42.831,1.06945,1.0695,1.70,1.00
2008.07.25 09:04:43.128,1.0694,1.0695,10.20,3.10
2008.07.25 09:04:43.428,1.0694,1.0695,10.20,8.50
2008.07.25 09:04:43.634,1.0694,1.0695,7.00,11.60
2008.07.25 09:04:46.552,1.06935,1.0694,4.10,6.40
2008.07.25 09:04:47.175,1.06935,1.0694,3.20,3.10
2008.07.25 09:04:47.508,1.0693,1.0694,7.00,6.20
2008.07.25 09:04:47.829,1.0694,1.06945,1.70,12.00
2008.07.25 09:04:48.147,1.0694,1.06945,1.70,9.60
2008.07.25 09:04:49.034,1.0694,1.06945,2.80,10.50
2008.07.25 09:04:49.185,1.0694,1.06945,2.80,5.10
2008.07.25 09:04:49.348,1.0694,1.06945,2.80,2.00
2008.07.25 09:04:49.813,1.0694,1.06945,7.00,2.00
2008.07.25 09:04:51.157,1.0695,1.0696,5.20,9.90
2008.07.25 09:04:51.364,1.0695,1.0696,7.00,9.90
2008.07.25 09:04:51.523,1.0695,1.0696,5.90,10.50
2008.07.25 09:04:51.938,1.0695,1.0696,7.00,11.60
2008.07.25 09:04:52.334,1.0695,1.0696,10.20,8.50
2008.07.25 09:04:52.700,1.0696,1.06965,5.20,10.50
2008.07.25 09:04:52.977,1.06965,1.0697,1.00,11.90
2008.07.25 09:04:53.247,1.06965,1.0697,1.80,12.20
2008.07.25 09:04:53.553,1.0697,1.06975,2.80,10.90
2008.07.25 09:04:53.785,1.0697,1.06975,5.90,2.00
2008.07.25 09:04:54.012,1.0697,1.0698,5.90,39.50
2008.07.25 09:04:54.238,1.0697,1.0698,9.10,8.50
2008.07.25 09:04:55.328,1.0698,1.06985,4.10,6.80
2008.07.25 09:04:55.672,1.0698,1.06985,5.90,2.80
2008.07.25 09:04:55.984,1.0698,1.0699,9.10,11.70
2008.07.25 09:04:56.587,1.0698,1.0699,9.10,8.50
2008.07.25 09:04:57.230,1.06985,1.0699,1.00,2.00
2008.07.25 09:04:57.448,1.0699,1.06995,1.70,5.10
2008.07.25 09:04:58.007,1.06995,1.07,1.00,13.70
2008.07.25 09:04:58.367,1.06995,1.07,1.00,5.10
2008.07.25 09:04:58.735,1.07,1.07005,1.70,9.40
2008.07.25 09:04:59.079,1.07,1.0701,10.20,3.10
2008.07.25 09:04:59.310,1.07,1.0701,9.10,3.10
2008.07.25 09:05:00.043,1.07,1.0701,9.10,8.50
2008.07.25 09:05:02.211,1.07,1.0701,9.30,8.50
2008.07.25 09:05:03.672,1.07,1.0701,6.00,11.60
2008.07.25 09:05:04.286,1.07,1.0701,1.80,11.60
2008.07.25 09:05:04.416,1.07,1.07005,1.80,1.00
2008.07.25 09:05:04.545,1.06995,1.07,4.20,1.00
2008.07.25 09:05:04.723,1.07,1.07005,1.70,1.80
2008.07.25 09:05:05.341,1.0699,1.07,9.10,8.50
2008.07.25 09:05:05.962,1.0699,1.07,10.30,1.00
2008.07.25 09:05:06.254,1.0699,1.07,9.30,1.00
2008.07.25 09:05:06.596,1.0699,1.07,9.10,3.10
2008.07.25 09:05:06.883,1.0699,1.07,9.10,8.50
2008.07.25 09:05:07.280,1.0699,1.06995,9.10,2.00
2008.07.25 09:05:08.352,1.06975,1.0698,10.20,6.40
2008.07.25 09:05:08.611,1.0697,1.0698,9.30,6.40
2008.07.25 09:05:08.873,1.0697,1.0698,9.10,8.50
2008.07.25 09:05:09.014,1.0697,1.06975,5.90,1.00
2008.07.25 09:05:09.164,1.0697,1.06975,1.70,1.00
2008.07.25 09:05:09.317,1.0697,1.06975,1.70,1.80
2008.07.25 09:05:09.854,1.0696,1.0697,10.30,1.00
2008.07.25 09:05:10.220,1.0696,1.0697,10.20,3.10
2008.07.25 09:05:10.582,1.0697,1.06975,1.70,9.60
2008.07.25 09:05:10.988,1.0697,1.06975,1.70,19.00
2008.07.25 09:05:11.273,1.06965,1.0697,1.00,11.60
2008.07.25 09:05:11.561,1.0696,1.06965,1.70,3.30
2008.07.25 09:05:11.838,1.0696,1.06965,1.70,3.10
2008.07.25 09:05:12.370,1.0696,1.06965,1.70,2.00
2008.07.25 09:05:12.597,1.0696,1.06965,7.00,2.00
2008.07.25 09:05:12.816,1.06965,1.0697,1.00,4.10
2008.07.25 09:05:13.030,1.0697,1.06975,1.70,12.00
2008.07.25 09:05:13.673,1.0697,1.06975,1.70,11.60
2008.07.25 09:05:14.231,1.0697,1.06975,1.70,6.20
2008.07.25 09:05:14.392,1.0697,1.06975,1.70,5.10
2008.07.25 09:05:14.641,1.0697,1.06975,1.70,2.00
2008.07.25 09:05:14.768,1.0697,1.06975,5.90,2.00
2008.07.25 09:05:15.247,1.0697,1.0698,5.90,11.60
2008.07.25 09:05:16.357,1.0697,1.06975,1.70,1.00
2008.07.25 09:05:16.548,1.0697,1.06975,1.70,3.10
2008.07.25 09:05:16.738,1.0697,1.06975,1.70,2.00
2008.07.25 09:05:17.431,1.0697,1.06975,1.70,1.00
2008.07.25 09:05:17.768,1.0697,1.06975,1.70,4.10
2008.07.25 09:05:18.122,1.06965,1.0697,1.80,1.00
2008.07.25 09:05:18.256,1.0696,1.0697,7.20,3.10
2008.07.25 09:05:18.506,1.0696,1.0697,9.10,3.10
2008.07.25 09:05:18.636,1.0696,1.0697,9.10,8.50
2008.07.25 09:05:25.381,1.0696,1.06965,1.70,11.20
2008.07.25 09:05:25.630,1.0696,1.06965,5.90,15.50
2008.07.25 09:05:25.877,1.0696,1.0697,7.00,6.20
2008.07.25 09:05:26.108,1.0696,1.0697,10.20,3.10
2008.07.25 09:05:26.336,1.0697,1.06975,1.70,11.00
2008.07.25 09:05:26.574,1.0697,1.06975,1.70,9.60
2008.07.25 09:05:26.805,1.0696,1.0697,9.10,3.10
2008.07.25 09:05:27.077,1.0696,1.0697,9.10,8.50
2008.07.25 09:05:28.235,1.0697,1.06975,4.10,9.10
2008.07.25 09:05:28.688,1.0697,1.0698,5.90,11.60
2008.07.25 09:05:28.918,1.0697,1.06975,5.90,2.00
2008.07.25 09:05:29.019,1.06965,1.0697,11.10,1.00
2008.07.25 09:05:29.125,1.0697,1.06975,1.70,12.70
2008.07.25 09:05:29.409,1.0697,1.06975,1.70,20.40
2008.07.25 09:05:29.526,1.0696,1.0697,9.10,8.50
2008.07.25 09:05:34.826,1.0697,1.06975,4.10,9.10
2008.07.25 09:05:35.147,1.0697,1.06975,5.90,3.10
2008.07.25 09:05:35.677,1.0697,1.0698,5.90,11.60
2008.07.25 09:05:40.406,1.0697,1.0698,1.70,11.60
2008.07.25 09:05:41.081,1.0697,1.0698,5.90,11.60
2008.07.25 09:05:41.955,1.0697,1.06975,1.70,1.00
2008.07.25 09:05:42.727,1.0697,1.06975,1.70,6.20
2008.07.25 09:05:42.864,1.0697,1.06975,1.70,7.20
2008.07.25 09:05:43.187,1.06965,1.0697,1.80,1.00
2008.07.25 09:05:43.515,1.0696,1.06965,1.70,3.10
2008.07.25 09:05:43.831,1.0696,1.06965,1.70,6.20
2008.07.25 09:05:44.151,1.0696,1.06965,1.70,5.10
2008.07.25 09:05:44.661,1.0696,1.06965,1.70,3.10
2008.07.25 09:05:44.833,1.0696,1.06965,5.90,3.10
2008.07.25 09:05:45.003,1.0696,1.0697,5.90,11.60
2008.07.25 09:05:46.036,1.06965,1.0697,1.00,10.50
2008.07.25 09:05:46.316,1.06965,1.0697,1.00,3.10
2008.07.25 09:05:46.595,1.06965,1.0697,5.40,2.00
2008.07.25 09:05:46.874,1.0697,1.0698,1.00,11.60
2008.07.25 09:05:47.152,1.0697,1.06975,1.70,2.00
2008.07.25 09:05:47.310,1.0697,1.06975,1.70,5.10
2008.07.25 09:05:47.893,1.0697,1.06975,1.70,2.00
2008.07.25 09:05:48.081,1.0697,1.06975,1.70,3.10
2008.07.25 09:05:48.355,1.0697,1.06975,1.70,8.50
2008.07.25 09:05:49.569,1.0697,1.06975,4.90,8.50
2008.07.25 09:05:50.070,1.0697,1.06975,1.70,8.50
2008.07.25 09:05:50.479,1.0697,1.06975,1.70,7.30
2008.07.25 09:05:50.742,1.0697,1.06975,1.70,11.00
2008.07.25 09:05:50.991,1.06965,1.0697,3.20,3.10
2008.07.25 09:05:51.241,1.06965,1.0697,3.20,7.40
2008.07.25 09:05:51.699,1.06965,1.0697,3.20,2.00
2008.07.25 09:05:52.130,1.0697,1.06975,1.70,11.60
2008.07.25 09:05:52.350,1.0697,1.06975,1.70,5.10
2008.07.25 09:05:52.600,1.0697,1.06975,1.70,6.20
2008.07.25 09:05:53.090,1.0697,1.06975,1.70,3.10
2008.07.25 09:05:54.029,1.06965,1.0697,1.80,1.00
2008.07.25 09:05:54.391,1.06965,1.06975,1.00,11.60
2008.07.25 09:05:54.648,1.06965,1.0697,1.00,2.00
2008.07.25 09:05:54.778,1.06965,1.06975,1.00,11.60
2008.07.25 09:05:55.028,1.0697,1.06975,1.70,11.60
2008.07.25 09:05:58.512,1.0697,1.06975,1.70,10.50
2008.07.25 09:05:58.738,1.0697,1.06975,1.70,2.00
2008.07.25 09:05:58.972,1.0697,1.0698,5.90,11.60
2008.07.25 09:06:00.949,1.06965,1.0697,4.90,5.40
2008.07.25 09:06:01.178,1.06965,1.0697,4.10,8.50
2008.07.25 09:06:01.587,1.0696,1.0697,9.10,8.50
2008.07.25 09:06:06.929,1.0696,1.0697,10.20,8.50
2008.07.25 09:06:07.386,1.0696,1.0697,10.20,3.10
2008.07.25 09:06:07.526,1.0696,1.0697,10.20,2.00
2008.07.25 09:06:07.765,1.0697,1.06975,1.70,11.60
2008.07.25 09:06:12.536,1.0697,1.06975,1.70,10.50
2008.07.25 09:06:12.776,1.0697,1.06975,1.70,7.40
2008.07.25 09:06:13.054,1.0697,1.06975,1.70,8.50
2008.07.25 09:06:21.318,1.0697,1.06975,1.70,7.40
2008.07.25 09:06:21.618,1.0697,1.06975,1.70,8.50
2008.07.25 09:06:22.194,1.0697,1.06975,1.70,7.40
2008.07.25 09:06:23.150,1.0697,1.06975,1.70,9.40
2008.07.25 09:06:23.352,1.0697,1.06975,1.70,7.40
2008.07.25 09:06:25.572,1.0697,1.06975,1.70,2.00
2008.07.25 09:06:25.710,1.0697,1.0698,1.70,11.60
2008.07.25 09:06:25.973,1.0697,1.0698,5.90,11.60
2008.07.25 09:06:28.399,1.0697,1.0698,9.10,11.60
2008.07.25 09:06:28.566,1.0697,1.0698,9.10,8.50
2008.07.25 09:06:28.740,1.0697,1.0698,10.20,7.40
2008.07.25 09:06:28.926,1.0697,1.0698,10.20,2.00
2008.07.25 09:06:29.021,1.06975,1.0698,3.20,2.00
2008.07.25 09:06:29.122,1.06975,1.06985,3.20,11.60
2008.07.25 09:06:29.334,1.06975,1.06985,4.30,10.50
2008.07.25 09:06:29.431,1.06975,1.06985,4.30,7.40
2008.07.25 09:06:29.792,1.0698,1.06985,2.80,7.40
2008.07.25 09:06:30.331,1.0698,1.06985,6.00,2.00
2008.07.25 09:06:30.510,1.0699,1.06995,1.70,10.50
2008.07.25 09:06:30.680,1.0699,1.06995,1.70,7.40
2008.07.25 09:06:30.961,1.0699,1.06995,4.90,2.00
2008.07.25 09:06:31.240,1.0699,1.07,9.10,8.50
2008.07.25 09:06:32.089,1.06995,1.07,1.00,8.50
2008.07.25 09:06:32.321,1.0699,1.07,10.20,7.40
2008.07.25 09:06:32.581,1.06995,1.07,3.20,7.40
2008.07.25 09:06:32.814,1.07,1.07005,5.20,2.80
2008.07.25 09:06:33.120,1.07,1.0701,5.90,11.60
2008.07.25 09:06:33.419,1.07,1.0701,6.00,11.60
2008.07.25 09:06:33.720,1.07005,1.0701,1.00,5.40
2008.07.25 09:06:34.020,1.0701,1.0702,4.10,11.60
2008.07.25 09:06:34.212,1.0701,1.0702,4.30,11.60
2008.07.25 09:06:34.358,1.0701,1.0702,5.40,11.60
2008.07.25 09:06:34.508,1.0701,1.0702,6.00,11.60
2008.07.25 09:06:35.471,1.0701,1.0702,9.30,11.60
2008.07.25 09:06:39.786,1.0701,1.0702,5.10,11.60
2008.07.25 09:06:39.882,1.0701,1.0702,4.90,11.60
2008.07.25 09:06:39.943,1.0701,1.0702,1.70,11.60
2008.07.25 09:06:40.006,1.0701,1.07015,1.70,1.00
2008.07.25 09:06:40.058,1.0701,1.07015,1.80,1.00
2008.07.25 09:06:40.177,1.0701,1.07015,1.70,1.00
2008.07.25 09:06:40.517,1.07005,1.0701,4.10,1.00
2008.07.25 09:06:40.869,1.0701,1.07015,1.70,19.00
2008.07.25 09:06:41.310,1.07005,1.07015,4.30,11.60
2008.07.25 09:06:41.682,1.0701,1.0702,1.80,11.60
2008.07.25 09:06:41.969,1.0701,1.0702,1.80,9.50
2008.07.25 09:06:42.255,1.0701,1.07015,1.80,1.00
2008.07.25 09:06:42.540,1.0701,1.0702,5.10,11.60
2008.07.25 09:06:42.819,1.0701,1.0702,9.30,9.50
2008.07.25 09:06:43.642,1.07005,1.0701,7.50,6.40
2008.07.25 09:06:43.820,1.0701,1.07015,1.70,18.00
2008.07.25 09:06:44.027,1.0701,1.07015,1.70,11.60
2008.07.25 09:06:44.199,1.0701,1.07015,1.80,6.40
2008.07.25 09:06:44.404,1.07015,1.0702,1.00,17.50
2008.07.25 09:06:44.597,1.07015,1.0702,1.00,30.00
2008.07.25 09:06:44.777,1.07005,1.0701,7.00,10.80
2008.07.25 09:06:45.009,1.0701,1.0702,5.10,9.50
2008.07.25 09:06:45.227,1.07015,1.0702,1.00,9.50
2008.07.25 09:06:46.610,1.0701,1.0702,9.30,9.50
2008.07.25 09:06:46.917,1.0701,1.07015,5.10,1.00
2008.07.25 09:06:47.196,1.0701,1.0702,1.80,9.50
2008.07.25 09:06:47.473,1.0701,1.0702,6.00,9.50
2008.07.25 09:06:48.307,1.0701,1.0702,9.30,9.50
2008.07.25 09:06:49.854,1.07015,1.0702,1.00,9.50
2008.07.25 09:06:50.108,1.0702,1.07025,1.70,12.00
2008.07.25 09:06:50.442,1.0701,1.07015,9.30,1.80
2008.07.25 09:06:50.777,1.0701,1.07015,6.00,3.10
2008.07.25 09:06:51.140,1.07015,1.0702,1.00,9.50
2008.07.25 09:06:51.438,1.07015,1.07025,2.10,10.50
2008.07.25 09:06:51.740,1.0702,1.07025,1.70,7.30
2008.07.25 09:06:52.578,1.07025,1.0703,1.00,11.00
2008.07.25 09:06:52.857,1.07025,1.0703,1.00,11.60
2008.07.25 09:06:53.134,1.07025,1.0703,1.00,9.50
2008.07.25 09:06:53.278,1.07025,1.0703,1.00,11.60
2008.07.25 09:06:53.653,1.0702,1.0703,5.90,11.60
2008.07.25 09:06:54.305,1.0702,1.07025,5.90,1.00
2008.07.25 09:06:54.692,1.0702,1.07025,1.70,1.00
2008.07.25 09:06:54.834,1.0702,1.0703,1.70,11.60
2008.07.25 09:06:55.264,1.0702,1.0703,5.90,11.60
2008.07.25 09:06:58.395,1.0702,1.07025,5.90,1.00
2008.07.25 09:06:59.188,1.0702,1.07025,5.90,3.10
2008.07.25 09:07:02.791,1.0702,1.07025,5.90,2.00
2008.07.25 09:07:03.034,1.0702,1.07025,1.70,10.50
2008.07.25 09:07:03.490,1.0702,1.07025,1.70,8.50
2008.07.25 09:07:03.983,1.0702,1.07025,1.60,8.50
2008.07.25 09:07:04.763,1.0702,1.07025,1.60,9.50
2008.07.25 09:07:04.933,1.0702,1.07025,1.60,4.10
2008.07.25 09:07:05.251,1.0702,1.07025,1.60,3.10
2008.07.25 09:07:06.384,1.0702,1.07025,5.80,3.10
2008.07.25 09:07:07.129,1.0702,1.07025,1.60,4.10
2008.07.25 09:07:07.382,1.0702,1.07025,1.60,6.20
2008.07.25 09:07:08.964,1.0702,1.07025,1.60,4.10
2008.07.25 09:07:09.465,1.0702,1.07025,1.60,3.10
2008.07.25 09:07:09.926,1.0702,1.07025,1.70,3.10
2008.07.25 09:07:10.410,1.0702,1.07025,5.90,3.10
2008.07.25 09:07:12.540,1.0702,1.07025,5.80,3.10
2008.07.25 09:07:13.280,1.0702,1.0703,5.80,11.60
2008.07.25 09:07:15.491,1.0702,1.07025,1.60,1.00
2008.07.25 09:07:15.811,1.0702,1.07025,1.60,9.60
2008.07.25 09:07:16.131,1.0701,1.0702,9.10,3.10
2008.07.25 09:07:16.398,1.0701,1.0702,9.10,8.50
2008.07.25 09:07:16.667,1.0701,1.0702,9.10,6.40
2008.07.25 09:07:16.978,1.0701,1.0702,10.20,4.10
2008.07.25 09:07:17.524,1.07015,1.0702,1.00,4.10
2008.07.25 09:07:17.880,1.0702,1.07025,1.60,12.00
2008.07.25 09:07:18.069,1.07015,1.0702,1.00,4.10
2008.07.25 09:07:18.374,1.0701,1.0702,9.10,11.60
2008.07.25 09:07:19.877,1.0701,1.0702,9.10,9.50
2008.07.25 09:07:20.531,1.0701,1.07015,5.90,1.00
2008.07.25 09:07:20.813,1.07005,1.0701,11.00,1.00
2008.07.25 09:07:21.330,1.07,1.0701,4.90,6.40
2008.07.25 09:07:21.897,1.07,1.0701,1.70,9.50
2008.07.25 09:07:23.369,1.07005,1.0701,1.00,9.50
2008.07.25 09:07:23.897,1.07005,1.0701,1.00,11.60
2008.07.25 09:07:27.486,1.0701,1.07015,1.60,22.80
2008.07.25 09:07:27.918,1.07005,1.0701,1.00,11.60
2008.07.25 09:07:29.994,1.07,1.0701,9.00,11.60
2008.07.25 09:07:33.804,1.07,1.0701,9.10,11.60
2008.07.25 09:07:34.004,1.07005,1.0701,1.00,11.60
2008.07.25 09:07:34.110,1.07005,1.0701,1.00,9.50
2008.07.25 09:07:34.513,1.07005,1.0701,1.00,6.40
2008.07.25 09:07:39.194,1.07005,1.0701,1.00,9.50
2008.07.25 09:07:39.389,1.07005,1.0701,1.00,4.10
2008.07.25 09:07:39.485,1.07005,1.0701,1.00,1.00
2008.07.25 09:07:39.581,1.07005,1.07015,1.00,11.60
2008.07.25 09:07:39.675,1.0701,1.07015,1.00,11.60
2008.07.25 09:07:39.766,1.0701,1.07015,1.00,6.20
2008.07.25 09:07:39.868,1.0701,1.07015,1.00,5.10
2008.07.25 09:07:40.023,1.0701,1.07015,1.00,2.00
2008.07.25 09:07:40.176,1.0701,1.0702,1.00,11.60
2008.07.25 09:07:40.392,1.0701,1.0702,5.80,11.60
2008.07.25 09:07:44.331,1.0701,1.0702,1.60,11.60
2008.07.25 09:07:44.474,1.0701,1.07015,1.60,4.10
2008.07.25 09:07:44.659,1.07005,1.07015,1.00,4.10
2008.07.25 09:07:44.819,1.07005,1.07015,2.10,5.10
2008.07.25 09:07:45.111,1.0701,1.07015,1.60,5.10
2008.07.25 09:07:45.455,1.0701,1.07015,1.60,3.10
2008.07.25 09:07:45.611,1.0701,1.07015,5.80,3.10
2008.07.25 09:07:51.862,1.0701,1.07015,5.80,4.10
2008.07.25 09:07:52.112,1.0701,1.07015,5.80,3.10
2008.07.25 09:07:52.600,1.0701,1.07015,5.80,6.20
2008.07.25 09:07:55.470,1.07005,1.0701,8.60,1.00
2008.07.25 09:07:55.669,1.07,1.0701,7.20,6.40
2008.07.25 09:07:55.829,1.07,1.0701,7.20,8.50
2008.07.25 09:07:55.969,1.07005,1.0701,1.00,8.50
2008.07.25 09:07:56.392,1.07,1.0701,9.10,8.50
2008.07.25 09:07:57.127,1.07,1.0701,9.00,8.50
2008.07.25 09:07:57.477,1.07,1.0701,9.00,11.60
2008.07.25 09:07:57.628,1.07,1.0701,9.10,11.60
2008.07.25 09:08:00.767,1.07,1.0701,9.00,11.60
2008.07.25 09:08:01.217,1.07,1.0701,5.80,11.60
2008.07.25 09:08:09.965,1.07,1.07005,5.80,2.00
2008.07.25 09:08:10.407,1.07,1.0701,5.80,11.60
2008.07.25 09:08:25.194,1.07,1.0701,5.90,11.60
2008.07.25 09:08:28.950,1.07,1.0701,7.00,11.60
2008.07.25 09:08:29.325,1.07,1.0701,7.00,6.20
2008.07.25 09:08:29.829,1.07,1.0701,7.00,4.10
2008.07.25 09:08:30.057,1.07,1.0701,7.00,3.10
2008.07.25 09:08:30.319,1.07,1.07015,10.20,11.60
2008.07.25 09:08:32.071,1.07,1.0701,10.20,2.00
2008.07.25 09:08:32.323,1.07,1.07015,10.20,11.60
2008.07.25 09:08:32.570,1.07,1.0701,10.20,1.00
2008.07.25 09:08:34.281,1.07,1.0701,10.10,3.10
2008.07.25 09:08:34.580,1.07,1.0701,10.20,1.00
2008.07.25 09:08:35.351,1.07005,1.07015,1.00,5.10
2008.07.25 09:08:35.541,1.07005,1.0702,6.00,11.60
2008.07.25 09:08:35.730,1.0701,1.0702,5.80,11.60
2008.07.25 09:08:41.128,1.0701,1.07015,1.60,1.00
2008.07.25 09:08:41.301,1.0701,1.07015,1.60,6.20
2008.07.25 09:08:41.775,1.07,1.0701,9.10,1.00
2008.07.25 09:08:42.411,1.07,1.0701,5.90,6.20
2008.07.25 09:08:42.649,1.07,1.0701,7.00,6.20
2008.07.25 09:08:42.895,1.07,1.0701,7.00,4.10
2008.07.25 09:08:43.367,1.07,1.0701,5.90,4.10
2008.07.25 09:08:43.827,1.07,1.0701,5.90,11.60
2008.07.25 09:08:44.310,1.07,1.0701,7.00,11.60
2008.07.25 09:08:44.459,1.07,1.0701,7.00,6.20
2008.07.25 09:08:44.607,1.07,1.0701,7.00,4.10
2008.07.25 09:08:45.147,1.07,1.0701,10.20,1.00
2008.07.25 09:08:45.278,1.07,1.0701,9.10,1.00
2008.07.25 09:08:45.746,1.07,1.0701,9.10,6.40
2008.07.25 09:08:45.875,1.07,1.0701,9.10,8.50
2008.07.25 09:08:47.537,1.07,1.0701,5.90,11.60
2008.07.25 09:08:50.717,1.07,1.0701,5.80,11.60
2008.07.25 09:08:55.345,1.07,1.07005,1.60,11.20
2008.07.25 09:08:55.687,1.06995,1.07,1.00,6.40
2008.07.25 09:08:55.865,1.0699,1.07,9.00,8.50
2008.07.25 09:08:56.038,1.07,1.07005,4.10,9.10
2008.07.25 09:08:56.441,1.07,1.07005,1.60,18.10
2008.07.25 09:08:56.609,1.06995,1.07,1.70,9.50
2008.07.25 09:08:56.967,1.06995,1.07,1.00,9.50
2008.07.25 09:08:57.328,1.0699,1.07,5.80,11.60
2008.07.25 09:09:00.557,1.0699,1.07,6.80,6.20
2008.07.25 09:09:03.124,1.0699,1.07,5.80,6.20
2008.07.25 09:09:03.698,1.0699,1.07,5.80,11.60
2008.07.25 09:09:06.504,1.06985,1.0699,11.00,1.00
2008.07.25 09:09:06.783,1.0699,1.06995,1.60,15.20
2008.07.25 09:09:07.306,1.0698,1.0699,4.90,8.50
2008.07.25 09:09:07.613,1.0698,1.0699,1.70,11.60
2008.07.25 09:09:07.924,1.0698,1.06985,1.60,2.00
2008.07.25 09:09:08.236,1.0698,1.06985,1.60,3.30
2008.07.25 09:09:09.662,1.0697,1.0698,10.20,1.00
2008.07.25 09:09:10.284,1.0698,1.06985,1.60,5.60
2008.07.25 09:09:11.970,1.0698,1.06985,1.60,12.00
2008.07.25 09:09:12.302,1.0697,1.0698,9.10,4.10
2008.07.25 09:09:12.843,1.0697,1.0698,5.80,6.20
2008.07.25 09:09:13.234,1.0697,1.0698,5.80,11.60
2008.07.25 09:09:14.682,1.0697,1.0698,1.60,11.60
2008.07.25 09:09:14.813,1.0697,1.06975,1.60,3.10
2008.07.25 09:09:15.521,1.0697,1.06975,1.60,2.00
2008.07.25 09:09:15.718,1.0697,1.0698,1.60,11.60
2008.07.25 09:09:16.325,1.0697,1.06975,1.60,2.00
2008.07.25 09:09:16.524,1.0697,1.0698,1.60,6.20
2008.07.25 09:09:16.881,1.0697,1.0698,2.70,6.20
2008.07.25 09:09:17.581,1.0697,1.0698,1.70,4.10
2008.07.25 09:09:17.799,1.0697,1.0698,1.60,6.20
2008.07.25 09:09:18.020,1.0697,1.0698,2.70,6.20
2008.07.25 09:09:18.240,1.0697,1.0698,5.90,3.10
2008.07.25 09:09:18.670,1.0697,1.0698,10.20,1.00
2008.07.25 09:09:19.020,1.0698,1.06985,1.60,9.60
2008.07.25 09:09:19.490,1.0698,1.06985,1.60,11.60
2008.07.25 09:09:19.649,1.0698,1.06985,1.60,9.50
2008.07.25 09:09:19.873,1.0698,1.06985,1.60,8.50
2008.07.25 09:09:20.488,1.0698,1.06985,1.60,3.10
2008.07.25 09:09:20.710,1.0698,1.06985,1.70,3.10
2008.07.25 09:09:21.060,1.0698,1.0699,1.70,11.60
2008.07.25 09:09:21.162,1.0698,1.0699,5.90,11.60
2008.07.25 09:09:21.478,1.0698,1.0699,4.90,8.50
2008.07.25 09:09:21.577,1.0698,1.0699,1.70,11.60
2008.07.25 09:09:21.679,1.0698,1.06985,1.60,2.00
2008.07.25 09:09:22.769,1.06985,1.0699,1.00,9.50
2008.07.25 09:09:22.979,1.0698,1.0699,5.90,9.50
2008.07.25 09:09:23.221,1.0698,1.0699,5.80,11.60
2008.07.25 09:09:23.430,1.0698,1.0699,5.90,11.60
2008.07.25 09:09:25.254,1.0698,1.0699,7.00,11.60
2008.07.25 09:09:25.338,1.0698,1.0699,10.20,8.50
2008.07.25 09:09:25.429,1.0698,1.0699,10.20,3.10
2008.07.25 09:09:26.048,1.06985,1.0699,4.30,2.00
2008.07.25 09:09:26.251,1.06985,1.0699,5.90,2.00
2008.07.25 09:09:26.370,1.06985,1.07,6.00,11.60
2008.07.25 09:09:26.568,1.0699,1.07,4.10,11.60
2008.07.25 09:09:26.676,1.0699,1.07,5.80,11.60
2008.07.25 09:09:28.128,1.06985,1.0699,11.00,1.00
2008.07.25 09:09:28.416,1.06985,1.06995,1.70,1.00
2008.07.25 09:09:28.625,1.0699,1.06995,1.60,4.10
2008.07.25 09:09:28.778,1.0699,1.06995,1.60,7.00
2008.07.25 09:09:28.926,1.0698,1.0699,10.20,3.10
2008.07.25 09:09:29.717,1.06985,1.0699,1.00,2.00
2008.07.25 09:09:30.109,1.06985,1.0699,4.30,2.00
2008.07.25 09:09:30.564,1.0699,1.06995,1.60,3.60
2008.07.25 09:09:30.909,1.0698,1.0699,6.00,2.00
2008.07.25 09:09:31.068,1.0698,1.0699,6.00,3.10
2008.07.25 09:09:31.947,1.0698,1.0699,4.90,3.10
2008.07.25 09:09:32.323,1.0698,1.06985,1.60,1.00
2008.07.25 09:09:32.676,1.06975,1.06985,2.70,4.10
2008.07.25 09:09:32.895,1.06975,1.06985,1.00,4.10
2008.07.25 09:09:33.725,1.0697,1.0698,5.90,2.00
2008.07.25 09:09:34.817,1.0697,1.0698,5.90,3.10
2008.07.25 09:09:39.195,1.0697,1.0698,5.90,2.00
2008.07.25 09:09:39.232,1.0697,1.0698,8.60,2.00
2008.07.25 09:09:39.422,1.0698,1.06985,1.00,6.00
2008.07.25 09:09:39.920,1.0697,1.0698,4.60,3.10
2008.07.25 09:09:40.055,1.0697,1.0698,5.90,3.10
2008.07.25 09:09:46.851,1.0697,1.0698,5.90,2.00
2008.07.25 09:09:49.721,1.0697,1.0698,5.90,3.10
2008.07.25 09:09:51.823,1.06975,1.0698,2.70,2.00
2008.07.25 09:09:52.172,1.0698,1.06985,1.60,2.80
2008.07.25 09:09:52.520,1.0698,1.0699,1.60,11.60
2008.07.25 09:09:55.490,1.0698,1.06985,1.60,1.00
2008.07.25 09:09:55.569,1.06975,1.06985,4.90,1.00
2008.07.25 09:09:55.711,1.06975,1.0698,4.90,5.40
2008.07.25 09:09:55.875,1.0697,1.0698,4.90,8.50
2008.07.25 09:09:56.036,1.0697,1.0698,4.80,8.50
2008.07.25 09:09:56.698,1.0697,1.0698,1.60,11.60
2008.07.25 09:09:57.851,1.0697,1.0698,5.80,11.60
2008.07.25 09:10:01.300,1.06975,1.0698,1.00,10.50
2008.07.25 09:10:01.409,1.0698,1.06985,4.10,7.50
2008.07.25 09:10:01.524,1.0698,1.0699,4.10,11.60
2008.07.25 09:10:01.719,1.0698,1.0699,5.80,11.60
2008.07.25 09:10:12.319,1.0698,1.06985,1.60,1.00
2008.07.25 09:10:12.728,1.06975,1.0698,4.00,2.00
2008.07.25 09:10:12.846,1.0697,1.0698,10.10,2.00
2008.07.25 09:10:14.786,1.0697,1.0698,9.00,3.10
2008.07.25 09:10:15.174,1.0697,1.0698,9.00,8.50
2008.07.25 09:10:17.346,1.0697,1.0698,5.80,11.60
2008.07.25 09:10:20.959,1.06975,1.0698,1.00,11.60
2008.07.25 09:10:21.138,1.0697,1.0698,5.80,11.60
2008.07.25 09:10:21.460,1.0697,1.0698,9.00,8.50
2008.07.25 09:10:22.598,1.0697,1.0698,5.80,11.60
2008.07.25 09:10:24.184,1.0697,1.0698,6.80,11.60
2008.07.25 09:10:24.558,1.0697,1.0698,10.10,3.10
2008.07.25 09:10:24.763,1.0697,1.0698,9.00,3.10
2008.07.25 09:10:24.971,1.0697,1.0698,5.80,6.20
2008.07.25 09:10:25.184,1.0697,1.0698,5.80,11.60
2008.07.25 09:10:29.178,1.06965,1.0697,1.70,6.40
2008.07.25 09:10:29.507,1.0697,1.06975,1.60,8.50
2008.07.25 09:10:29.793,1.0697,1.06975,1.60,3.10
2008.07.25 09:10:29.994,1.0697,1.0698,1.60,9.40
2008.07.25 09:10:30.112,1.0697,1.0698,1.60,6.20
2008.07.25 09:10:32.065,1.0697,1.0698,5.90,3.10
2008.07.25 09:10:32.908,1.0697,1.0698,10.10,3.10
2008.07.25 09:10:33.215,1.0697,1.0698,10.20,3.10
2008.07.25 09:10:33.765,1.0697,1.0698,10.10,3.10
2008.07.25 09:10:35.319,1.0697,1.0698,9.00,3.10
2008.07.25 09:10:35.723,1.0697,1.0698,5.80,6.20
2008.07.25 09:10:35.963,1.0697,1.0698,5.80,11.60
2008.07.25 09:10:36.210,1.0697,1.0698,1.60,12.10
2008.07.25 09:10:36.457,1.0697,1.06975,1.60,2.00
2008.07.25 09:10:37.278,1.06965,1.0697,1.70,1.00
2008.07.25 09:10:37.629,1.0696,1.0697,9.10,1.00
2008.07.25 09:10:37.938,1.0696,1.0697,5.90,9.50
2008.07.25 09:10:38.222,1.0696,1.0697,5.80,11.60
2008.07.25 09:10:40.799,1.0696,1.0697,1.60,11.60
2008.07.25 09:10:41.179,1.0696,1.06965,1.60,3.10
2008.07.25 09:10:41.291,1.0696,1.06965,1.60,1.00
2008.07.25 09:10:41.523,1.0696,1.06965,1.60,4.10
2008.07.25 09:10:41.920,1.0696,1.06965,1.60,6.20
2008.07.25 09:10:44.499,1.0696,1.06965,1.60,5.10
2008.07.25 09:10:44.589,1.0696,1.06965,1.60,3.10
2008.07.25 09:10:44.678,1.0696,1.0697,1.60,11.60
2008.07.25 09:10:44.783,1.06955,1.0696,4.00,1.00
2008.07.25 09:10:45.029,1.0696,1.06965,1.60,3.60
2008.07.25 09:10:45.197,1.0696,1.06965,1.70,1.00
2008.07.25 09:10:45.368,1.0696,1.0697,1.70,9.50
2008.07.25 09:10:45.999,1.0696,1.06965,1.60,2.00
2008.07.25 09:10:46.987,1.06965,1.0697,1.00,9.90
2008.07.25 09:10:47.780,1.06965,1.0697,1.00,11.60
2008.07.25 09:10:48.408,1.0696,1.0697,9.00,11.60
2008.07.25 09:10:50.408,1.06955,1.0696,14.20,1.00
2008.07.25 09:10:50.495,1.06955,1.0696,7.20,1.00
2008.07.25 09:10:50.585,1.0696,1.06965,1.60,3.80
2008.07.25 09:10:50.663,1.0696,1.06965,1.60,8.00
2008.07.25 09:10:50.859,1.06955,1.0696,1.00,5.20
2008.07.25 09:10:50.931,1.0695,1.06955,3.70,1.80
2008.07.25 09:10:51.366,1.0695,1.06955,1.70,15.90
2008.07.25 09:10:51.651,1.0695,1.06955,1.60,24.00
2008.07.25 09:10:51.943,1.0694,1.06945,1.60,3.30
2008.07.25 09:10:52.956,1.0694,1.06945,1.60,6.20
2008.07.25 09:10:53.478,1.0694,1.06945,2.70,2.00
2008.07.25 09:10:53.848,1.0694,1.0695,6.80,11.60
2008.07.25 09:10:54.200,1.0694,1.0695,5.80,11.60
2008.07.25 09:10:59.058,1.0694,1.0695,10.10,2.00
2008.07.25 09:10:59.356,1.0694,1.06955,10.20,11.60
2008.07.25 09:10:59.649,1.0695,1.06955,1.60,11.60
2008.07.25 09:11:00.096,1.0695,1.06955,1.60,10.50
2008.07.25 09:11:00.228,1.0695,1.06955,1.60,5.10
2008.07.25 09:11:00.355,1.0695,1.0696,1.70,11.60
2008.07.25 09:11:00.475,1.0695,1.06955,5.80,2.00
2008.07.25 09:11:00.593,1.0695,1.0696,5.90,11.60
2008.07.25 09:11:03.520,1.0695,1.0696,1.70,11.60
2008.07.25 09:11:03.683,1.0695,1.0696,1.60,11.60
2008.07.25 09:11:03.953,1.0695,1.06955,1.60,2.00
2008.07.25 09:11:04.103,1.0695,1.0696,1.70,11.60
2008.07.25 09:11:04.293,1.0695,1.06955,1.60,2.00
2008.07.25 09:11:04.857,1.0695,1.06955,1.60,3.10
2008.07.25 09:11:08.789,1.0695,1.06955,1.60,2.00
2008.07.25 09:11:09.087,1.0695,1.0696,7.00,6.20
2008.07.25 09:11:09.397,1.0696,1.06965,1.60,12.00
2008.07.25 09:11:09.516,1.0696,1.06965,1.60,11.00
2008.07.25 09:11:09.714,1.0696,1.06965,1.60,11.60
2008.07.25 09:11:09.868,1.0696,1.06965,1.60,10.50
2008.07.25 09:11:10.082,1.0696,1.0697,1.60,11.60
2008.07.25 09:11:10.683,1.0696,1.0697,5.80,11.60
2008.07.25 09:11:14.106,1.0696,1.0697,5.80,14.30
2008.07.25 09:11:14.448,1.0696,1.06965,1.00,18.10
2008.07.25 09:11:14.712,1.06955,1.0696,3.20,8.50
2008.07.25 09:11:15.034,1.0695,1.0696,9.10,8.50
2008.07.25 09:11:15.551,1.0695,1.0696,10.20,7.40
2008.07.25 09:11:15.790,1.0695,1.0696,10.20,5.40
2008.07.25 09:11:15.906,1.0695,1.06965,10.20,11.60
2008.07.25 09:11:16.573,1.0696,1.06965,1.60,10.50
2008.07.25 09:11:16.680,1.0696,1.06965,1.60,6.20
2008.07.25 09:11:16.965,1.0696,1.06965,1.60,2.10
2008.07.25 09:11:17.242,1.0696,1.06965,1.60,7.30
2008.07.25 09:11:17.533,1.06955,1.0696,3.20,3.10
2008.07.25 09:11:17.801,1.06955,1.0696,3.20,8.50
2008.07.25 09:11:18.041,1.0695,1.0696,9.10,3.10
2008.07.25 09:11:18.282,1.06955,1.0696,1.00,2.00
2008.07.25 09:11:18.521,1.06955,1.0696,2.70,2.00
2008.07.25 09:11:18.792,1.0696,1.06965,1.60,3.10
2008.07.25 09:11:19.080,1.0696,1.06965,5.80,3.10
2008.07.25 09:11:20.414,1.0696,1.06965,5.80,4.10
2008.07.25 09:11:20.498,1.0696,1.06965,1.60,4.10
2008.07.25 09:11:20.933,1.0696,1.06965,1.60,6.20
2008.07.25 09:11:21.051,1.0696,1.06965,1.60,4.10
2008.07.25 09:11:21.278,1.0696,1.06965,1.60,6.20
2008.07.25 09:11:22.100,1.0696,1.06965,1.60,5.10
2008.07.25 09:11:22.672,1.0696,1.06965,1.60,3.10
2008.07.25 09:11:22.995,1.0696,1.06965,5.80,3.10
2008.07.25 09:11:26.012,1.0696,1.0697,5.80,11.60
2008.07.25 09:11:32.938,1.0696,1.0697,6.80,11.60
2008.07.25 09:11:33.211,1.0696,1.0697,6.80,6.20
2008.07.25 09:11:33.448,1.06965,1.0697,1.00,4.10
2008.07.25 09:11:34.162,1.0696,1.0697,7.00,4.10
2008.07.25 09:11:35.026,1.0696,1.0697,10.20,4.10
2008.07.25 09:11:35.178,1.0696,1.0697,9.10,1.00
2008.07.25 09:11:35.626,1.0696,1.0697,9.00,8.50
2008.07.25 09:11:35.852,1.0696,1.0697,5.80,11.60
2008.07.25 09:11:36.780,1.0696,1.0697,6.80,11.60
2008.07.25 09:11:37.240,1.0696,1.06975,10.20,11.60
2008.07.25 09:11:38.536,1.0696,1.0697,10.10,2.00
2008.07.25 09:11:38.876,1.0696,1.06975,10.20,11.60
2008.07.25 09:11:39.536,1.0697,1.06975,1.60,6.20
2008.07.25 09:11:39.878,1.0697,1.06975,1.60,3.10
2008.07.25 09:11:40.244,1.0697,1.06975,5.80,3.10
2008.07.25 09:11:42.835,1.0697,1.0698,5.80,11.60
2008.07.25 09:11:46.786,1.0697,1.0698,1.60,6.20
2008.07.25 09:11:46.957,1.0697,1.0698,4.80,3.10
2008.07.25 09:11:47.123,1.0697,1.06975,4.80,2.00
2008.07.25 09:11:47.577,1.0697,1.0698,5.90,3.10
2008.07.25 09:11:47.810,1.0697,1.0698,5.90,2.00
2008.07.25 09:11:48.045,1.0697,1.06985,10.20,11.60
2008.07.25 09:11:48.746,1.06975,1.0699,6.00,11.60
2008.07.25 09:11:49.103,1.0698,1.0699,5.80,11.60
2008.07.25 09:11:51.641,1.0698,1.0699,1.70,6.20
2008.07.25 09:11:52.609,1.0698,1.0699,1.70,4.10
2008.07.25 09:11:54.897,1.0698,1.0699,1.60,6.20
2008.07.25 09:11:56.292,1.0698,1.0699,2.70,6.20
2008.07.25 09:11:56.636,1.0698,1.0699,2.80,6.20
2008.07.25 09:11:56.912,1.0698,1.0699,7.00,6.20
2008.07.25 09:11:57.063,1.0698,1.0699,9.10,1.00
2008.07.25 09:11:57.165,1.0698,1.0699,9.10,3.10
2008.07.25 09:11:57.561,1.0698,1.0699,9.10,8.50
2008.07.25 09:11:57.893,1.0698,1.06985,4.80,2.00
2008.07.25 09:11:58.224,1.0698,1.06985,1.60,7.30
2008.07.25 09:11:58.551,1.0698,1.06985,1.60,21.40
2008.07.25 09:11:58.883,1.0697,1.06975,1.60,2.80
2008.07.25 09:12:01.189,1.0697,1.06975,1.60,3.10
2008.07.25 09:12:04.643,1.0697,1.0698,1.60,11.60
2008.07.25 09:12:05.009,1.0697,1.0698,5.80,11.60
2008.07.25 09:12:07.185,1.0697,1.0698,5.90,11.60
2008.07.25 09:12:07.477,1.0697,1.0698,5.80,11.60
2008.07.25 09:12:11.040,1.0697,1.06975,1.60,2.00
2008.07.25 09:12:11.858,1.0697,1.06975,5.80,2.00
2008.07.25 09:12:12.047,1.0697,1.0698,5.80,11.60
2008.07.25 09:12:14.467,1.0697,1.0698,6.80,10.50
2008.07.25 09:12:14.581,1.0697,1.0698,6.80,5.10
2008.07.25 09:12:14.704,1.0697,1.0698,10.10,2.00
2008.07.25 09:12:14.827,1.06975,1.06985,2.70,5.10
2008.07.25 09:12:15.042,1.0698,1.06985,1.00,2.00
2008.07.25 09:12:15.287,1.0698,1.0699,4.30,1.00
2008.07.25 09:12:15.586,1.0698,1.0699,6.00,1.00
2008.07.25 09:12:15.796,1.0698,1.0699,10.20,1.00
2008.07.25 09:12:16.042,1.0699,1.06995,1.60,9.60
2008.07.25 09:12:16.456,1.0698,1.0699,4.90,1.00
2008.07.25 09:12:16.807,1.0698,1.0699,4.80,3.10
2008.07.25 09:12:16.987,1.0698,1.0699,5.90,3.10
2008.07.25 09:12:17.355,1.0698,1.0699,6.00,1.00
2008.07.25 09:12:17.549,1.0698,1.0699,10.20,1.00
2008.07.25 09:12:18.064,1.0698,1.0699,4.90,1.00
2008.07.25 09:12:18.545,1.0698,1.0699,4.90,3.10
2008.07.25 09:12:19.538,1.0698,1.0699,5.90,4.10
2008.07.25 09:12:19.814,1.0698,1.0699,5.90,6.20
2008.07.25 09:12:19.936,1.0698,1.0699,5.90,11.60
2008.07.25 09:12:20.054,1.0698,1.0699,1.70,11.60
2008.07.25 09:12:20.275,1.0698,1.06985,1.60,2.00
2008.07.25 09:12:20.675,1.0698,1.0699,1.60,11.60
2008.07.25 09:12:20.846,1.0698,1.06985,1.60,3.10
2008.07.25 09:12:21.196,1.0698,1.0699,1.70,11.60
2008.07.25 09:12:21.674,1.0698,1.0699,5.90,11.60
2008.07.25 09:12:22.106,1.0698,1.0699,1.70,11.60
2008.07.25 09:12:22.257,1.0698,1.06985,1.60,1.00
2008.07.25 09:12:22.396,1.0698,1.06985,1.60,3.10
2008.07.25 09:12:23.075,1.0698,1.0699,1.70,11.60
2008.07.25 09:12:23.497,1.0698,1.0699,5.90,11.60
2008.07.25 09:12:24.059,1.0698,1.06985,1.70,1.00
2008.07.25 09:12:24.419,1.0698,1.0699,1.60,11.60
2008.07.25 09:12:24.831,1.0698,1.06985,1.60,1.00
2008.07.25 09:12:24.987,1.0698,1.06985,1.60,3.60
2008.07.25 09:12:28.706,1.0698,1.06985,1.60,6.20
2008.07.25 09:12:29.007,1.0698,1.06985,1.60,5.10
2008.07.25 09:12:29.309,1.0698,1.06985,5.80,3.10
2008.07.25 09:12:33.133,1.0698,1.06985,1.60,3.10
2008.07.25 09:12:33.364,1.0698,1.06985,1.60,5.10
2008.07.25 09:12:34.392,1.0698,1.06985,5.90,3.10
2008.07.25 09:12:34.882,1.0698,1.06985,1.70,3.10
2008.07.25 09:12:36.201,1.0698,1.06985,5.90,3.10
2008.07.25 09:12:40.812,1.0698,1.06985,1.70,3.10
2008.07.25 09:12:41.257,1.0698,1.06985,2.80,3.10
2008.07.25 09:12:42.099,1.0698,1.06985,1.70,3.10
2008.07.25 09:12:43.210,1.0698,1.06985,2.80,3.10
2008.07.25 09:12:43.495,1.0699,1.06995,1.60,8.00
2008.07.25 09:12:44.069,1.0698,1.0699,1.70,4.10
2008.07.25 09:12:44.386,1.0698,1.06985,1.60,2.00
2008.07.25 09:12:45.239,1.0698,1.0699,1.70,11.60
2008.07.25 09:12:45.582,1.0698,1.06985,1.60,2.00
2008.07.25 09:12:52.019,1.06975,1.0698,3.20,1.00
2008.07.25 09:12:52.367,1.0697,1.0698,9.00,3.10
2008.07.25 09:12:52.840,1.0697,1.0698,9.00,8.50
2008.07.25 09:12:56.175,1.0698,1.06985,4.10,11.00
2008.07.25 09:12:56.648,1.0698,1.0699,5.90,11.60
2008.07.25 09:12:57.980,1.0698,1.0699,1.70,11.60
2008.07.25 09:12:58.246,1.0698,1.06985,1.60,2.00
2008.07.25 09:13:03.887,1.0698,1.0699,1.70,11.60
2008.07.25 09:13:04.186,1.0698,1.0699,5.90,11.60
2008.07.25 09:13:05.714,1.0699,1.06995,4.10,9.40
2008.07.25 09:13:05.842,1.0699,1.06995,4.10,7.50
2008.07.25 09:13:06.100,1.0699,1.06995,4.10,2.80
2008.07.25 09:13:06.403,1.0699,1.07,4.10,11.60
2008.07.25 09:13:06.485,1.0699,1.06995,5.80,1.00
2008.07.25 09:13:06.625,1.0699,1.06995,1.60,4.10
2008.07.25 09:13:06.764,1.0699,1.06995,1.60,6.20
2008.07.25 09:13:08.865,1.0698,1.0699,7.20,1.00
2008.07.25 09:13:09.446,1.06985,1.06995,1.00,5.10
2008.07.25 09:13:09.792,1.0699,1.06995,1.60,2.00
2008.07.25 09:13:10.090,1.0699,1.07,5.80,11.60
2008.07.25 09:13:13.191,1.0699,1.07,5.80,6.20
2008.07.25 09:13:13.357,1.0699,1.07,6.80,6.20
2008.07.25 09:13:13.490,1.0699,1.07,10.10,3.10
2008.07.25 09:13:13.616,1.0699,1.07,9.00,3.10
2008.07.25 09:13:13.953,1.0699,1.07,9.00,8.50
2008.07.25 09:13:14.316,1.06985,1.0699,11.00,1.00
2008.07.25 09:13:14.577,1.06985,1.0699,1.70,6.40
2008.07.25 09:13:14.844,1.06985,1.0699,14.60,2.00
2008.07.25 09:13:15.117,1.0699,1.06995,4.80,2.00
2008.07.25 09:13:15.374,1.0699,1.07,4.80,3.10
2008.07.25 09:13:15.671,1.0699,1.07,1.60,8.90
2008.07.25 09:13:15.962,1.0699,1.07,1.60,14.30
2008.07.25 09:13:16.112,1.0699,1.07,1.60,11.60
2008.07.25 09:13:16.554,1.0699,1.06995,1.60,2.00
2008.07.25 09:13:16.728,1.0699,1.07,1.60,11.60
2008.07.25 09:13:16.893,1.0699,1.07,1.60,6.20
2008.07.25 09:13:17.071,1.0699,1.06995,1.60,2.00
2008.07.25 09:13:17.242,1.0699,1.07,1.60,6.20
2008.07.25 09:13:17.739,1.0699,1.06995,1.60,3.30
2008.07.25 09:13:18.093,1.0698,1.0699,10.20,3.10
2008.07.25 09:13:18.439,1.0698,1.0699,10.20,1.00
2008.07.25 09:13:20.352,1.0698,1.0699,10.20,3.10
2008.07.25 09:13:20.757,1.0698,1.0699,9.00,3.10
2008.07.25 09:13:21.078,1.0698,1.0699,5.80,6.20
2008.07.25 09:13:21.254,1.0698,1.0699,5.90,6.20
2008.07.25 09:13:21.474,1.0698,1.0699,5.90,11.60
2008.07.25 09:13:21.701,1.06975,1.0698,11.30,2.00
2008.07.25 09:13:22.354,1.0697,1.0698,16.60,2.00
2008.07.25 09:13:22.585,1.06975,1.0698,1.60,2.00
2008.07.25 09:13:22.826,1.06965,1.0698,23.40,2.00
2008.07.25 09:13:23.501,1.0697,1.0698,9.10,3.10
2008.07.25 09:13:23.803,1.0697,1.0698,9.10,1.00
2008.07.25 09:13:24.140,1.0697,1.0698,1.70,11.60
2008.07.25 09:13:24.443,1.0697,1.0698,10.20,3.10
2008.07.25 09:13:25.820,1.0697,1.0698,9.10,3.10
2008.07.25 09:13:26.089,1.0697,1.0698,9.00,3.10
2008.07.25 09:13:26.508,1.0697,1.0698,9.00,8.50
2008.07.25 09:13:27.928,1.0697,1.0698,5.80,11.60
2008.07.25 09:13:34.157,1.0696,1.0697,12.20,8.50
2008.07.25 09:13:34.476,1.06965,1.0697,3.20,3.10
2008.07.25 09:13:35.146,1.06965,1.0697,3.20,2.00
2008.07.25 09:13:35.298,1.06965,1.06975,3.20,8.50
2008.07.25 09:13:35.504,1.06965,1.06975,4.30,7.40
2008.07.25 09:13:35.660,1.06965,1.06975,5.90,12.80
2008.07.25 09:13:35.822,1.0697,1.06975,1.60,1.00
2008.07.25 09:13:36.019,1.0697,1.06975,1.60,3.10
2008.07.25 09:13:36.569,1.0696,1.06975,13.50,3.10
2008.07.25 09:13:37.580,1.0697,1.06975,1.60,2.00
2008.07.25 09:13:37.844,1.0697,1.06975,1.60,1.00
2008.07.25 09:13:38.097,1.0697,1.06975,1.60,3.10
2008.07.25 09:13:38.550,1.0696,1.06975,13.50,3.10
2008.07.25 09:13:38.995,1.06965,1.0697,3.20,1.00
2008.07.25 09:13:39.627,1.06955,1.0697,23.40,1.00
2008.07.25 09:13:39.851,1.0696,1.0697,10.30,1.00
2008.07.25 09:13:40.065,1.0696,1.0697,9.90,1.00
2008.07.25 09:13:41.714,1.0696,1.0697,8.90,1.00
2008.07.25 09:13:41.937,1.0696,1.06965,8.70,2.00
2008.07.25 09:13:42.859,1.0696,1.0697,5.80,11.80
2008.07.25 09:13:50.356,1.0696,1.0697,6.80,11.80
2008.07.25 09:13:50.660,1.0696,1.0697,1.60,11.80
2008.07.25 09:13:50.861,1.0696,1.06965,1.60,3.10
2008.07.25 09:13:51.133,1.06955,1.06965,3.90,3.10
2008.07.25 09:13:51.406,1.06955,1.06965,1.00,6.40
2008.07.25 09:13:51.546,1.06955,1.06965,4.30,3.10
2008.07.25 09:13:52.189,1.06955,1.06965,5.40,2.00
2008.07.25 09:13:52.607,1.06955,1.06965,5.90,2.00
2008.07.25 09:13:52.832,1.0696,1.06965,5.20,2.00
2008.07.25 09:13:53.077,1.0696,1.0697,5.80,11.80
2008.07.25 09:13:53.286,1.0696,1.0697,6.80,11.80
2008.07.25 09:13:53.685,1.0696,1.06965,5.90,1.00
2008.07.25 09:13:53.893,1.0696,1.06965,1.70,1.00
2008.07.25 09:13:54.306,1.06955,1.06965,4.30,3.10
2008.07.25 09:13:54.665,1.06955,1.06965,4.30,2.00
2008.07.25 09:13:55.024,1.0696,1.0697,1.60,11.80
2008.07.25 09:13:55.303,1.0696,1.0697,5.80,11.80
2008.07.25 09:13:56.551,1.0696,1.0697,5.90,9.80
2008.07.25 09:13:56.651,1.0696,1.0697,7.00,9.80
2008.07.25 09:13:56.831,1.0696,1.0697,6.80,11.80
2008.07.25 09:13:57.046,1.0696,1.0697,5.80,11.80
2008.07.25 09:13:58.067,1.0696,1.06965,5.80,1.00
2008.07.25 09:13:58.343,1.0696,1.06965,1.60,1.00
2008.07.25 09:13:58.622,1.06955,1.06965,5.90,2.00
2008.07.25 09:13:58.903,1.0696,1.06965,1.60,2.00
2008.07.25 09:13:59.182,1.0696,1.0697,5.80,11.80
2008.07.25 09:13:59.692,1.0696,1.0697,1.60,11.80
2008.07.25 09:14:00.203,1.06955,1.06965,2.80,3.30
2008.07.25 09:14:00.454,1.06955,1.06965,2.10,4.40
2008.07.25 09:14:00.673,1.06955,1.06965,4.30,6.40
2008.07.25 09:14:00.892,1.06955,1.0696,3.20,1.00
2008.07.25 09:14:01.312,1.06955,1.06965,4.30,5.40
2008.07.25 09:14:01.580,1.06955,1.06965,4.30,3.30
2008.07.25 09:14:01.722,1.0696,1.06965,1.60,3.30
2008.07.25 09:14:01.860,1.0696,1.0697,5.80,11.80
2008.07.25 09:14:03.122,1.0696,1.0697,1.60,11.80
2008.07.25 09:14:03.548,1.0696,1.06965,1.60,4.40
2008.07.25 09:14:03.854,1.0696,1.06965,3.20,9.80
2008.07.25 09:14:04.090,1.0695,1.0696,10.10,5.40
2008.07.25 09:14:04.337,1.0695,1.0696,10.10,10.80
2008.07.25 09:14:04.791,1.0695,1.0696,10.10,7.40
2008.07.25 09:14:08.170,1.0695,1.0696,10.10,2.00
2008.07.25 09:14:08.278,1.0695,1.0696,10.10,3.10
2008.07.25 09:14:08.599,1.0695,1.0696,10.20,1.00
2008.07.25 09:14:08.884,1.06955,1.0697,1.00,16.70
2008.07.25 09:14:09.134,1.06955,1.06965,1.00,5.40
2008.07.25 09:14:09.378,1.06955,1.06965,1.00,3.30
2008.07.25 09:14:09.628,1.0696,1.06965,4.10,3.30
2008.07.25 09:14:09.883,1.0696,1.06965,5.80,3.30
2008.07.25 09:14:10.739,1.0696,1.06965,5.80,4.40
2008.07.25 09:14:10.835,1.0696,1.06965,1.60,4.40
2008.07.25 09:14:10.992,1.0696,1.06965,1.60,5.40
2008.07.25 09:14:11.078,1.0696,1.06965,1.60,3.30
2008.07.25 09:14:11.470,1.0696,1.06965,5.80,3.30
2008.07.25 09:14:11.878,1.0696,1.0697,5.80,11.80
2008.07.25 09:14:12.027,1.0696,1.06965,5.80,2.00
2008.07.25 09:14:12.306,1.0696,1.0697,5.80,11.80
2008.07.25 09:14:12.577,1.0696,1.06965,5.80,2.00
2008.07.25 09:14:12.767,1.0696,1.0697,5.80,11.80
2008.07.25 09:14:12.979,1.0696,1.06965,1.60,1.00
2008.07.25 09:14:13.284,1.0696,1.06965,1.60,3.10
2008.07.25 09:14:13.572,1.06955,1.0696,4.00,2.00
2008.07.25 09:14:13.854,1.0695,1.0696,10.10,2.00
2008.07.25 09:14:14.314,1.0695,1.0696,10.10,8.50
2008.07.25 09:14:14.852,1.0695,1.0696,10.10,7.40
2008.07.25 09:14:16.399,1.0695,1.0696,10.10,8.50
2008.07.25 09:14:16.587,1.0695,1.06955,1.60,1.00
2008.07.25 09:14:16.875,1.06945,1.0695,4.00,1.00
2008.07.25 09:14:17.019,1.06945,1.0695,3.20,1.00
2008.07.25 09:14:17.297,1.06945,1.0695,3.20,1.00
2008.07.25 09:14:18.498,1.0695,1.06955,1.00,5.40
2008.07.25 09:14:18.917,1.0695,1.06955,2.70,3.30
2008.07.25 09:14:19.339,1.0695,1.06955,6.80,3.30
2008.07.25 09:14:23.452,1.0695,1.06955,5.20,5.40
2008.07.25 09:14:24.010,1.0695,1.06955,6.80,3.30
2008.07.25 09:14:24.467,1.0695,1.06955,2.70,3.30
2008.07.25 09:14:24.702,1.0695,1.06955,1.00,3.30
2008.07.25 09:14:24.879,1.06945,1.06955,4.30,5.40
2008.07.25 09:14:25.516,1.06945,1.06955,5.40,5.40
2008.07.25 09:14:25.825,1.06945,1.06955,4.30,5.40
2008.07.25 09:14:26.142,1.06945,1.06955,5.40,5.40
2008.07.25 09:14:26.458,1.0695,1.06955,2.70,5.40
2008.07.25 09:14:26.656,1.0695,1.06955,2.70,3.30
2008.07.25 09:14:26.964,1.0695,1.06955,6.80,3.30
2008.07.25 09:14:30.554,1.0695,1.0696,6.80,10.80
2008.07.25 09:14:37.004,1.0695,1.0696,7.00,10.80
2008.07.25 09:14:37.465,1.0695,1.0696,6.80,10.80
2008.07.25 09:14:37.999,1.0695,1.0696,5.80,10.80
2008.07.25 09:14:38.518,1.0695,1.0696,6.80,10.80
2008.07.25 09:14:38.876,1.0695,1.0696,10.10,7.40
2008.07.25 09:14:39.246,1.06955,1.0696,1.00,7.40
2008.07.25 09:14:39.622,1.06955,1.0696,4.30,2.00
2008.07.25 09:14:39.813,1.0696,1.06965,1.00,9.30
2008.07.25 09:14:40.004,1.0696,1.06965,1.00,3.30
2008.07.25 09:14:40.194,1.0696,1.0697,2.70,11.80
2008.07.25 09:14:40.559,1.0696,1.0697,1.60,11.80
2008.07.25 09:14:41.040,1.0696,1.06965,1.60,1.00
2008.07.25 09:14:41.400,1.0695,1.06965,13.50,11.80
2008.07.25 09:14:41.674,1.0695,1.0696,10.10,10.80
2008.07.25 09:14:41.892,1.0695,1.0696,5.90,11.80
2008.07.25 09:14:42.103,1.0695,1.06955,4.30,2.00
2008.07.25 09:14:42.322,1.0695,1.06955,1.00,2.00
2008.07.25 09:14:42.626,1.0695,1.0696,1.00,10.80
2008.07.25 09:14:42.887,1.0695,1.0696,10.10,2.00
2008.07.25 09:14:43.144,1.0695,1.0696,5.90,2.00
2008.07.25 09:14:43.402,1.0695,1.0696,6.00,2.00
2008.07.25 09:14:44.442,1.0695,1.0696,2.80,3.30
2008.07.25 09:14:44.613,1.0695,1.0696,2.80,5.40
2008.07.25 09:14:44.793,1.0695,1.0696,6.00,2.00
2008.07.25 09:14:44.973,1.0695,1.06965,6.00,11.80
2008.07.25 09:14:45.153,1.0695,1.06965,10.20,11.80
2008.07.25 09:14:46.279,1.0695,1.06965,10.20,17.20
2008.07.25 09:14:46.613,1.0695,1.06965,10.20,6.40
2008.07.25 09:14:46.891,1.0695,1.0696,10.10,2.00
2008.07.25 09:14:47.289,1.0695,1.0696,10.10,5.40
2008.07.25 09:14:47.432,1.0695,1.0696,10.10,10.80
2008.07.25 09:14:53.186,1.0695,1.0696,10.10,7.40
2008.07.25 09:14:53.353,1.0696,1.06965,5.20,9.30
2008.07.25 09:14:53.996,1.0696,1.06965,2.70,2.80
2008.07.25 09:14:54.350,1.0696,1.06965,1.00,2.00
2008.07.25 09:14:54.961,1.06955,1.06965,4.30,2.00
2008.07.25 09:14:55.220,1.0696,1.06965,1.00,2.00
2008.07.25 09:14:55.478,1.0696,1.06965,2.70,2.00
2008.07.25 09:14:55.737,1.0696,1.06965,6.80,2.00
2008.07.25 09:14:56.025,1.0696,1.0697,6.80,10.80
2008.07.25 09:14:57.859,1.0696,1.0697,1.60,11.80
2008.07.25 09:14:57.907,1.0696,1.06965,1.60,2.00
2008.07.25 09:14:58.045,1.0696,1.06965,2.10,5.40
2008.07.25 09:14:58.304,1.0696,1.06965,2.10,3.30
2008.07.25 09:14:58.348,1.06955,1.06965,2.80,3.30
2008.07.25 09:14:58.462,1.0696,1.06965,1.60,3.30
2008.07.25 09:14:58.644,1.0696,1.06965,1.00,3.30
2008.07.25 09:14:58.738,1.0696,1.0697,1.00,11.80
2008.07.25 09:14:58.810,1.0696,1.06965,1.00,2.00
2008.07.25 09:14:59.196,1.0696,1.06965,1.60,2.00
2008.07.25 09:14:59.557,1.0696,1.06965,1.00,2.00
2008.07.25 09:14:59.915,1.06955,1.06965,4.30,2.00
2008.07.25 09:15:00.131,1.06955,1.0697,4.30,11.80
2008.07.25 09:15:00.346,1.0696,1.0697,1.60,11.80
2008.07.25 09:15:00.566,1.06955,1.0697,4.30,11.80
2008.07.25 09:15:00.785,1.06955,1.06965,4.30,2.00
2008.07.25 09:15:01.566,1.06955,1.0697,4.30,11.80
2008.07.25 09:15:01.712,1.0696,1.0697,2.70,11.80
2008.07.25 09:15:01.850,1.0696,1.0697,1.60,11.80
2008.07.25 09:15:01.993,1.0696,1.06965,1.60,2.00
2008.07.25 09:15:02.135,1.06955,1.06965,4.30,2.00
2008.07.25 09:15:03.141,1.0696,1.06965,1.00,2.00
2008.07.25 09:15:03.509,1.06965,1.0697,1.00,9.30
2008.07.25 09:15:03.699,1.06965,1.0697,1.00,10.80
2008.07.25 09:15:03.888,1.0696,1.0697,6.80,10.80
2008.07.25 09:15:10.682,1.0696,1.0697,10.10,10.80
2008.07.25 09:15:12.192,1.06965,1.0697,1.00,10.80
2008.07.25 09:15:12.417,1.0696,1.0697,10.10,10.80
2008.07.25 09:15:12.580,1.0697,1.06975,5.20,9.30
2008.07.25 09:15:13.003,1.0697,1.06975,6.80,3.30
2008.07.25 09:15:13.248,1.0697,1.0698,6.80,16.80
2008.07.25 09:15:13.556,1.0697,1.0698,1.60,11.80
2008.07.25 09:15:13.787,1.0697,1.06975,2.70,2.00
2008.07.25 09:15:14.083,1.0697,1.06975,1.00,2.00
2008.07.25 09:15:15.379,1.0697,1.06975,5.20,1.00
2008.07.25 09:15:15.643,1.0697,1.06975,1.60,12.70
2008.07.25 09:15:15.864,1.06965,1.0697,1.00,7.40
2008.07.25 09:15:16.143,1.0696,1.06965,7.70,2.00
2008.07.25 09:15:16.328,1.0696,1.06965,10.10,2.00
2008.07.25 09:15:17.086,1.0696,1.0697,6.80,10.80
2008.07.25 09:15:17.524,1.0696,1.06965,6.80,2.00
2008.07.25 09:15:17.642,1.0696,1.0697,6.80,10.80
2008.07.25 09:15:19.495,1.0696,1.06965,5.80,1.00
2008.07.25 09:15:19.695,1.06955,1.0696,10.40,2.00
2008.07.25 09:15:19.893,1.06955,1.0696,3.20,7.40
2008.07.25 09:15:20.095,1.06955,1.0696,2.10,2.00
2008.07.25 09:15:20.492,1.0696,1.06965,1.00,9.30
2008.07.25 09:15:20.903,1.0696,1.06965,1.00,5.40
2008.07.25 09:15:21.633,1.06955,1.06965,4.30,5.40
2008.07.25 09:15:21.751,1.0696,1.06965,1.00,5.40
2008.07.25 09:15:22.193,1.0696,1.06965,1.00,3.30
2008.07.25 09:15:22.364,1.0696,1.06965,6.80,3.30
2008.07.25 09:15:22.542,1.0696,1.0697,6.80,10.80
2008.07.25 09:15:22.712,1.06965,1.0697,1.00,10.80
2008.07.25 09:15:22.881,1.0696,1.0697,6.80,10.80
2008.07.25 09:15:23.934,1.0696,1.06965,1.60,15.90
2008.07.25 09:15:24.213,1.06955,1.0696,1.00,7.40
2008.07.25 09:15:24.590,1.0695,1.0696,10.20,7.40
2008.07.25 09:15:24.815,1.0695,1.0696,10.10,7.40
2008.07.25 09:15:27.591,1.06955,1.0696,1.00,7.40
2008.07.25 09:15:27.699,1.06955,1.0696,1.00,5.40
2008.07.25 09:15:27.823,1.06955,1.0696,1.00,7.40
2008.07.25 09:15:29.240,1.0695,1.0696,10.10,7.40
2008.07.25 09:15:30.599,1.0695,1.0696,6.80,10.80
2008.07.25 09:15:30.850,1.0695,1.0696,5.80,11.80
2008.07.25 09:15:31.048,1.0695,1.06955,1.60,2.00
2008.07.25 09:15:31.419,1.06945,1.06955,5.90,2.00
2008.07.25 09:15:31.609,1.06945,1.06955,1.00,5.40
2008.07.25 09:15:33.072,1.06945,1.06955,1.00,3.30
2008.07.25 09:15:33.242,1.0695,1.06955,1.60,3.30
2008.07.25 09:15:33.437,1.0695,1.06955,1.60,5.40
2008.07.25 09:15:34.293,1.0695,1.06955,1.60,6.40
2008.07.25 09:15:34.659,1.0694,1.0695,7.90,2.00
2008.07.25 09:15:35.020,1.0694,1.0695,10.10,7.40
2008.07.25 09:15:36.558,1.0694,1.0695,10.10,10.80
2008.07.25 09:15:36.649,1.0695,1.06955,1.00,21.60
2008.07.25 09:15:36.829,1.0695,1.06955,5.20,12.20
2008.07.25 09:15:36.912,1.0695,1.06955,5.80,3.10
2008.07.25 09:15:36.998,1.0695,1.06955,1.70,10.20
2008.07.25 09:15:37.247,1.0694,1.0695,7.20,3.10
2008.07.25 09:15:37.389,1.0694,1.0695,9.10,3.10
2008.07.25 09:15:37.789,1.0694,1.0695,5.90,2.00
2008.07.25 09:15:38.072,1.0694,1.0695,6.00,2.00
2008.07.25 09:15:38.358,1.06945,1.0695,1.00,7.40
2008.07.25 09:15:38.643,1.0694,1.06945,1.60,1.00
2008.07.25 09:15:39.211,1.0694,1.06945,1.60,4.40
2008.07.25 09:15:39.479,1.0694,1.06945,1.60,11.80
2008.07.25 09:15:39.747,1.0694,1.06945,1.60,6.40
2008.07.25 09:15:40.130,1.0694,1.06945,2.70,5.40
2008.07.25 09:15:40.353,1.0694,1.06945,2.70,3.30
2008.07.25 09:15:40.556,1.0694,1.06945,1.60,6.40
2008.07.25 09:15:41.777,1.0693,1.0694,7.00,3.30
2008.07.25 09:15:42.243,1.0693,1.0694,6.80,10.80
2008.07.25 09:15:45.011,1.0693,1.0694,5.80,11.80
2008.07.25 09:15:45.281,1.0693,1.06935,1.60,18.20
2008.07.25 09:15:45.794,1.0692,1.0693,10.20,5.40
2008.07.25 09:15:46.055,1.0692,1.0693,10.10,7.40
2008.07.25 09:15:46.215,1.0692,1.0693,10.20,7.40
2008.07.25 09:15:46.375,1.06925,1.0693,1.00,7.40
2008.07.25 09:15:46.836,1.06925,1.0693,1.00,5.40
2008.07.25 09:15:47.314,1.06925,1.0693,1.00,7.40
2008.07.25 09:15:47.887,1.06925,1.0693,1.00,2.00
2008.07.25 09:15:48.247,1.06925,1.06935,1.00,5.40
2008.07.25 09:15:49.626,1.0693,1.06935,1.00,2.00
2008.07.25 09:15:49.984,1.0693,1.0694,2.70,10.80
2008.07.25 09:15:50.185,1.0693,1.0694,6.80,10.80
2008.07.25 09:15:50.950,1.06935,1.0694,1.00,10.80
2008.07.25 09:15:51.306,1.06935,1.0694,1.00,5.40
2008.07.25 09:15:51.648,1.0694,1.06945,2.70,5.40
2008.07.25 09:15:51.825,1.0694,1.06945,1.60,5.40
2008.07.25 09:15:52.005,1.0694,1.06945,2.70,5.40
2008.07.25 09:15:52.687,1.0694,1.06945,6.80,3.30
2008.07.25 09:15:52.943,1.0694,1.0695,6.80,10.80
2008.07.25 09:15:53.366,1.06945,1.0695,1.00,5.40
2008.07.25 09:15:53.548,1.06945,1.0695,1.80,2.00
2008.07.25 09:15:53.913,1.0695,1.06955,2.70,2.00
2008.07.25 09:15:54.446,1.0695,1.0696,7.00,10.80
2008.07.25 09:15:55.157,1.0695,1.0696,10.20,2.00
2008.07.25 09:15:55.389,1.0695,1.0696,6.00,2.00
2008.07.25 09:15:55.614,1.0696,1.06965,1.60,11.80
2008.07.25 09:15:55.833,1.0695,1.06965,6.00,11.80
2008.07.25 09:15:57.347,1.0695,1.0696,6.00,1.00
2008.07.25 09:15:57.454,1.0695,1.0696,2.80,4.40
2008.07.25 09:15:57.568,1.0695,1.0696,1.70,4.40
2008.07.25 09:15:57.677,1.0695,1.0696,1.70,9.80
2008.07.25 09:15:57.821,1.0695,1.06955,1.60,2.00
2008.07.25 09:15:58.579,1.0695,1.06955,2.70,2.00
2008.07.25 09:15:58.765,1.0695,1.0696,7.00,10.80
2008.07.25 09:15:59.871,1.0695,1.0696,1.70,12.80
2008.07.25 09:16:00.232,1.0695,1.0696,1.60,12.80
2008.07.25 09:16:00.432,1.0695,1.06955,1.60,2.00
2008.07.25 09:16:04.437,1.0694,1.06945,10.10,2.00
2008.07.25 09:16:04.870,1.0694,1.06945,1.60,4.40
2008.07.25 09:16:05.212,1.0694,1.06945,1.60,8.30
2008.07.25 09:16:05.475,1.0694,1.06945,1.60,20.60
2008.07.25 09:16:05.754,1.0693,1.0694,10.20,8.50
2008.07.25 09:16:08.339,1.0693,1.0694,7.00,8.50
2008.07.25 09:16:08.438,1.0693,1.0694,7.00,11.80
2008.07.25 09:16:09.570,1.06925,1.0693,14.90,1.00
2008.07.25 09:16:09.762,1.06925,1.0693,11.00,3.10
2008.07.25 09:16:09.952,1.0692,1.0693,10.20,8.50
2008.07.25 09:16:10.310,1.06925,1.0693,1.00,8.50
2008.07.25 09:16:10.498,1.06925,1.0693,1.00,11.80
2008.07.25 09:16:12.917,1.0692,1.0693,7.00,11.80
2008.07.25 09:16:13.268,1.0692,1.0693,6.80,11.80
2008.07.25 09:16:16.789,1.0692,1.06925,1.60,1.00
2008.07.25 09:16:17.014,1.06915,1.0692,1.70,1.00
2008.07.25 09:16:17.428,1.0692,1.06925,1.00,5.80
2008.07.25 09:16:18.156,1.0691,1.0692,10.10,8.50
2008.07.25 09:16:18.369,1.0691,1.0692,10.10,3.10
2008.07.25 09:16:18.588,1.06915,1.0692,1.00,3.10
2008.07.25 09:16:18.807,1.0692,1.06925,1.00,9.80
2008.07.25 09:16:20.497,1.06915,1.0692,1.00,1.00
2008.07.25 09:16:20.727,1.0692,1.06925,1.00,5.80
2008.07.25 09:16:21.357,1.0691,1.0692,10.20,1.00
2008.07.25 09:16:21.952,1.0692,1.06925,1.00,5.40
2008.07.25 09:16:22.176,1.0692,1.06925,1.00,2.00
2008.07.25 09:16:22.296,1.0692,1.0693,1.00,11.80
2008.07.25 09:16:22.416,1.0692,1.06925,1.00,2.00
2008.07.25 09:16:22.635,1.0692,1.06925,5.20,2.00
2008.07.25 09:16:22.846,1.0692,1.0693,6.80,11.80
2008.07.25 09:16:26.995,1.0692,1.0693,2.70,11.80
2008.07.25 09:16:27.156,1.0692,1.06925,1.60,1.00
2008.07.25 09:16:27.331,1.0692,1.06925,1.60,9.80
2008.07.25 09:16:27.499,1.0691,1.0692,13.50,1.00
2008.07.25 09:16:27.658,1.0691,1.0692,10.10,6.40
2008.07.25 09:16:27.990,1.0691,1.0692,6.80,11.80
2008.07.25 09:16:29.123,1.0691,1.0692,6.80,6.40
2008.07.25 09:16:29.489,1.0691,1.0692,10.20,1.00
2008.07.25 09:16:34.926,1.06915,1.0692,1.00,1.00
2008.07.25 09:16:35.113,1.0691,1.0692,10.20,1.00
2008.07.25 09:16:36.604,1.0692,1.06925,1.00,5.40
2008.07.25 09:16:36.841,1.0692,1.06925,6.40,3.30
2008.07.25 09:16:36.970,1.0692,1.0693,7.00,11.80
2008.07.25 09:16:37.614,1.0692,1.0693,2.80,11.80
2008.07.25 09:16:38.704,1.0692,1.0693,2.70,11.80
2008.07.25 09:16:39.534,1.06905,1.0691,13.30,6.40
2008.07.25 09:16:39.899,1.06905,1.0691,15.70,2.00
2008.07.25 09:16:40.303,1.0691,1.0692,9.70,1.00
2008.07.25 09:16:40.573,1.0691,1.0692,2.80,9.80
2008.07.25 09:16:40.845,1.0691,1.0692,2.70,11.80
2008.07.25 09:16:41.364,1.0691,1.0692,6.80,11.80
2008.07.25 09:16:41.561,1.06905,1.0691,11.00,1.00
2008.07.25 09:16:41.843,1.06905,1.0691,4.00,6.40
2008.07.25 09:16:42.025,1.06905,1.0691,4.90,6.40
2008.07.25 09:16:42.181,1.06905,1.0691,4.30,6.40
2008.07.25 09:16:42.336,1.06905,1.0691,4.30,8.50
2008.07.25 09:16:42.501,1.06905,1.0691,4.30,6.40
2008.07.25 09:16:42.672,1.06905,1.0691,3.20,6.40
2008.07.25 09:16:42.841,1.06905,1.0691,3.20,8.50
2008.07.25 09:16:43.306,1.0691,1.06915,1.00,16.20
2008.07.25 09:16:43.646,1.0691,1.06915,1.00,6.80
2008.07.25 09:16:43.950,1.0691,1.06915,1.00,7.40
2008.07.25 09:16:44.242,1.0691,1.06915,2.70,7.40
2008.07.25 09:16:44.784,1.06905,1.0691,4.00,1.00
2008.07.25 09:16:45.051,1.06905,1.0691,4.00,3.10
2008.07.25 09:16:45.320,1.06905,1.0691,4.30,3.10
2008.07.25 09:16:45.594,1.06905,1.06915,4.30,8.50
2008.07.25 09:16:45.812,1.0691,1.06915,1.00,7.40
2008.07.25 09:16:46.034,1.0691,1.06915,2.70,7.40
2008.07.25 09:16:46.251,1.0691,1.0692,2.70,11.80
2008.07.25 09:16:46.669,1.0691,1.0692,6.80,11.80
2008.07.25 09:16:48.378,1.06905,1.0691,5.90,5.40
2008.07.25 09:16:48.495,1.06905,1.0691,1.70,6.40
2008.07.25 09:16:48.842,1.06905,1.0691,1.00,8.50
2008.07.25 09:16:49.102,1.06905,1.0691,1.00,1.00
2008.07.25 09:16:49.370,1.06905,1.06915,2.10,6.40
2008.07.25 09:16:49.634,1.06905,1.06915,2.10,6.40
2008.07.25 09:16:49.937,1.0691,1.06915,1.60,6.40
2008.07.25 09:16:50.450,1.0691,1.06915,2.70,5.40
2008.07.25 09:16:51.182,1.06905,1.0691,1.70,1.00
2008.07.25 09:16:51.431,1.06905,1.0691,1.00,3.10
2008.07.25 09:16:51.669,1.06905,1.0691,1.00,8.50
2008.07.25 09:16:53.527,1.069,1.0691,10.20,8.50
2008.07.25 09:16:54.783,1.069,1.0691,2.80,11.80
2008.07.25 09:16:55.001,1.069,1.0691,2.70,11.80
2008.07.25 09:16:55.402,1.069,1.0691,2.70,6.40
2008.07.25 09:16:56.023,1.06905,1.0691,1.00,4.40
2008.07.25 09:16:57.098,1.06905,1.0691,1.00,9.80
2008.07.25 09:16:57.357,1.06895,1.069,12.80,1.00
2008.07.25 09:16:57.479,1.06905,1.0691,1.00,9.80
2008.07.25 09:16:57.725,1.069,1.06905,6.50,3.30
2008.07.25 09:16:57.839,1.069,1.0691,2.80,9.80
2008.07.25 09:16:59.000,1.069,1.0691,2.80,11.80
2008.07.25 09:16:59.290,1.06895,1.069,2.50,1.00
2008.07.25 09:16:59.583,1.0689,1.069,10.20,6.40
2008.07.25 09:17:00.691,1.06895,1.069,1.00,6.40
2008.07.25 09:17:01.650,1.06895,1.069,1.00,5.40
2008.07.25 09:17:01.867,1.06895,1.06905,1.00,11.80
2008.07.25 09:17:02.097,1.06895,1.06905,2.10,8.70
2008.07.25 09:17:02.782,1.069,1.06905,1.60,8.70
2008.07.25 09:17:02.940,1.069,1.06905,1.60,9.80
2008.07.25 09:17:03.086,1.06895,1.06905,1.00,9.80
2008.07.25 09:17:03.240,1.06895,1.069,1.00,5.40
2008.07.25 09:17:04.216,1.0689,1.069,10.20,5.40
2008.07.25 09:17:05.232,1.0689,1.069,10.20,7.40
2008.07.25 09:17:05.479,1.0689,1.069,10.20,8.50
2008.07.25 09:17:05.749,1.0689,1.069,6.00,8.50
2008.07.25 09:17:06.240,1.0689,1.069,2.80,11.80
2008.07.25 09:17:06.449,1.0689,1.06895,2.70,2.00
2008.07.25 09:17:07.916,1.0689,1.069,2.70,5.40
2008.07.25 09:17:08.076,1.0689,1.069,2.80,5.40
2008.07.25 09:17:08.265,1.0689,1.069,2.80,11.80
2008.07.25 09:17:08.716,1.0689,1.06895,2.70,2.00
2008.07.25 09:17:09.324,1.0689,1.069,6.80,10.80
2008.07.25 09:17:10.002,1.0689,1.069,2.70,10.80
2008.07.25 09:17:10.340,1.0689,1.06895,1.60,8.50
2008.07.25 09:17:10.649,1.0689,1.06895,1.60,11.80
2008.07.25 09:17:10.956,1.0689,1.06895,1.60,10.10
2008.07.25 09:17:11.259,1.0688,1.06885,10.10,2.00
2008.07.25 09:17:11.572,1.0688,1.06885,6.80,2.00
2008.07.25 09:17:12.103,1.0688,1.06885,1.60,2.00
2008.07.25 09:17:12.458,1.0688,1.06885,1.60,3.10
2008.07.25 09:17:12.706,1.06875,1.0688,4.00,2.00
2008.07.25 09:17:13.235,1.0688,1.06885,1.60,6.40
2008.07.25 09:17:14.517,1.0687,1.06875,9.10,1.00
2008.07.25 09:17:14.769,1.06865,1.0687,8.80,2.00
2008.07.25 09:17:15.026,1.0687,1.06875,8.50,2.80
2008.07.25 09:17:15.291,1.0687,1.0688,8.50,10.80
2008.07.25 09:17:15.546,1.0687,1.0688,10.10,10.80
2008.07.25 09:17:16.485,1.0687,1.0688,5.90,11.80
2008.07.25 09:17:16.890,1.0687,1.06875,5.90,2.00
2008.07.25 09:17:17.007,1.0687,1.06875,2.70,2.00
2008.07.25 09:17:18.897,1.0687,1.06875,1.60,2.00
2008.07.25 09:17:19.139,1.0687,1.06875,2.70,2.00
2008.07.25 09:17:19.360,1.0687,1.0688,2.80,10.80
2008.07.25 09:17:19.573,1.0687,1.0688,7.00,10.80
2008.07.25 09:17:24.043,1.06875,1.0688,1.00,2.00
2008.07.25 09:17:24.498,1.06875,1.06885,1.00,10.80
2008.07.25 09:17:25.100,1.0688,1.06885,1.60,11.80
2008.07.25 09:17:25.431,1.06875,1.06885,1.00,11.80
2008.07.25 09:17:25.679,1.06875,1.0688,1.00,5.40
2008.07.25 09:17:25.929,1.0687,1.0688,10.20,7.40
2008.07.25 09:17:28.380,1.0687,1.0688,6.00,2.00
2008.07.25 09:17:28.943,1.0687,1.06885,6.00,11.80
2008.07.25 09:17:29.233,1.06875,1.06885,1.00,11.80
2008.07.25 09:17:29.727,1.06875,1.06885,1.00,17.20
2008.07.25 09:17:30.083,1.06875,1.06885,2.10,5.40
2008.07.25 09:17:30.456,1.0688,1.06885,1.60,5.40
2008.07.25 09:17:30.641,1.0688,1.06885,2.70,5.40
2008.07.25 09:17:30.801,1.0688,1.06885,1.00,5.40
2008.07.25 09:17:30.922,1.06875,1.06885,4.30,11.80
2008.07.25 09:17:31.278,1.06875,1.06885,3.20,11.80
2008.07.25 09:17:31.591,1.06875,1.0688,3.20,7.40
2008.07.25 09:17:33.108,1.0687,1.0688,10.20,7.40
2008.07.25 09:17:33.386,1.0688,1.06885,5.20,5.30
2008.07.25 09:17:33.588,1.0688,1.06885,5.20,3.30
2008.07.25 09:17:33.800,1.0688,1.0689,5.20,10.80
2008.07.25 09:17:34.042,1.0688,1.0689,6.80,10.80
2008.07.25 09:17:36.051,1.06885,1.0689,1.00,10.80
2008.07.25 09:17:36.371,1.06885,1.0689,1.00,7.40
2008.07.25 09:17:36.557,1.0688,1.0689,10.10,7.40
2008.07.25 09:17:39.740,1.0688,1.0689,10.10,7.40
2008.07.25 09:17:42.088,1.0688,1.0689,6.80,8.70
2008.07.25 09:17:42.246,1.0688,1.0689,6.80,10.80
2008.07.25 09:17:42.746,1.0688,1.0689,10.10,7.40
2008.07.25 09:17:46.799,1.0688,1.0689,6.80,12.60
2008.07.25 09:17:47.069,1.06885,1.0689,1.00,10.90
2008.07.25 09:17:47.326,1.0688,1.0689,2.50,12.90
2008.07.25 09:17:47.465,1.0688,1.0689,2.50,11.80
2008.07.25 09:17:47.615,1.0688,1.0689,5.80,7.40
2008.07.25 09:17:47.762,1.0688,1.0689,5.80,2.00
2008.07.25 09:17:48.352,1.0688,1.06895,5.90,11.80
2008.07.25 09:17:49.628,1.0688,1.0689,5.90,1.00
2008.07.25 09:17:49.915,1.0688,1.06885,1.40,2.00
2008.07.25 09:17:50.750,1.0688,1.06885,1.40,10.10
2008.07.25 09:17:51.016,1.0687,1.0688,10.10,2.00
2008.07.25 09:17:51.287,1.06875,1.06885,1.00,6.40
2008.07.25 09:17:51.577,1.0688,1.06885,1.40,5.40
2008.07.25 09:17:52.146,1.0688,1.06885,1.40,6.40
2008.07.25 09:17:52.545,1.0688,1.06885,1.40,5.40
2008.07.25 09:17:53.049,1.0688,1.06885,1.40,6.40
2008.07.25 09:17:53.183,1.0688,1.06885,1.40,11.80
2008.07.25 09:17:53.419,1.0687,1.0688,10.10,2.00
2008.07.25 09:17:53.697,1.06875,1.0688,1.00,2.00
2008.07.25 09:17:53.976,1.0688,1.06885,1.40,5.40
2008.07.25 09:17:55.666,1.0688,1.06885,2.50,5.40
2008.07.25 09:17:55.866,1.0688,1.06885,2.50,3.30
2008.07.25 09:17:55.955,1.0688,1.0689,2.50,10.80
2008.07.25 09:17:56.114,1.0688,1.06885,2.50,2.00
2008.07.25 09:17:56.211,1.0688,1.06885,6.80,2.00
2008.07.25 09:17:56.299,1.0688,1.0689,6.80,10.80
2008.07.25 09:17:58.326,1.0688,1.0689,10.10,10.80
2008.07.25 09:17:58.593,1.0688,1.0689,10.10,7.40
2008.07.25 09:17:59.927,1.06885,1.0689,1.00,2.00
2008.07.25 09:18:00.055,1.0689,1.06895,1.00,5.30
2008.07.25 09:18:00.402,1.0689,1.06895,1.00,5.40
2008.07.25 09:18:00.742,1.0689,1.06895,1.00,3.30
2008.07.25 09:18:00.869,1.0689,1.06895,2.70,3.30
2008.07.25 09:18:01.229,1.06885,1.0689,4.70,7.40
2008.07.25 09:18:01.586,1.0689,1.06895,1.40,18.20
2008.07.25 09:18:01.947,1.06885,1.0689,3.20,8.50
2008.07.25 09:18:02.331,1.0688,1.06885,2.50,2.00
2008.07.25 09:18:02.646,1.0689,1.06895,1.00,20.10
2008.07.25 09:18:02.807,1.0689,1.06895,1.00,21.00
2008.07.25 09:18:02.976,1.0688,1.06885,5.80,2.00
2008.07.25 09:18:03.232,1.0688,1.0689,5.80,7.40
2008.07.25 09:18:03.712,1.0688,1.0689,6.80,10.80
2008.07.25 09:18:05.857,1.0688,1.0689,2.50,11.80
2008.07.25 09:18:06.511,1.0688,1.06885,2.50,2.00
2008.07.25 09:18:07.231,1.0688,1.0689,2.50,10.80
2008.07.25 09:18:07.583,1.0688,1.0689,6.80,10.80
2008.07.25 09:18:07.955,1.0688,1.0689,2.50,10.80
2008.07.25 09:18:08.143,1.0688,1.0689,2.50,11.80
2008.07.25 09:18:08.274,1.0688,1.06885,2.50,2.00
2008.07.25 09:18:08.595,1.0688,1.06885,1.40,2.00
2008.07.25 09:18:09.680,1.0688,1.06885,2.50,2.00
2008.07.25 09:18:10.422,1.0688,1.0689,6.80,10.80
2008.07.25 09:18:10.983,1.0688,1.0689,2.50,11.80
2008.07.25 09:18:11.273,1.0688,1.06885,2.50,2.00
2008.07.25 09:18:12.159,1.0688,1.0689,2.50,10.80
2008.07.25 09:18:12.492,1.0688,1.0689,6.80,10.80
2008.07.25 09:18:12.792,1.0688,1.06885,2.50,2.00
2008.07.25 09:18:13.051,1.0688,1.0689,2.50,11.80
2008.07.25 09:18:13.178,1.0688,1.06885,2.50,2.00
2008.07.25 09:18:16.533,1.0688,1.06885,1.40,2.00
2008.07.25 09:18:16.792,1.0688,1.0689,2.70,8.70
2008.07.25 09:18:17.051,1.0688,1.0689,2.50,10.80
2008.07.25 09:18:17.279,1.0688,1.0689,6.80,10.80
2008.07.25 09:18:17.510,1.0688,1.06885,5.80,1.00
2008.07.25 09:18:17.745,1.06875,1.0688,1.50,5.40
2008.07.25 09:18:18.319,1.0687,1.0688,10.10,7.40
2008.07.25 09:18:18.787,1.0687,1.0688,6.80,10.80
2008.07.25 09:18:19.431,1.0687,1.0688,6.80,10.80
2008.07.25 09:18:21.270,1.06875,1.0688,1.00,10.80
2008.07.25 09:18:21.971,1.0687,1.0688,6.80,10.80
2008.07.25 09:18:37.206,1.0687,1.0688,10.10,7.40
2008.07.25 09:18:38.125,1.0687,1.0688,6.80,10.80
2008.07.25 09:18:46.638,1.0687,1.0688,1.40,11.80
2008.07.25 09:18:46.946,1.0687,1.06875,1.40,1.00
2008.07.25 09:18:47.374,1.0687,1.06875,1.40,3.60
2008.07.25 09:18:47.595,1.06865,1.0688,4.30,11.80
2008.07.25 09:18:47.812,1.0687,1.06875,1.40,1.00
2008.07.25 09:18:48.034,1.0687,1.06875,1.40,6.40
2008.07.25 09:18:48.250,1.0687,1.06875,1.40,5.40
2008.07.25 09:18:48.652,1.06865,1.06875,4.30,3.30
2008.07.25 09:18:49.051,1.0687,1.06875,1.40,3.30
2008.07.25 09:18:50.089,1.0687,1.06875,1.40,5.40
2008.07.25 09:18:50.382,1.06865,1.06875,4.30,3.30
2008.07.25 09:18:50.709,1.0687,1.06875,1.40,3.30
2008.07.25 09:18:51.439,1.0687,1.06875,1.40,4.40
2008.07.25 09:18:51.733,1.0686,1.0687,10.10,2.00
2008.07.25 09:18:52.034,1.0686,1.0687,6.80,10.80
2008.07.25 09:18:53.311,1.0686,1.0687,6.80,10.80
2008.07.25 09:18:53.605,1.0686,1.0687,2.50,10.80
2008.07.25 09:18:55.698,1.0686,1.0687,5.80,10.80
2008.07.25 09:18:56.755,1.0686,1.0687,10.10,10.80
2008.07.25 09:18:57.594,1.0687,1.06875,6.80,8.20
2008.07.25 09:18:57.825,1.0687,1.06875,1.60,12.70
2008.07.25 09:18:58.260,1.0686,1.0687,10.10,7.40
2008.07.25 09:18:59.371,1.06865,1.0687,1.00,7.40
2008.07.25 09:18:59.592,1.0687,1.06875,1.00,5.30
2008.07.25 09:19:00.019,1.0687,1.06875,1.00,2.00
2008.07.25 09:19:00.218,1.0687,1.06875,2.50,2.00
2008.07.25 09:19:02.170,1.0687,1.0688,2.70,11.80
2008.07.25 09:19:02.270,1.0687,1.06875,2.50,2.00
2008.07.25 09:19:03.289,1.0687,1.06875,1.40,2.00
2008.07.25 09:19:03.617,1.0687,1.0688,1.40,11.80
2008.07.25 09:19:04.178,1.0687,1.06875,1.40,2.00
2008.07.25 09:19:04.468,1.06865,1.06875,5.40,2.00
2008.07.25 09:19:04.795,1.06865,1.06875,5.40,5.40
2008.07.25 09:19:05.077,1.0687,1.06875,1.40,5.40
2008.07.25 09:19:13.700,1.06865,1.06875,5.40,5.40
2008.07.25 09:19:14.157,1.0687,1.06875,1.40,5.40
2008.07.25 09:19:19.196,1.0687,1.06875,2.50,5.40
2008.07.25 09:19:19.726,1.0687,1.06875,2.50,3.30
2008.07.25 09:19:19.848,1.0687,1.06875,2.50,5.40
2008.07.25 09:19:20.108,1.0687,1.06875,2.50,2.00
2008.07.25 09:19:21.619,1.0687,1.06875,5.80,2.00
2008.07.25 09:19:21.877,1.06875,1.0688,1.00,5.40
2008.07.25 09:19:22.155,1.0688,1.06885,1.00,2.00
2008.07.25 09:19:22.335,1.0688,1.0689,2.50,11.80
2008.07.25 09:19:22.704,1.0688,1.06885,2.50,2.00
2008.07.25 09:19:22.885,1.0688,1.06885,1.40,2.00
2008.07.25 09:19:25.770,1.0688,1.06885,2.50,2.00
2008.07.25 09:19:26.061,1.0688,1.0689,2.50,11.80
2008.07.25 09:19:26.198,1.0688,1.06885,2.50,2.00
2008.07.25 09:19:27.122,1.0688,1.0689,2.50,11.80
2008.07.25 09:19:27.408,1.0688,1.06885,1.40,2.00
2008.07.25 09:19:28.151,1.0688,1.06885,2.50,2.00
2008.07.25 09:19:28.400,1.0688,1.06885,1.40,2.00
2008.07.25 09:19:31.751,1.0688,1.06885,2.50,2.00
2008.07.25 09:19:32.023,1.0688,1.0689,2.50,10.80
2008.07.25 09:19:32.279,1.0688,1.0689,6.80,10.80
2008.07.25 09:19:54.450,1.0688,1.0689,6.80,8.70
2008.07.25 09:19:54.667,1.06885,1.0689,1.00,8.70
2008.07.25 09:19:54.890,1.06885,1.06895,2.10,5.40
2008.07.25 09:19:55.118,1.06885,1.0689,8.80,2.00
2008.07.25 09:19:55.364,1.0689,1.069,1.00,10.80
2008.07.25 09:19:55.554,1.0689,1.069,4.30,7.40
2008.07.25 09:19:55.774,1.0689,1.069,10.10,7.40
2008.07.25 09:19:58.037,1.069,1.06905,1.00,5.30
2008.07.25 09:19:58.258,1.069,1.06905,1.00,2.00
2008.07.25 09:19:58.448,1.06905,1.0691,1.00,5.40
2008.07.25 09:19:58.587,1.06905,1.0691,1.00,3.30
2008.07.25 09:19:58.714,1.06905,1.06915,1.00,5.40
2008.07.25 09:19:58.844,1.0691,1.06915,1.40,6.40
2008.07.25 09:19:58.974,1.069,1.0691,7.80,2.00
2008.07.25 09:19:59.103,1.069,1.0691,7.80,7.40
2008.07.25 09:19:59.367,1.069,1.0691,10.10,7.40
2008.07.25 09:19:59.885,1.069,1.0691,10.10,7.40
2008.07.25 09:20:03.253,1.069,1.0691,10.10,10.80
2008.07.25 09:20:03.577,1.069,1.0691,6.80,10.80
2008.07.25 09:20:03.866,1.06895,1.069,7.80,5.40
2008.07.25 09:20:04.145,1.069,1.06905,1.60,4.40
2008.07.25 09:20:04.293,1.0689,1.069,7.80,2.00
2008.07.25 09:20:04.477,1.06895,1.069,1.00,2.00
2008.07.25 09:20:04.622,1.06895,1.06905,1.00,5.40
2008.07.25 09:20:05.225,1.069,1.06905,1.40,6.10
2008.07.25 09:20:05.513,1.0689,1.069,10.10,2.00
2008.07.25 09:20:05.862,1.0689,1.069,10.10,7.40
2008.07.25 09:20:08.151,1.0689,1.069,6.80,10.80
2008.07.25 09:20:09.240,1.069,1.06905,1.00,17.60
2008.07.25 09:20:09.392,1.069,1.06905,5.20,2.80
2008.07.25 09:20:09.555,1.06895,1.069,9.80,2.00
2008.07.25 09:20:09.726,1.069,1.06905,1.40,1.00
2008.07.25 09:20:09.886,1.069,1.06905,2.50,5.40
2008.07.25 09:20:10.183,1.069,1.0691,2.70,10.80
2008.07.25 09:20:10.681,1.069,1.0691,10.10,7.40
2008.07.25 09:20:11.098,1.069,1.0691,10.10,7.40
2008.07.25 09:20:11.383,1.069,1.0691,10.10,7.40
2008.07.25 09:20:19.756,1.069,1.0691,10.10,10.80
2008.07.25 09:20:21.138,1.069,1.0691,9.00,11.80
2008.07.25 09:20:21.345,1.069,1.0691,4.80,11.80
2008.07.25 09:20:21.744,1.069,1.06905,2.50,5.40
2008.07.25 09:20:21.912,1.069,1.0691,2.70,10.80
2008.07.25 09:20:22.545,1.069,1.0691,1.60,11.80
2008.07.25 09:20:22.901,1.069,1.06905,1.40,2.00
2008.07.25 09:20:23.569,1.069,1.06905,2.50,2.00
2008.07.25 09:20:23.932,1.06885,1.0689,4.90,5.40
2008.07.25 09:20:24.119,1.0688,1.0689,27.50,8.70
2008.07.25 09:20:24.643,1.0688,1.06885,23.00,1.00
2008.07.25 09:20:25.037,1.0688,1.06885,10.10,2.00
2008.07.25 09:20:25.399,1.0688,1.06885,9.00,3.10
2008.07.25 09:20:25.588,1.0688,1.06885,10.80,3.10
2008.07.25 09:20:25.767,1.0688,1.06885,11.80,2.00
2008.07.25 09:20:25.952,1.0688,1.06885,17.60,2.00
2008.07.25 09:20:26.132,1.0688,1.06885,10.10,2.00
2008.07.25 09:20:26.824,1.06885,1.0689,1.00,10.80
2008.07.25 09:20:27.458,1.0689,1.06895,4.10,12.20
2008.07.25 09:20:27.734,1.06895,1.069,1.00,9.30
2008.07.25 09:20:28.436,1.06895,1.069,1.00,10.80
2008.07.25 09:20:28.580,1.0689,1.069,2.70,10.80
2008.07.25 09:20:28.919,1.0689,1.06895,1.00,5.40
2008.07.25 09:20:29.258,1.06885,1.06895,2.50,5.40
2008.07.25 09:20:29.380,1.06885,1.06895,2.70,5.40
2008.07.25 09:20:29.841,1.0688,1.06895,5.90,6.40
2008.07.25 09:20:30.171,1.0688,1.06885,5.80,2.00
2008.07.25 09:20:30.501,1.0688,1.06885,2.50,2.00
2008.07.25 09:20:31.549,1.06885,1.0689,1.00,9.30
2008.07.25 09:20:31.899,1.06885,1.0689,1.00,5.40
2008.07.25 09:20:32.071,1.06885,1.0689,1.00,10.80
2008.07.25 09:20:32.195,1.06885,1.0689,1.00,8.70
2008.07.25 09:20:32.323,1.06885,1.0689,1.00,8.70
2008.07.25 09:20:32.463,1.0688,1.06885,2.50,2.00
2008.07.25 09:20:32.819,1.0689,1.06895,1.00,8.20
2008.07.25 09:20:33.178,1.0689,1.06895,2.50,6.80
2008.07.25 09:20:33.707,1.0689,1.06895,2.50,5.40
2008.07.25 09:20:33.889,1.0689,1.06895,1.40,10.80
2008.07.25 09:20:34.070,1.06885,1.0689,3.30,2.00
2008.07.25 09:20:34.257,1.0689,1.06895,1.40,10.80
2008.07.25 09:20:34.650,1.06885,1.0689,1.00,2.00
2008.07.25 09:20:34.950,1.0689,1.06895,1.40,5.40
2008.07.25 09:20:35.250,1.0689,1.06895,1.40,10.80
2008.07.25 09:20:35.629,1.06885,1.0689,1.00,2.00
2008.07.25 09:20:35.810,1.06885,1.0689,1.00,7.40
2008.07.25 09:20:36.154,1.06885,1.0689,1.00,10.80
2008.07.25 09:20:36.490,1.0688,1.0689,10.10,10.80
2008.07.25 09:20:36.673,1.0688,1.06885,2.50,2.00
2008.07.25 09:20:36.953,1.06885,1.0689,1.00,9.30
2008.07.25 09:20:37.209,1.0688,1.0689,2.50,10.80
2008.07.25 09:20:37.458,1.0688,1.06885,2.50,2.00
2008.07.25 09:20:38.097,1.0688,1.0689,2.50,11.80
2008.07.25 09:20:38.456,1.0688,1.0689,2.50,10.80
2008.07.25 09:20:39.365,1.0688,1.0689,6.80,11.80
2008.07.25 09:20:39.556,1.0688,1.06885,1.40,1.00
2008.07.25 09:20:39.736,1.0688,1.06885,1.40,3.60
2008.07.25 09:20:40.097,1.06875,1.0688,1.00,7.40
2008.07.25 09:20:42.091,1.06875,1.0688,2.10,2.00
2008.07.25 09:20:42.338,1.0688,1.06885,1.00,5.40
2008.07.25 09:20:42.733,1.0688,1.06885,1.00,2.00
2008.07.25 09:20:43.005,1.0688,1.06885,2.50,2.00
2008.07.25 09:20:43.875,1.0688,1.06885,1.40,6.40
2008.07.25 09:20:44.171,1.0687,1.0688,10.10,2.00
2008.07.25 09:20:44.453,1.0687,1.0688,10.10,7.40
2008.07.25 09:20:50.165,1.06875,1.0688,1.00,2.00
2008.07.25 09:20:50.359,1.0688,1.06885,1.00,5.30
2008.07.25 09:20:50.591,1.0688,1.06885,2.50,2.00
2008.07.25 09:20:50.784,1.0689,1.06895,1.00,10.80
2008.07.25 09:20:50.982,1.0689,1.06895,1.00,2.00
2008.07.25 09:20:51.361,1.0689,1.06895,2.50,2.00
2008.07.25 09:20:51.649,1.0689,1.06895,1.40,2.00
2008.07.25 09:20:51.902,1.0689,1.06895,1.40,5.40
2008.07.25 09:20:53.066,1.06875,1.0688,22.20,5.40
2008.07.25 09:20:53.184,1.0688,1.06885,1.40,11.70
2008.07.25 09:20:53.512,1.06875,1.0688,1.00,5.40
2008.07.25 09:20:53.766,1.06875,1.0688,2.10,5.40
2008.07.25 09:20:53.908,1.06875,1.0688,5.40,2.00
2008.07.25 09:20:54.138,1.0688,1.06885,1.00,2.00
2008.07.25 09:20:54.485,1.0688,1.06885,1.40,3.10
2008.07.25 09:20:54.833,1.0688,1.06885,1.40,15.50
2008.07.25 09:20:55.186,1.0687,1.0688,13.30,7.40
2008.07.25 09:20:55.377,1.0687,1.0688,10.10,5.40
2008.07.25 09:20:55.558,1.06875,1.06885,3.20,3.10
2008.07.25 09:20:55.742,1.0688,1.06885,1.00,2.00
2008.07.25 09:20:56.500,1.0688,1.06885,1.40,12.70
2008.07.25 09:20:56.907,1.0688,1.06885,1.40,15.50
2008.07.25 09:20:57.206,1.0687,1.0688,13.30,7.40
2008.07.25 09:20:57.584,1.06875,1.0688,1.00,7.40
2008.07.25 09:20:57.923,1.06875,1.0688,1.00,5.40
2008.07.25 09:20:58.261,1.0687,1.0688,10.10,7.40
2008.07.25 09:20:58.957,1.0687,1.0688,10.10,2.00
2008.07.25 09:20:59.311,1.0687,1.06885,10.10,6.40
2008.07.25 09:21:00.030,1.0687,1.0688,10.10,2.00
2008.07.25 09:21:00.478,1.0687,1.06885,10.10,6.40
2008.07.25 09:21:04.867,1.06875,1.06885,1.00,6.40
2008.07.25 09:21:05.258,1.0687,1.06885,10.10,6.40
2008.07.25 09:21:06.242,1.0687,1.0688,10.10,2.00
2008.07.25 09:21:06.424,1.06875,1.0688,1.00,2.00
2008.07.25 09:21:08.647,1.0687,1.0688,10.10,2.00
2008.07.25 09:21:12.706,1.06875,1.0688,1.00,2.00
2008.07.25 09:21:13.586,1.0687,1.06875,5.30,3.30
2008.07.25 09:21:14.176,1.06875,1.0688,1.00,6.40
2008.07.25 09:21:14.424,1.06875,1.0688,1.00,5.30
2008.07.25 09:21:14.817,1.06875,1.0688,1.00,5.40
2008.07.25 09:21:15.029,1.0687,1.06875,1.50,1.00
2008.07.25 09:21:15.190,1.06875,1.0688,1.00,10.90
2008.07.25 09:21:15.914,1.0687,1.0688,5.40,5.40
2008.07.25 09:21:16.291,1.0687,1.06875,2.50,2.00
2008.07.25 09:21:16.829,1.0687,1.06875,6.80,2.00
2008.07.25 09:21:17.105,1.0687,1.0688,6.80,5.40
2008.07.25 09:21:20.508,1.0687,1.06875,5.80,1.00
2008.07.25 09:21:20.821,1.06865,1.0687,4.60,2.00
2008.07.25 09:21:20.974,1.06865,1.0687,4.30,2.00
2008.07.25 09:21:21.126,1.06865,1.06875,2.10,5.40
2008.07.25 09:21:21.564,1.0687,1.06875,1.40,5.40
2008.07.25 09:21:22.004,1.0687,1.06875,1.40,6.40
2008.07.25 09:21:22.461,1.0686,1.0687,10.10,2.00
2008.07.25 09:21:22.700,1.0686,1.06875,10.10,6.40
2008.07.25 09:21:22.933,1.0686,1.0687,10.10,2.00
2008.07.25 09:21:24.341,1.0686,1.0687,10.10,7.40
2008.07.25 09:21:25.960,1.06865,1.0687,1.00,7.40
2008.07.25 09:21:26.182,1.06865,1.0687,1.00,2.00
2008.07.25 09:21:26.673,1.0686,1.0687,10.10,2.00
2008.07.25 09:21:26.856,1.0686,1.0687,10.10,2.00
2008.07.25 09:21:27.032,1.0686,1.0687,10.10,2.00
2008.07.25 09:21:27.211,1.0686,1.0687,10.10,7.40
2008.07.25 09:21:31.476,1.0686,1.0687,10.10,10.80
2008.07.25 09:21:33.854,1.06855,1.0686,7.10,5.40
2008.07.25 09:21:33.980,1.0686,1.06865,1.40,16.70
2008.07.25 09:21:34.112,1.06855,1.0686,1.00,5.40
2008.07.25 09:21:34.471,1.0685,1.0686,10.10,7.40
2008.07.25 09:21:38.944,1.06855,1.0686,1.00,7.40
2008.07.25 09:21:39.186,1.0685,1.0686,10.10,7.40
2008.07.25 09:21:40.482,1.0685,1.0686,5.80,8.50
2008.07.25 09:21:40.626,1.0685,1.06855,4.70,3.10
2008.07.25 09:21:40.766,1.0685,1.06855,2.50,5.40
2008.07.25 09:21:41.069,1.06845,1.0685,5.70,2.00
2008.07.25 09:21:41.203,1.0685,1.06855,2.10,2.00
2008.07.25 09:21:41.610,1.0685,1.0686,2.50,10.80
2008.07.25 09:21:41.878,1.0685,1.0686,5.80,7.40
2008.07.25 09:21:42.623,1.0685,1.0686,10.10,7.40
2008.07.25 09:21:52.350,1.0685,1.0686,6.80,7.40
2008.07.25 09:21:52.681,1.0685,1.0686,6.80,10.80
2008.07.25 09:21:53.454,1.0685,1.0686,10.10,7.40
2008.07.25 09:21:56.043,1.06855,1.0686,1.00,7.40
2008.07.25 09:21:57.218,1.0686,1.06865,4.10,9.30
2008.07.25 09:21:57.436,1.0686,1.06865,5.20,5.30
2008.07.25 09:21:57.637,1.0686,1.06865,6.80,2.80
2008.07.25 09:21:57.731,1.0686,1.0687,6.80,10.80
2008.07.25 09:21:59.702,1.0686,1.0687,5.80,11.80
2008.07.25 09:21:59.797,1.06855,1.0686,15.60,2.00
2008.07.25 09:22:00.199,1.06855,1.0686,2.50,2.00
2008.07.25 09:22:00.567,1.06855,1.0686,1.00,2.00
2008.07.25 09:22:00.926,1.06855,1.06865,1.00,5.40
2008.07.25 09:22:01.344,1.0685,1.06865,10.10,6.40
2008.07.25 09:22:01.593,1.0685,1.0686,10.10,2.00
2008.07.25 09:22:01.917,1.0685,1.0686,10.10,7.40
2008.07.25 09:22:02.250,1.06855,1.0686,1.00,2.00
2008.07.25 09:22:02.455,1.06855,1.06865,1.00,5.40
2008.07.25 09:22:02.840,1.0685,1.06865,10.10,6.40
2008.07.25 09:22:03.044,1.0685,1.0686,10.10,2.00
2008.07.25 09:22:03.393,1.0685,1.06865,10.10,6.40
2008.07.25 09:22:03.745,1.0685,1.0686,10.10,2.00
2008.07.25 09:22:04.097,1.0685,1.0686,10.10,7.40
2008.07.25 09:22:08.521,1.0685,1.0686,10.10,2.00
2008.07.25 09:22:08.832,1.06855,1.0686,1.00,2.00
2008.07.25 09:22:09.129,1.0685,1.0686,10.10,2.00
2008.07.25 09:22:10.526,1.0685,1.0686,10.10,7.40
2008.07.25 09:22:16.141,1.06855,1.0686,1.00,7.40
2008.07.25 09:22:17.294,1.06855,1.0686,1.00,10.80
2008.07.25 09:22:18.885,1.0685,1.0686,6.80,10.80
2008.07.25 09:22:18.968,1.0685,1.0686,10.10,7.40
2008.07.25 09:22:25.611,1.06855,1.0686,1.00,7.40
2008.07.25 09:22:27.489,1.06855,1.0686,2.10,7.40
2008.07.25 09:22:27.611,1.06855,1.0686,2.10,2.00
2008.07.25 09:22:27.720,1.06855,1.06865,1.00,6.40
2008.07.25 09:22:28.122,1.0686,1.06865,1.40,6.40
2008.07.25 09:22:28.470,1.0685,1.0686,7.70,5.40
2008.07.25 09:22:28.835,1.06855,1.0686,1.00,10.80
2008.07.25 09:22:32.113,1.06855,1.0686,1.00,5.40
2008.07.25 09:22:32.619,1.06855,1.0686,2.10,5.40
2008.07.25 09:22:32.738,1.06855,1.0686,2.10,3.30
2008.07.25 09:22:32.786,1.0686,1.06865,1.40,6.80
2008.07.25 09:22:33.559,1.0686,1.06865,1.40,5.40
2008.07.25 09:22:37.140,1.06855,1.06865,1.00,5.40
2008.07.25 09:22:37.226,1.06855,1.06865,1.00,5.40
2008.07.25 09:22:37.594,1.0685,1.06865,10.10,6.40
2008.07.25 09:22:37.674,1.06855,1.06865,1.00,6.40
2008.07.25 09:22:37.862,1.0686,1.06865,1.40,6.40
2008.07.25 09:22:38.432,1.0685,1.0686,10.10,7.40
2008.07.25 09:22:41.107,1.0685,1.0686,10.10,10.80
2008.07.25 09:22:42.693,1.0685,1.0686,10.10,7.40
2008.07.25 09:22:42.911,1.06855,1.0686,1.00,7.40
2008.07.25 09:22:44.283,1.06855,1.0686,1.00,2.00
2008.07.25 09:22:44.562,1.06855,1.06865,1.00,5.40
2008.07.25 09:22:44.834,1.0686,1.06865,1.40,5.40
2008.07.25 09:22:45.376,1.0686,1.06865,1.40,6.40
2008.07.25 09:22:45.614,1.06855,1.0686,1.00,2.00
2008.07.25 09:22:46.249,1.06855,1.0686,1.00,7.40
2008.07.25 09:22:50.931,1.06855,1.0686,1.00,2.00
2008.07.25 09:22:51.065,1.06855,1.0686,2.10,2.00
2008.07.25 09:22:51.476,1.06855,1.0686,6.20,2.00
2008.07.25 09:22:51.595,1.0686,1.06865,2.50,5.40
2008.07.25 09:22:51.712,1.0686,1.06865,2.50,3.30
2008.07.25 09:22:51.834,1.0686,1.06865,2.50,5.40
2008.07.25 09:22:52.052,1.0686,1.06865,2.50,2.00
2008.07.25 09:22:52.495,1.0686,1.06865,1.40,3.10
2008.07.25 09:22:52.791,1.0686,1.06865,1.40,3.60
2008.07.25 09:22:52.953,1.06855,1.0686,5.40,2.00
2008.07.25 09:22:53.392,1.0686,1.06865,1.40,2.80
2008.07.25 09:22:53.553,1.0686,1.06865,1.40,2.00
2008.07.25 09:22:54.470,1.0686,1.06865,1.40,3.10
2008.07.25 09:22:54.691,1.06855,1.06865,3.20,3.10
2008.07.25 09:22:54.921,1.06855,1.0686,1.00,2.00
2008.07.25 09:22:55.159,1.06855,1.0686,1.00,7.40
2008.07.25 09:22:56.488,1.06855,1.0686,1.00,2.00
2008.07.25 09:22:56.709,1.0685,1.0686,10.10,2.00
2008.07.25 09:22:57.200,1.0685,1.0686,10.10,7.40
2008.07.25 09:22:57.530,1.06855,1.0686,1.00,7.40
2008.07.25 09:22:59.995,1.0686,1.06865,5.20,2.80
2008.07.25 09:23:00.223,1.0686,1.0687,6.80,10.80
2008.07.25 09:23:00.871,1.06865,1.0687,1.00,10.80
2008.07.25 09:23:01.070,1.06865,1.0687,6.20,10.80
2008.07.25 09:23:01.275,1.0687,1.06875,5.20,2.80
2008.07.25 09:23:01.474,1.0687,1.06875,1.00,6.10
2008.07.25 09:23:01.670,1.06865,1.0687,2.10,2.00
2008.07.25 09:23:02.709,1.06865,1.0687,1.00,2.00
2008.07.25 09:23:03.606,1.06865,1.0687,1.00,7.40
2008.07.25 09:23:05.037,1.0686,1.0687,10.10,7.40
2008.07.25 09:23:05.538,1.06865,1.0687,1.00,7.40
2008.07.25 09:23:06.578,1.0686,1.0687,10.10,7.40
2008.07.25 09:23:07.437,1.0686,1.0687,10.10,8.50
2008.07.25 09:23:07.553,1.0686,1.0687,5.80,8.50
2008.07.25 09:23:07.768,1.0686,1.06865,5.80,2.00
2008.07.25 09:23:08.272,1.0686,1.0687,9.00,8.50
2008.07.25 09:23:08.580,1.0686,1.06865,9.00,2.00
2008.07.25 09:23:08.873,1.0686,1.0687,5.80,11.80
2008.07.25 09:23:09.175,1.0686,1.0687,6.80,11.80
2008.07.25 09:23:09.394,1.06865,1.0687,1.00,11.80
2008.07.25 09:23:09.607,1.0686,1.0687,6.80,11.80
2008.07.25 09:23:10.764,1.0686,1.0687,2.50,11.80
2008.07.25 09:23:11.066,1.0686,1.06865,1.00,2.00
2008.07.25 09:23:11.318,1.0686,1.06865,2.50,2.00
2008.07.25 09:23:11.458,1.0686,1.0687,2.50,11.80
2008.07.25 09:23:11.607,1.0686,1.06865,6.80,3.30
2008.07.25 09:23:11.751,1.0686,1.0687,2.50,11.80
2008.07.25 09:23:11.923,1.0686,1.06865,1.00,2.00
2008.07.25 09:23:12.061,1.06855,1.06865,5.80,3.10
2008.07.25 09:23:12.277,1.06855,1.06865,4.30,3.10
2008.07.25 09:23:12.528,1.0686,1.06865,1.00,2.00
2008.07.25 09:23:12.711,1.0686,1.06865,3.20,1.00
2008.07.25 09:23:12.985,1.0686,1.06865,1.40,1.00
2008.07.25 09:23:13.171,1.0686,1.06865,2.50,2.00
2008.07.25 09:23:13.509,1.0685,1.0686,5.80,3.10
2008.07.25 09:23:13.797,1.0685,1.0686,5.90,1.00
2008.07.25 09:23:14.120,1.0685,1.0686,10.10,3.10
2008.07.25 09:23:14.409,1.0686,1.06865,5.20,5.30
2008.07.25 09:23:14.770,1.0686,1.06865,6.30,3.30
2008.07.25 09:23:15.128,1.0686,1.06865,6.80,3.30
2008.07.25 09:23:15.504,1.06855,1.0686,12.40,1.00
2008.07.25 09:23:15.666,1.06855,1.0686,6.20,1.00
2008.07.25 09:23:15.817,1.06855,1.0686,1.00,1.00
2008.07.25 09:23:16.097,1.0685,1.0686,10.10,1.00
2008.07.25 09:23:17.178,1.0685,1.0686,6.80,4.40
2008.07.25 09:23:18.004,1.06855,1.0686,1.00,3.30
2008.07.25 09:23:20.016,1.0686,1.06865,1.40,7.60
2008.07.25 09:23:20.388,1.0686,1.06865,1.00,6.80
2008.07.25 09:23:20.567,1.06855,1.06865,2.50,6.40
2008.07.25 09:23:20.709,1.06855,1.06865,1.00,6.40
2008.07.25 09:23:20.886,1.0685,1.0686,10.10,1.00
2008.07.25 09:23:21.267,1.0685,1.0686,10.10,9.80
2008.07.25 09:23:21.457,1.0685,1.0686,10.10,11.80
2008.07.25 09:23:21.645,1.0685,1.0686,6.80,11.80
2008.07.25 09:23:24.140,1.0685,1.0686,5.80,11.80
2008.07.25 09:23:28.498,1.0685,1.06855,5.80,1.00
2008.07.25 09:23:28.856,1.0685,1.06855,1.40,1.00
2008.07.25 09:23:29.216,1.0685,1.06855,1.40,6.40
2008.07.25 09:23:29.575,1.0684,1.06855,10.10,6.40
2008.07.25 09:23:29.814,1.06845,1.06855,1.00,5.40
2008.07.25 09:23:30.053,1.06845,1.06855,1.00,3.30
2008.07.25 09:23:30.293,1.0685,1.06855,1.40,3.30
2008.07.25 09:23:30.533,1.0685,1.06855,5.80,3.30
2008.07.25 09:23:30.774,1.0685,1.06855,1.40,4.40
2008.07.25 09:23:31.022,1.0685,1.06855,1.40,6.40
2008.07.25 09:23:31.670,1.0684,1.06855,10.10,6.40
2008.07.25 09:23:32.217,1.06845,1.06855,1.00,6.40
2008.07.25 09:23:32.353,1.0684,1.06855,10.10,6.40
2008.07.25 09:23:34.771,1.06845,1.06855,1.00,6.40
2008.07.25 09:23:35.033,1.0685,1.06855,1.40,6.40
2008.07.25 09:23:35.577,1.06845,1.06855,1.00,6.40
2008.07.25 09:23:35.945,1.0685,1.06855,1.40,6.40
2008.07.25 09:23:36.360,1.06845,1.06855,1.00,6.40
2008.07.25 09:23:39.803,1.06845,1.0685,1.00,1.00
2008.07.25 09:23:40.092,1.06845,1.0685,1.00,3.10
2008.07.25 09:23:40.387,1.0684,1.0685,9.00,3.10
2008.07.25 09:23:40.504,1.0684,1.0685,9.00,6.40
2008.07.25 09:23:40.614,1.0684,1.0685,9.00,11.80
2008.07.25 09:23:41.542,1.0684,1.06845,1.60,3.30
2008.07.25 09:23:41.749,1.0683,1.0684,7.90,1.00
2008.07.25 09:23:41.953,1.0683,1.0684,7.70,1.00
2008.07.25 09:23:42.164,1.0684,1.06845,1.00,5.80
2008.07.25 09:23:42.402,1.06835,1.0684,1.00,1.00
2008.07.25 09:23:43.086,1.06835,1.06845,1.00,6.40
2008.07.25 09:23:49.751,1.06835,1.06845,7.20,5.40
2008.07.25 09:23:49.995,1.0684,1.06845,1.40,3.30
2008.07.25 09:23:50.709,1.0684,1.06845,1.40,6.40
2008.07.25 09:23:51.127,1.0683,1.06845,12.80,6.40
2008.07.25 09:23:51.347,1.0683,1.06845,10.10,6.40
2008.07.25 09:23:52.103,1.0683,1.06845,13.30,6.40
2008.07.25 09:23:52.251,1.06835,1.06845,6.20,5.40
2008.07.25 09:23:52.397,1.06835,1.06845,9.40,5.40
2008.07.25 09:23:52.571,1.06835,1.06845,10.90,5.40
2008.07.25 09:23:52.739,1.0684,1.06845,1.40,3.30
2008.07.25 09:23:53.059,1.06835,1.0684,1.50,1.00
