2011.03.03 16:00:00.746,0.82368,0.82378,2.25,1.50
2011.03.03 16:00:03.170,0.82367,0.82379,4.50,2.25
2011.03.03 16:00:03.675,0.82372,0.82379,4.50,1.50
2011.03.03 16:00:03.809,0.82369,0.8238,1.50,2.25
2011.03.03 16:00:04.361,0.82369,0.8238,1.50,3.75
2011.03.03 16:00:04.480,0.82369,0.82378,1.50,1.50
2011.03.03 16:00:04.701,0.82369,0.8238,1.50,3.75
2011.03.03 16:00:06.907,0.82369,0.8238,1.50,3.00
2011.03.03 16:00:07.629,0.82368,0.8238,2.25,2.25
2011.03.03 16:00:07.741,0.82368,0.8238,2.25,2.25
2011.03.03 16:00:09.404,0.82368,0.82381,2.25,3.00
2011.03.03 16:00:09.629,0.82368,0.8238,2.25,1.50
2011.03.03 16:00:10.180,0.82368,0.8238,2.25,3.00
2011.03.03 16:00:12.218,0.82368,0.8238,2.25,3.00
2011.03.03 16:00:12.769,0.82368,0.8238,2.25,3.00
2011.03.03 16:00:22.396,0.82368,0.8238,2.25,4.50
2011.03.03 16:00:23.390,0.82368,0.8238,2.25,4.50
2011.03.03 16:00:23.939,0.82368,0.82378,1.50,1.50
2011.03.03 16:00:24.714,0.82368,0.82374,1.50,1.50
2011.03.03 16:00:25.051,0.82361,0.82371,1.50,3.00
2011.03.03 16:00:25.613,0.82361,0.82372,1.50,3.00
2011.03.03 16:00:25.947,0.82361,0.82369,1.50,1.50
2011.03.03 16:00:26.279,0.82361,0.82371,1.50,1.50
2011.03.03 16:00:26.668,0.8236,0.82371,1.50,1.50
2011.03.03 16:00:26.891,0.8236,0.82371,1.50,3.00
2011.03.03 16:00:27.121,0.8236,0.82371,1.50,3.00
2011.03.03 16:00:27.459,0.82359,0.82371,2.25,4.50
2011.03.03 16:00:28.008,0.82359,0.82371,2.25,3.00
2011.03.03 16:00:28.670,0.82359,0.82371,2.25,3.00
2011.03.03 16:00:30.490,0.8236,0.82371,1.50,3.00
2011.03.03 16:00:30.928,0.82359,0.82371,2.25,3.00
2011.03.03 16:00:31.039,0.82359,0.82371,2.25,3.00
2011.03.03 16:00:31.588,0.82359,0.82371,2.25,3.00
2011.03.03 16:00:32.718,0.82359,0.82371,2.25,2.25
2011.03.03 16:00:33.988,0.82359,0.82371,2.25,2.25
2011.03.03 16:00:36.407,0.82359,0.82371,2.25,2.25
2011.03.03 16:00:36.959,0.82359,0.8237,3.00,1.50
2011.03.03 16:00:37.840,0.82359,0.82368,1.50,1.50
2011.03.03 16:00:38.231,0.82359,0.82371,1.50,1.50
2011.03.03 16:00:38.792,0.8236,0.82371,2.25,1.50
2011.03.03 16:00:43.231,0.8236,0.8237,2.25,1.50
2011.03.03 16:00:43.787,0.8236,0.82371,2.25,1.50
2011.03.03 16:00:46.761,0.8236,0.82371,1.50,2.25
2011.03.03 16:00:47.758,0.8236,0.8237,1.50,1.50
2011.03.03 16:00:48.308,0.82357,0.8237,1.50,3.75
2011.03.03 16:00:49.676,0.82357,0.8237,2.25,3.75
2011.03.03 16:00:55.124,0.82366,0.82373,3.19,5.25
2011.03.03 16:00:55.350,0.82368,0.82375,2.25,3.00
2011.03.03 16:00:55.898,0.82368,0.82376,2.25,1.50
2011.03.03 16:00:56.448,0.82368,0.82377,2.25,1.50
2011.03.03 16:00:56.887,0.82368,0.82379,2.25,1.50
2011.03.03 16:00:58.806,0.82366,0.82377,1.50,1.50
2011.03.03 16:00:59.360,0.82363,0.82377,3.00,1.50
2011.03.03 16:00:59.472,0.82363,0.82373,3.00,4.50
2011.03.03 16:01:00.028,0.82361,0.8237,2.25,1.50
2011.03.03 16:01:00.362,0.82363,0.82372,2.25,1.50
2011.03.03 16:01:00.478,0.82363,0.82374,2.25,1.50
2011.03.03 16:01:00.698,0.82361,0.82373,2.25,1.50
2011.03.03 16:01:01.248,0.82361,0.82371,1.50,2.25
2011.03.03 16:01:01.798,0.82359,0.8237,3.00,1.50
2011.03.03 16:01:02.399,0.82362,0.82372,1.50,2.25
2011.03.03 16:01:02.840,0.82362,0.82374,2.44,2.25
2011.03.03 16:01:04.480,0.82364,0.82376,1.50,3.75
2011.03.03 16:01:06.732,0.82364,0.82377,1.50,1.50
2011.03.03 16:01:08.599,0.82364,0.82376,2.44,1.50
2011.03.03 16:01:08.929,0.82368,0.82377,1.50,1.50
2011.03.03 16:01:09.258,0.82368,0.82377,2.25,1.50
2011.03.03 16:01:10.029,0.82367,0.82377,1.50,1.50
2011.03.03 16:01:10.140,0.82366,0.82376,1.50,1.50
2011.03.03 16:01:10.699,0.82364,0.82377,1.50,2.25
2011.03.03 16:01:11.299,0.82364,0.82371,1.50,1.50
2011.03.03 16:01:12.069,0.82361,0.82371,2.25,2.25
2011.03.03 16:01:12.820,0.82362,0.82371,1.69,1.50
2011.03.03 16:01:12.939,0.82362,0.82373,2.44,1.50
2011.03.03 16:01:13.051,0.82362,0.82375,2.44,1.50
2011.03.03 16:01:14.231,0.82362,0.82373,1.50,2.25
2011.03.03 16:01:14.789,0.82367,0.82374,1.50,1.50
2011.03.03 16:01:15.008,0.82367,0.82376,3.00,3.00
2011.03.03 16:01:15.450,0.82367,0.82378,3.00,1.50
2011.03.03 16:01:15.778,0.82367,0.82378,3.00,1.50
2011.03.03 16:01:20.009,0.8237,0.82379,1.50,1.50
2011.03.03 16:01:21.549,0.8237,0.82379,1.50,2.25
2011.03.03 16:01:21.659,0.82367,0.82378,2.25,3.19
2011.03.03 16:01:22.209,0.82366,0.82375,2.25,1.50
2011.03.03 16:01:23.680,0.82365,0.82378,1.50,2.40
2011.03.03 16:01:24.449,0.82365,0.82378,2.25,1.50
2011.03.03 16:01:24.888,0.82371,0.82379,1.50,1.50
2011.03.03 16:01:24.999,0.82371,0.82378,1.50,1.50
2011.03.03 16:01:25.330,0.82368,0.82378,1.50,1.50
2011.03.03 16:01:25.878,0.82366,0.82378,3.00,1.69
2011.03.03 16:01:26.102,0.82365,0.82377,2.25,1.50
2011.03.03 16:01:26.658,0.82365,0.82377,2.25,1.50
2011.03.03 16:01:32.230,0.82368,0.82379,2.25,3.00
2011.03.03 16:01:32.341,0.82368,0.82379,2.25,2.25
2011.03.03 16:01:32.899,0.82369,0.8238,1.50,1.50
2011.03.03 16:01:33.888,0.82372,0.82383,1.50,3.00
2011.03.03 16:01:34.329,0.82379,0.82386,1.50,8.25
2011.03.03 16:01:34.808,0.82371,0.82383,3.19,7.50
2011.03.03 16:01:35.141,0.82371,0.82382,1.69,3.00
2011.03.03 16:01:35.249,0.82369,0.82382,1.50,3.00
2011.03.03 16:01:36.677,0.82369,0.82381,1.50,1.50
2011.03.03 16:01:38.778,0.82369,0.82381,1.50,2.25
2011.03.03 16:01:43.618,0.82373,0.82381,4.50,1.50
2011.03.03 16:01:43.841,0.82371,0.82379,3.75,1.50
2011.03.03 16:01:43.960,0.82369,0.8238,1.50,1.50
2011.03.03 16:01:47.128,0.82369,0.82381,2.25,3.00
2011.03.03 16:01:48.230,0.8237,0.82381,2.44,2.25
2011.03.03 16:01:49.002,0.82376,0.82383,2.44,5.25
2011.03.03 16:01:49.121,0.82378,0.82383,2.25,5.25
2011.03.03 16:01:49.351,0.82372,0.82383,2.25,1.69
2011.03.03 16:01:49.571,0.82373,0.82383,1.50,2.25
2011.03.03 16:01:49.690,0.82372,0.82386,1.50,2.25
2011.03.03 16:01:51.243,0.82379,0.82385,1.50,1.50
2011.03.03 16:01:51.363,0.82379,0.82387,2.25,1.50
2011.03.03 16:01:51.918,0.82379,0.82388,2.25,2.25
2011.03.03 16:01:55.989,0.82379,0.82389,2.25,1.50
2011.03.03 16:01:56.870,0.82379,0.82389,2.25,1.50
2011.03.03 16:01:58.849,0.8238,0.82391,2.78,3.00
2011.03.03 16:01:58.960,0.82382,0.82391,1.50,2.25
2011.03.03 16:01:59.180,0.82381,0.82391,1.69,1.50
2011.03.03 16:01:59.729,0.82385,0.82391,1.69,1.50
2011.03.03 16:02:00.062,0.82387,0.82399,1.69,3.00
2011.03.03 16:02:00.290,0.82387,0.82397,1.69,1.50
2011.03.03 16:02:00.621,0.82386,0.82392,2.25,3.19
2011.03.03 16:02:00.850,0.82384,0.82393,1.50,7.69
2011.03.03 16:02:01.070,0.82382,0.82396,2.25,3.00
2011.03.03 16:02:01.289,0.82388,0.82395,1.50,2.25
2011.03.03 16:02:01.989,0.82386,0.82395,1.50,1.50
2011.03.03 16:02:02.537,0.82383,0.82395,2.25,1.50
2011.03.03 16:02:03.729,0.82387,0.82398,1.50,3.00
2011.03.03 16:02:05.379,0.82388,0.82399,2.25,1.50
2011.03.03 16:02:08.979,0.82388,0.82398,2.25,1.50
2011.03.03 16:02:11.179,0.82388,0.824,3.75,2.25
2011.03.03 16:02:11.290,0.82388,0.824,3.00,1.50
2011.03.03 16:02:11.838,0.82388,0.824,2.25,1.50
2011.03.03 16:02:24.638,0.8239,0.824,1.50,1.50
2011.03.03 16:02:24.860,0.82392,0.82402,2.25,2.25
2011.03.03 16:02:25.201,0.82397,0.82409,2.25,2.12
2011.03.03 16:02:25.429,0.82397,0.82408,2.25,1.57
2011.03.03 16:02:25.758,0.82396,0.82404,3.00,1.50
2011.03.03 16:02:25.981,0.82392,0.82404,1.88,3.94
2011.03.03 16:02:26.209,0.82393,0.82402,1.13,1.69
2011.03.03 16:02:26.620,0.82398,0.82404,1.50,1.50
2011.03.03 16:02:26.734,0.82398,0.82409,2.25,1.50
2011.03.03 16:02:30.989,0.82398,0.82408,1.50,1.51
2011.03.03 16:02:38.470,0.82397,0.82408,3.94,2.26
2011.03.03 16:02:38.798,0.82397,0.82403,1.50,1.50
2011.03.03 16:02:39.353,0.82389,0.82401,3.94,2.25
2011.03.03 16:02:39.472,0.82391,0.82401,1.50,2.25
2011.03.03 16:02:39.700,0.82391,0.82403,1.69,1.50
2011.03.03 16:02:40.091,0.82391,0.82402,1.50,2.25
2011.03.03 16:02:40.420,0.82398,0.82405,2.25,1.50
2011.03.03 16:02:40.529,0.82398,0.82406,2.25,2.26
2011.03.03 16:02:41.531,0.82393,0.82401,1.21,2.25
2011.03.03 16:02:41.750,0.82391,0.82401,1.50,3.00
2011.03.03 16:02:42.297,0.82391,0.82401,1.50,3.00
2011.03.03 16:02:42.739,0.82392,0.82403,1.50,1.50
2011.03.03 16:02:44.209,0.82392,0.82401,1.50,1.50
2011.03.03 16:02:44.540,0.8239,0.82401,1.50,3.75
2011.03.03 16:02:51.375,0.82396,0.82402,1.50,1.50
2011.03.03 16:02:51.492,0.82398,0.82406,1.50,1.50
2011.03.03 16:02:52.050,0.82398,0.82408,1.50,1.50
2011.03.03 16:02:52.598,0.82398,0.82408,1.50,1.50
2011.03.03 16:02:56.053,0.82398,0.82408,1.50,1.69
2011.03.03 16:02:56.170,0.82396,0.82405,1.50,1.50
2011.03.03 16:02:56.279,0.82396,0.82404,1.50,1.50
2011.03.03 16:02:56.388,0.82394,0.82404,2.25,1.50
2011.03.03 16:02:56.939,0.82393,0.82401,2.25,2.25
2011.03.03 16:02:57.269,0.82389,0.82399,2.25,1.50
2011.03.03 16:02:58.150,0.82389,0.82399,2.25,1.50
2011.03.03 16:02:58.698,0.82389,0.824,2.25,1.50
2011.03.03 16:02:59.959,0.82389,0.82401,2.25,3.00
2011.03.03 16:03:03.370,0.82389,0.824,2.25,2.25
2011.03.03 16:03:03.813,0.82389,0.82401,2.25,3.00
2011.03.03 16:03:05.729,0.82389,0.82401,1.65,1.50
2011.03.03 16:03:05.842,0.82389,0.82401,1.50,1.50
2011.03.03 16:03:06.512,0.82391,0.82403,2.25,7.69
2011.03.03 16:03:07.069,0.82395,0.82405,1.50,3.00
2011.03.03 16:03:07.289,0.82399,0.82405,1.50,1.50
2011.03.03 16:03:07.399,0.82397,0.82405,1.69,1.50
2011.03.03 16:03:07.940,0.82393,0.82405,2.25,2.25
2011.03.03 16:03:08.380,0.82393,0.82404,2.25,1.50
2011.03.03 16:03:10.139,0.82396,0.82405,1.50,1.50
2011.03.03 16:03:10.251,0.82397,0.82406,2.25,1.50
2011.03.03 16:03:10.480,0.82399,0.82408,1.50,1.50
2011.03.03 16:03:10.919,0.82399,0.82408,1.50,1.50
2011.03.03 16:03:13.778,0.82399,0.82406,1.50,1.50
2011.03.03 16:03:14.107,0.82399,0.82406,1.50,2.25
2011.03.03 16:03:16.749,0.82399,0.82403,1.50,3.75
2011.03.03 16:03:16.860,0.82393,0.82401,1.50,3.00
2011.03.03 16:03:17.276,0.82389,0.82398,1.50,1.50
2011.03.03 16:03:18.490,0.8239,0.82399,2.25,2.25
2011.03.03 16:03:18.820,0.82399,0.82407,1.50,1.50
2011.03.03 16:03:22.030,0.82399,0.82406,1.50,1.50
2011.03.03 16:03:22.579,0.82399,0.82406,1.50,1.50
2011.03.03 16:03:23.329,0.82399,0.82406,1.50,1.50
2011.03.03 16:03:23.878,0.82399,0.82407,1.50,2.25
2011.03.03 16:03:26.389,0.82399,0.82404,1.50,1.50
2011.03.03 16:03:26.718,0.82399,0.82407,1.50,1.50
2011.03.03 16:03:31.950,0.82399,0.82406,1.50,1.50
2011.03.03 16:03:32.498,0.82399,0.82407,1.50,2.25
2011.03.03 16:03:34.610,0.82399,0.82406,1.50,1.50
2011.03.03 16:03:35.312,0.82399,0.82406,1.50,1.50
2011.03.03 16:03:36.089,0.82399,0.82406,1.50,1.50
2011.03.03 16:03:36.638,0.82399,0.82407,1.50,2.25
2011.03.03 16:03:37.319,0.82399,0.82406,1.50,1.50
2011.03.03 16:03:37.869,0.82396,0.82402,1.50,1.50
2011.03.03 16:03:37.980,0.82392,0.82402,1.50,1.50
2011.03.03 16:03:38.090,0.82389,0.824,2.25,1.50
2011.03.03 16:03:38.630,0.82389,0.824,1.50,3.00
2011.03.03 16:03:54.265,0.82389,0.82401,2.25,3.00
2011.03.03 16:03:54.818,0.82389,0.824,3.00,2.25
2011.03.03 16:04:01.752,0.82389,0.82401,2.25,3.75
2011.03.03 16:04:02.090,0.82389,0.82401,2.25,3.75
2011.03.03 16:04:02.969,0.82389,0.82401,1.50,3.75
2011.03.03 16:04:10.986,0.82389,0.82399,2.25,2.25
2011.03.03 16:04:12.008,0.82389,0.82399,2.25,2.25
2011.03.03 16:04:16.560,0.82389,0.824,3.00,1.50
2011.03.03 16:04:17.908,0.82389,0.824,2.25,2.25
2011.03.03 16:04:22.808,0.82389,0.82399,1.50,1.50
2011.03.03 16:04:23.358,0.82389,0.824,1.50,2.25
2011.03.03 16:04:24.898,0.82389,0.82399,1.50,1.50
2011.03.03 16:04:26.278,0.82389,0.82399,1.50,1.50
2011.03.03 16:04:26.828,0.82389,0.82399,1.50,1.50
2011.03.03 16:04:28.038,0.82389,0.82399,1.50,1.50
2011.03.03 16:04:28.587,0.82389,0.82399,1.50,1.50
2011.03.03 16:04:34.711,0.82389,0.82397,1.50,4.65
2011.03.03 16:04:34.930,0.82386,0.82396,2.25,11.78
2011.03.03 16:04:35.261,0.82386,0.82394,2.25,1.50
2011.03.03 16:04:35.589,0.82383,0.82393,1.50,1.50
2011.03.03 16:04:37.173,0.82382,0.82393,2.25,1.50
2011.03.03 16:04:40.809,0.82381,0.82393,3.19,2.25
2011.03.03 16:04:41.678,0.82381,0.82391,3.19,1.50
2011.03.03 16:04:41.801,0.82379,0.8239,2.25,1.50
2011.03.03 16:04:43.997,0.82379,0.8239,2.25,1.50
2011.03.03 16:04:45.320,0.82379,0.82389,1.50,2.25
2011.03.03 16:04:51.190,0.82379,0.82389,2.25,1.50
2011.03.03 16:04:51.853,0.82379,0.8239,3.00,1.50
2011.03.03 16:04:53.179,0.82379,0.8239,1.50,2.25
2011.03.03 16:04:55.618,0.82379,0.8239,3.00,1.50
2011.03.03 16:04:56.228,0.82379,0.82391,3.00,2.25
2011.03.03 16:05:08.437,0.82375,0.82381,1.50,1.50
2011.03.03 16:05:08.660,0.82374,0.82381,3.75,1.50
2011.03.03 16:05:08.880,0.82369,0.82381,3.00,3.00
2011.03.03 16:05:09.978,0.8237,0.82381,1.50,2.25
2011.03.03 16:05:10.200,0.82371,0.82382,3.94,2.25
2011.03.03 16:05:10.529,0.82372,0.82385,1.69,3.00
2011.03.03 16:05:11.078,0.82372,0.82384,1.50,1.50
2011.03.03 16:05:12.314,0.82372,0.82381,1.50,1.50
2011.03.03 16:05:12.868,0.8237,0.82381,1.50,2.25
2011.03.03 16:05:13.530,0.8237,0.82381,1.50,2.25
2011.03.03 16:05:15.208,0.8237,0.82381,1.50,2.25
2011.03.03 16:05:16.969,0.82371,0.82381,1.50,2.25
2011.03.03 16:05:22.993,0.82376,0.82381,3.19,1.50
2011.03.03 16:05:23.331,0.82379,0.82384,1.50,1.50
2011.03.03 16:05:23.848,0.82379,0.8239,2.25,2.25
2011.03.03 16:05:24.444,0.82377,0.82383,4.50,2.44
2011.03.03 16:05:24.561,0.82378,0.82384,2.25,3.75
2011.03.03 16:05:24.780,0.82378,0.82389,2.25,1.50
2011.03.03 16:05:26.739,0.82378,0.82385,2.25,1.69
2011.03.03 16:05:27.073,0.82379,0.82389,2.25,1.50
2011.03.03 16:05:27.628,0.82379,0.82391,2.25,4.50
2011.03.03 16:05:28.178,0.82379,0.82391,3.00,3.75
2011.03.03 16:05:29.668,0.82379,0.82391,2.25,4.50
2011.03.03 16:05:34.080,0.82379,0.82389,1.50,1.50
2011.03.03 16:05:39.129,0.82379,0.82384,1.50,1.50
2011.03.03 16:05:39.238,0.82377,0.82388,3.00,1.50
2011.03.03 16:05:39.351,0.82377,0.82384,2.25,1.50
2011.03.03 16:05:39.678,0.82375,0.82384,1.50,1.50
2011.03.03 16:05:40.251,0.82374,0.82384,1.50,1.50
2011.03.03 16:05:41.161,0.82377,0.82387,1.50,2.25
2011.03.03 16:05:41.709,0.82378,0.82388,1.50,1.50
2011.03.03 16:05:41.819,0.82378,0.82384,1.50,1.50
2011.03.03 16:05:42.149,0.82375,0.82384,1.50,1.50
2011.03.03 16:05:42.699,0.82372,0.82385,3.75,1.50
2011.03.03 16:05:43.139,0.82372,0.82382,3.00,2.25
2011.03.03 16:05:43.471,0.8237,0.82381,1.50,2.25
2011.03.03 16:05:50.314,0.82369,0.82381,2.25,2.25
2011.03.03 16:05:51.549,0.82369,0.8238,1.50,1.50
2011.03.03 16:05:52.099,0.82369,0.82379,2.25,1.50
2011.03.03 16:05:52.648,0.82369,0.82379,2.25,1.50
2011.03.03 16:05:52.763,0.82366,0.82372,6.00,1.50
2011.03.03 16:05:52.991,0.82362,0.82372,1.50,2.44
2011.03.03 16:05:53.549,0.82362,0.82372,1.50,1.69
2011.03.03 16:05:56.159,0.82362,0.82371,1.50,1.50
2011.03.03 16:05:56.710,0.82361,0.82371,2.25,1.50
2011.03.03 16:06:03.449,0.8236,0.82371,1.50,2.25
2011.03.03 16:06:08.270,0.82359,0.82371,3.00,3.00
2011.03.03 16:06:23.490,0.82361,0.8237,1.50,1.50
2011.03.03 16:06:24.664,0.82359,0.82371,6.38,3.00
2011.03.03 16:06:25.220,0.8236,0.82371,2.25,3.00
2011.03.03 16:06:25.769,0.8236,0.82371,1.50,3.00
2011.03.03 16:06:26.760,0.82359,0.8237,3.00,2.25
2011.03.03 16:06:28.330,0.82359,0.82371,3.00,3.00
2011.03.03 16:06:29.907,0.82359,0.82371,1.50,3.00
2011.03.03 16:06:33.030,0.82359,0.82371,3.00,3.00
2011.03.03 16:06:33.583,0.82359,0.82371,1.50,3.00
2011.03.03 16:06:53.209,0.82358,0.82371,2.25,1.50
2011.03.03 16:06:54.307,0.82358,0.82371,4.35,1.50
2011.03.03 16:06:54.529,0.82358,0.82371,2.25,1.50
2011.03.03 16:06:56.589,0.82359,0.82372,3.38,4.50
2011.03.03 16:06:57.138,0.82359,0.82372,2.63,3.00
2011.03.03 16:06:57.470,0.82358,0.82372,3.00,3.75
2011.03.03 16:07:03.078,0.82358,0.82371,2.25,1.50
2011.03.03 16:07:04.043,0.82359,0.82371,1.50,1.50
2011.03.03 16:07:09.027,0.8236,0.82372,2.85,4.50
2011.03.03 16:07:09.650,0.8236,0.82372,1.50,4.50
2011.03.03 16:07:09.775,0.8236,0.82372,2.25,4.50
2011.03.03 16:07:22.813,0.8236,0.82371,3.00,1.50
2011.03.03 16:07:23.368,0.8236,0.82371,1.50,2.25
2011.03.03 16:07:27.148,0.82359,0.82371,3.00,3.00
2011.03.03 16:07:31.288,0.8236,0.82371,3.00,2.25
2011.03.03 16:07:31.618,0.82362,0.82373,1.50,3.00
2011.03.03 16:07:32.278,0.82362,0.82374,1.50,1.50
2011.03.03 16:07:32.389,0.82363,0.82375,2.25,2.25
2011.03.03 16:07:33.912,0.82368,0.82376,1.50,3.00
2011.03.03 16:07:34.035,0.82368,0.82379,3.00,2.25
2011.03.03 16:07:34.260,0.82369,0.82381,1.50,2.25
2011.03.03 16:07:35.909,0.8237,0.82382,2.44,3.75
2011.03.03 16:07:36.239,0.82371,0.82382,2.07,1.50
2011.03.03 16:07:36.679,0.82371,0.82384,1.50,1.50
2011.03.03 16:07:39.100,0.82371,0.82382,1.50,1.50
2011.03.03 16:07:39.981,0.82374,0.82382,1.50,3.00
2011.03.03 16:07:40.423,0.82378,0.82385,1.50,3.75
2011.03.03 16:07:40.653,0.82378,0.82389,3.00,1.50
2011.03.03 16:07:43.402,0.82378,0.8239,3.00,3.75
2011.03.03 16:07:43.962,0.82378,0.8239,3.00,1.50
2011.03.03 16:07:49.629,0.82378,0.82388,3.00,1.50
2011.03.03 16:07:49.977,0.82374,0.82387,1.50,3.75
2011.03.03 16:07:50.299,0.82374,0.82382,1.50,1.50
2011.03.03 16:07:50.427,0.82373,0.82384,2.25,1.50
2011.03.03 16:07:50.982,0.82373,0.82385,1.50,2.25
2011.03.03 16:07:51.313,0.82377,0.82386,1.50,1.50
2011.03.03 16:07:51.651,0.82378,0.8239,2.25,2.25
2011.03.03 16:07:53.635,0.82378,0.82388,1.50,6.00
2011.03.03 16:07:53.860,0.82373,0.82384,1.50,1.69
2011.03.03 16:07:53.972,0.82372,0.82384,4.50,3.19
2011.03.03 16:07:54.566,0.82373,0.82384,1.50,2.25
2011.03.03 16:07:55.801,0.82376,0.82384,2.25,2.25
2011.03.03 16:07:56.130,0.82378,0.82387,2.25,1.50
2011.03.03 16:07:56.460,0.82378,0.82389,2.25,3.00
2011.03.03 16:07:57.011,0.82378,0.82389,3.00,1.50
2011.03.03 16:07:57.121,0.82378,0.82389,3.00,2.25
2011.03.03 16:07:57.339,0.82378,0.82389,3.00,1.50
2011.03.03 16:07:57.889,0.82378,0.82389,3.00,2.25
2011.03.03 16:07:58.000,0.82377,0.82388,3.75,1.50
2011.03.03 16:07:58.440,0.82372,0.82382,1.50,1.50
2011.03.03 16:07:58.550,0.8237,0.82382,1.50,3.00
2011.03.03 16:07:58.882,0.82372,0.82382,1.50,1.50
2011.03.03 16:07:59.349,0.82373,0.82384,1.50,4.50
2011.03.03 16:08:00.780,0.82373,0.82384,2.25,1.50
2011.03.03 16:08:01.111,0.82378,0.82386,1.50,1.50
2011.03.03 16:08:01.222,0.82378,0.82387,2.25,1.50
2011.03.03 16:08:02.100,0.82378,0.82387,2.25,5.25
2011.03.03 16:08:02.650,0.82375,0.82383,1.50,1.50
2011.03.03 16:08:03.200,0.82375,0.82384,1.50,1.50
2011.03.03 16:08:03.311,0.82371,0.82384,3.19,2.25
2011.03.03 16:08:06.851,0.82376,0.82382,2.25,1.50
2011.03.03 16:08:07.182,0.82378,0.82383,1.50,1.50
2011.03.03 16:08:08.415,0.82376,0.82382,3.75,1.50
2011.03.03 16:08:08.646,0.82378,0.82383,1.50,1.50
2011.03.03 16:08:08.981,0.82374,0.82381,4.50,1.50
2011.03.03 16:08:10.632,0.82374,0.82384,1.50,1.50
2011.03.03 16:08:10.741,0.82374,0.82387,1.50,1.50
2011.03.03 16:08:10.856,0.82378,0.82387,1.50,1.50
2011.03.03 16:08:11.302,0.82378,0.82389,2.25,2.25
2011.03.03 16:08:12.432,0.82378,0.82386,1.50,1.50
2011.03.03 16:08:12.547,0.82375,0.82387,2.25,1.50
2011.03.03 16:08:19.064,0.82375,0.82387,3.00,3.00
2011.03.03 16:08:19.401,0.82372,0.82384,3.00,3.00
2011.03.03 16:08:23.040,0.82373,0.82382,1.50,2.25
2011.03.03 16:08:23.369,0.82374,0.82384,1.50,1.50
2011.03.03 16:08:28.661,0.82374,0.82385,2.25,1.50
2011.03.03 16:08:35.431,0.82374,0.82386,2.25,1.50
2011.03.03 16:08:36.841,0.82378,0.82387,1.50,4.50
2011.03.03 16:08:39.590,0.82374,0.82387,2.25,1.50
2011.03.03 16:08:44.700,0.82376,0.82387,2.25,1.50
2011.03.03 16:08:44.810,0.82374,0.82387,2.25,2.25
2011.03.03 16:08:50.400,0.82376,0.82387,2.25,1.50
2011.03.03 16:08:50.622,0.82379,0.82387,1.50,1.50
2011.03.03 16:08:50.840,0.82377,0.82389,3.00,1.50
2011.03.03 16:08:50.950,0.82377,0.8239,4.50,1.50
2011.03.03 16:08:51.500,0.82379,0.8239,2.25,2.25
2011.03.03 16:08:51.611,0.82379,0.82388,1.50,1.69
2011.03.03 16:08:51.721,0.82375,0.82388,3.75,1.69
2011.03.03 16:08:53.920,0.82375,0.82384,1.50,2.25
2011.03.03 16:08:54.141,0.82374,0.82381,1.50,2.25
2011.03.03 16:08:54.626,0.82372,0.82384,3.75,1.50
2011.03.03 16:08:55.210,0.82377,0.82384,3.75,1.50
2011.03.03 16:08:55.431,0.82378,0.82389,1.50,1.50
2011.03.03 16:08:55.543,0.82378,0.82387,1.50,1.50
2011.03.03 16:08:55.651,0.82376,0.82387,2.25,1.50
2011.03.03 16:08:56.311,0.82375,0.82385,1.50,1.50
2011.03.03 16:08:56.531,0.82373,0.82385,2.25,1.50
2011.03.03 16:08:56.973,0.82372,0.82381,1.50,1.50
2011.03.03 16:08:57.421,0.82373,0.82382,1.50,2.25
2011.03.03 16:09:06.321,0.82375,0.82382,1.69,2.25
2011.03.03 16:09:06.653,0.82379,0.82385,1.50,1.50
2011.03.03 16:09:07.429,0.82379,0.82385,2.25,1.50
2011.03.03 16:09:08.799,0.82379,0.8239,2.25,1.50
2011.03.03 16:09:14.211,0.82379,0.82389,2.25,2.44
2011.03.03 16:09:14.322,0.82376,0.82389,2.25,3.94
2011.03.03 16:09:14.540,0.82374,0.82388,2.25,1.32
2011.03.03 16:09:15.089,0.82375,0.82387,2.25,1.13
2011.03.03 16:09:17.180,0.82379,0.82389,1.50,3.75
2011.03.03 16:09:17.402,0.82379,0.82389,1.50,2.25
2011.03.03 16:09:21.760,0.82379,0.82384,1.50,1.50
2011.03.03 16:09:21.979,0.82379,0.82389,1.50,1.50
2011.03.03 16:09:33.377,0.82379,0.82389,3.00,1.50
2011.03.03 16:09:43.441,0.8238,0.82389,2.25,1.50
2011.03.03 16:09:43.991,0.82382,0.82389,1.50,1.50
2011.03.03 16:09:45.310,0.8238,0.82391,2.25,4.50
2011.03.03 16:09:55.312,0.82379,0.82389,2.25,1.50
2011.03.03 16:09:55.429,0.82376,0.82384,4.50,2.44
2011.03.03 16:09:55.654,0.82373,0.82381,1.50,2.25
2011.03.03 16:09:55.773,0.8237,0.82381,1.50,3.75
2011.03.03 16:09:56.222,0.82372,0.82381,2.44,3.00
2011.03.03 16:09:56.993,0.82375,0.82384,1.50,1.50
2011.03.03 16:09:57.113,0.82376,0.82384,5.25,1.50
2011.03.03 16:09:57.673,0.82375,0.82388,2.25,3.75
2011.03.03 16:09:58.781,0.82378,0.82388,1.50,2.25
2011.03.03 16:09:59.313,0.82378,0.82388,3.00,1.50
2011.03.03 16:09:59.872,0.82378,0.82388,3.00,1.50
2011.03.03 16:10:00.640,0.82378,0.82388,3.00,1.50
2011.03.03 16:10:01.082,0.82379,0.82391,1.50,3.00
2011.03.03 16:10:04.481,0.82379,0.82391,1.50,3.00
2011.03.03 16:10:05.030,0.82378,0.82391,3.00,3.00
2011.03.03 16:10:05.361,0.8238,0.82391,3.19,2.25
2011.03.03 16:10:08.909,0.82381,0.82391,1.50,3.00
2011.03.03 16:10:09.131,0.8238,0.82391,1.50,3.75
2011.03.03 16:10:11.363,0.82382,0.82391,1.50,3.00
2011.03.03 16:10:11.803,0.8238,0.82391,1.50,2.25
2011.03.03 16:10:14.451,0.82381,0.82391,1.50,3.75
2011.03.03 16:10:14.672,0.82381,0.82391,2.44,2.25
2011.03.03 16:10:15.662,0.82379,0.82391,7.50,2.25
2011.03.03 16:10:15.880,0.82379,0.8239,1.50,1.50
2011.03.03 16:10:16.542,0.82379,0.82391,1.50,5.25
2011.03.03 16:10:17.751,0.82379,0.82391,2.25,4.50
2011.03.03 16:10:18.117,0.82381,0.82391,1.69,3.75
2011.03.03 16:10:18.352,0.82389,0.82398,1.50,1.50
2011.03.03 16:10:18.693,0.82389,0.82395,1.50,1.50
2011.03.03 16:10:18.806,0.82389,0.82398,1.50,1.69
2011.03.03 16:10:18.922,0.82387,0.82394,1.69,1.50
2011.03.03 16:10:19.142,0.82385,0.82394,1.50,1.50
2011.03.03 16:10:21.890,0.82387,0.82394,2.25,1.50
2011.03.03 16:10:22.369,0.82386,0.82394,2.25,1.50
2011.03.03 16:10:22.702,0.82386,0.82394,7.50,1.50
2011.03.03 16:10:22.814,0.82387,0.82394,1.50,1.50
2011.03.03 16:10:23.043,0.82387,0.82394,1.50,1.50
2011.03.03 16:10:23.482,0.82385,0.82398,2.25,1.69
2011.03.03 16:10:24.471,0.82384,0.82398,3.00,3.75
2011.03.03 16:10:26.370,0.82384,0.82395,1.50,2.25
2011.03.03 16:10:26.700,0.82389,0.82397,1.50,1.50
2011.03.03 16:10:29.890,0.82389,0.82397,1.50,1.22
2011.03.03 16:10:33.965,0.82383,0.82389,6.00,1.50
2011.03.03 16:10:34.193,0.8238,0.82389,4.50,1.50
2011.03.03 16:10:38.310,0.82381,0.82389,1.69,1.50
2011.03.03 16:10:38.420,0.82381,0.82391,2.44,3.00
2011.03.03 16:10:38.532,0.82379,0.82389,6.00,1.50
2011.03.03 16:10:39.633,0.82381,0.82391,1.69,1.50
2011.03.03 16:10:39.741,0.82381,0.8239,1.69,1.50
2011.03.03 16:10:42.420,0.82378,0.8239,3.00,1.50
2011.03.03 16:10:42.862,0.82376,0.82388,5.25,2.44
2011.03.03 16:10:45.320,0.82372,0.82385,1.50,3.00
2011.03.03 16:10:49.082,0.82378,0.82385,1.50,2.25
2011.03.03 16:10:51.767,0.82378,0.82389,1.50,1.50
2011.03.03 16:10:52.544,0.82377,0.82389,3.75,5.07
2011.03.03 16:10:53.243,0.82375,0.82386,1.50,1.50
2011.03.03 16:10:54.141,0.82375,0.82386,1.50,1.50
2011.03.03 16:10:56.567,0.82378,0.82387,1.50,2.25
2011.03.03 16:10:56.903,0.82373,0.82385,1.50,2.25
2011.03.03 16:10:58.942,0.82371,0.82384,1.50,2.25
2011.03.03 16:10:59.052,0.8237,0.82383,2.25,1.50
2011.03.03 16:11:05.149,0.82371,0.82383,1.50,1.50
2011.03.03 16:11:05.372,0.82377,0.82383,2.25,1.50
2011.03.03 16:11:05.699,0.82379,0.82386,1.50,1.50
2011.03.03 16:11:06.140,0.82376,0.82383,3.75,2.25
2011.03.03 16:11:06.250,0.82374,0.82383,1.50,2.25
2011.03.03 16:11:06.470,0.82371,0.82383,2.25,1.50
2011.03.03 16:11:09.554,0.82372,0.82384,1.50,3.75
2011.03.03 16:11:09.895,0.82373,0.82384,2.25,2.25
2011.03.03 16:11:10.120,0.82371,0.82384,1.50,3.00
2011.03.03 16:11:15.154,0.82368,0.8238,2.25,1.50
2011.03.03 16:11:16.372,0.82369,0.8238,3.00,1.50
2011.03.03 16:11:16.700,0.82369,0.82378,2.25,1.50
2011.03.03 16:11:17.362,0.82369,0.82378,1.50,2.25
2011.03.03 16:11:17.972,0.82369,0.82378,1.50,1.50
2011.03.03 16:11:20.526,0.82367,0.82375,1.50,1.50
2011.03.03 16:11:20.974,0.82365,0.82372,3.19,1.50
2011.03.03 16:11:21.313,0.82369,0.82374,1.50,1.50
2011.03.03 16:11:21.423,0.82364,0.82374,3.75,1.50
2011.03.03 16:11:21.981,0.82363,0.82374,1.50,1.50
2011.03.03 16:11:22.644,0.8236,0.82369,9.00,1.50
2011.03.03 16:11:22.763,0.8236,0.82372,7.50,1.50
2011.03.03 16:11:22.874,0.82361,0.82369,2.25,1.50
2011.03.03 16:11:23.347,0.82362,0.82373,1.50,2.25
2011.03.03 16:11:24.121,0.82362,0.82373,2.25,2.25
2011.03.03 16:11:24.451,0.82366,0.82373,1.50,1.50
2011.03.03 16:11:24.562,0.82366,0.82377,1.50,1.50
2011.03.03 16:11:24.671,0.82369,0.82377,1.50,1.88
2011.03.03 16:11:27.472,0.82369,0.82376,1.50,1.50
2011.03.03 16:11:27.801,0.82369,0.82377,1.50,2.25
2011.03.03 16:11:29.281,0.82369,0.82378,1.50,1.50
2011.03.03 16:11:29.722,0.82369,0.82377,1.50,2.25
2011.03.03 16:11:29.833,0.82367,0.82377,2.25,2.25
2011.03.03 16:11:30.272,0.82369,0.82377,1.50,1.50
2011.03.03 16:11:30.713,0.82365,0.82377,1.50,2.25
2011.03.03 16:11:31.271,0.82362,0.82377,2.25,1.50
2011.03.03 16:11:32.372,0.82365,0.82378,2.25,2.25
2011.03.03 16:11:32.894,0.82363,0.82373,3.75,3.75
2011.03.03 16:11:33.242,0.82362,0.82371,1.50,1.50
2011.03.03 16:11:33.791,0.82361,0.82371,2.25,1.50
2011.03.03 16:11:34.121,0.8236,0.8237,1.50,1.50
2011.03.03 16:11:35.343,0.82361,0.8237,1.50,1.50
2011.03.03 16:11:35.572,0.82361,0.82374,6.79,1.50
2011.03.03 16:11:35.684,0.82369,0.82374,1.50,1.50
2011.03.03 16:11:35.800,0.82366,0.82374,1.50,1.50
2011.03.03 16:11:35.911,0.82361,0.82375,6.79,1.50
2011.03.03 16:11:36.680,0.82365,0.82375,1.69,1.50
2011.03.03 16:11:37.012,0.82369,0.82377,1.50,2.25
2011.03.03 16:11:37.230,0.82364,0.82377,3.38,2.25
2011.03.03 16:11:38.910,0.82365,0.82377,1.50,2.25
2011.03.03 16:11:39.574,0.82367,0.82378,4.88,1.50
2011.03.03 16:11:39.804,0.82366,0.82378,3.38,1.50
2011.03.03 16:11:39.922,0.82367,0.82379,1.50,1.50
2011.03.03 16:11:40.362,0.82368,0.8238,2.25,1.50
2011.03.03 16:11:41.490,0.8237,0.82379,1.50,1.50
2011.03.03 16:11:41.599,0.82368,0.82379,1.50,1.50
2011.03.03 16:11:44.823,0.82368,0.82379,1.50,1.50
2011.03.03 16:11:47.221,0.82368,0.8238,2.25,1.50
2011.03.03 16:11:47.771,0.8237,0.82381,1.50,3.00
2011.03.03 16:11:48.101,0.82369,0.82379,2.25,1.50
2011.03.03 16:12:03.111,0.8237,0.82381,1.50,3.75
2011.03.03 16:12:03.660,0.8237,0.82382,3.19,1.50
2011.03.03 16:12:08.800,0.82369,0.82379,2.25,1.50
2011.03.03 16:12:11.200,0.82369,0.82379,1.50,1.50
2011.03.03 16:12:36.802,0.82368,0.82379,1.50,1.50
2011.03.03 16:12:38.471,0.82368,0.82379,2.25,3.19
2011.03.03 16:12:39.023,0.82368,0.82379,2.25,1.50
2011.03.03 16:12:39.571,0.82368,0.82379,3.00,1.50
2011.03.03 16:12:41.222,0.82368,0.8238,3.75,1.50
2011.03.03 16:12:51.271,0.82368,0.8238,3.00,3.00
2011.03.03 16:12:59.273,0.82368,0.82375,2.25,1.50
2011.03.03 16:12:59.511,0.82364,0.82375,2.25,1.50
2011.03.03 16:13:00.610,0.82365,0.82376,1.50,2.25
2011.03.03 16:13:02.360,0.82365,0.82376,2.25,1.50
2011.03.03 16:13:02.581,0.82369,0.82376,1.50,1.50
2011.03.03 16:13:04.371,0.82365,0.82378,3.00,1.69
2011.03.03 16:13:05.363,0.82369,0.82378,1.50,1.50
2011.03.03 16:13:09.121,0.82369,0.82381,2.25,5.25
2011.03.03 16:13:10.172,0.82369,0.82378,1.50,1.50
2011.03.03 16:13:10.888,0.82365,0.82376,1.50,1.50
2011.03.03 16:13:12.663,0.82368,0.82377,1.50,1.50
2011.03.03 16:13:14.203,0.82367,0.82375,3.75,1.50
2011.03.03 16:13:14.313,0.82365,0.82375,1.50,1.50
2011.03.03 16:13:14.761,0.82365,0.82375,2.44,1.50
2011.03.03 16:13:14.880,0.82364,0.82375,2.25,1.50
2011.03.03 16:13:17.083,0.82366,0.82375,1.50,1.50
2011.03.03 16:13:17.194,0.82366,0.82377,2.25,1.50
2011.03.03 16:13:17.423,0.82369,0.8238,2.25,2.25
2011.03.03 16:13:19.168,0.82367,0.82376,3.75,2.25
2011.03.03 16:13:19.281,0.82363,0.82376,1.50,2.25
2011.03.03 16:13:19.942,0.82366,0.82376,1.50,1.50
2011.03.03 16:13:20.051,0.82367,0.82378,1.50,1.50
2011.03.03 16:13:20.602,0.82369,0.8238,2.25,1.50
2011.03.03 16:13:20.934,0.82364,0.82373,4.13,2.25
2011.03.03 16:13:21.162,0.82361,0.82372,1.50,2.25
2011.03.03 16:13:21.382,0.82362,0.82371,1.50,1.50
2011.03.03 16:13:21.599,0.82362,0.82375,2.25,1.50
2011.03.03 16:13:22.151,0.82364,0.82375,1.50,1.50
2011.03.03 16:13:22.912,0.82368,0.82379,2.25,1.50
2011.03.03 16:13:23.461,0.82368,0.8238,3.75,1.50
2011.03.03 16:13:32.033,0.82368,0.8238,3.00,1.50
2011.03.03 16:13:47.421,0.82371,0.82382,1.50,5.25
2011.03.03 16:13:49.094,0.82368,0.82378,2.25,1.69
2011.03.03 16:13:49.212,0.82368,0.82378,2.25,6.19
2011.03.03 16:13:49.543,0.82362,0.82372,1.50,1.50
2011.03.03 16:13:49.655,0.82366,0.82372,1.50,1.50
2011.03.03 16:13:49.994,0.8237,0.82377,1.50,1.50
2011.03.03 16:13:50.113,0.82369,0.82375,1.50,1.50
2011.03.03 16:13:50.499,0.82362,0.82375,1.50,1.50
2011.03.03 16:13:51.051,0.82365,0.82376,1.50,1.50
2011.03.03 16:13:56.782,0.82369,0.82378,1.50,3.00
2011.03.03 16:13:57.012,0.82369,0.82379,1.50,3.75
2011.03.03 16:13:57.122,0.82366,0.82378,3.00,2.25
2011.03.03 16:13:57.347,0.82369,0.82378,1.50,3.00
2011.03.03 16:14:02.471,0.82369,0.82381,1.50,3.75
2011.03.03 16:14:03.790,0.82369,0.82381,3.00,2.25
2011.03.03 16:14:04.230,0.82369,0.82381,2.25,1.50
2011.03.03 16:14:12.792,0.82376,0.82382,1.50,1.50
2011.03.03 16:14:13.124,0.82378,0.82383,1.50,1.50
2011.03.03 16:14:13.243,0.82378,0.82389,1.50,3.75
2011.03.03 16:14:14.011,0.82378,0.82389,1.50,1.50
2011.03.03 16:14:15.480,0.82378,0.82389,1.50,1.50
2011.03.03 16:14:17.152,0.82378,0.82388,1.50,1.50
2011.03.03 16:14:19.192,0.82376,0.82387,4.50,1.50
2011.03.03 16:14:19.302,0.82376,0.82385,4.50,1.50
2011.03.03 16:14:19.954,0.82378,0.82384,1.50,1.50
2011.03.03 16:14:20.076,0.82378,0.82387,1.50,1.50
2011.03.03 16:14:21.963,0.82377,0.82386,3.75,1.50
2011.03.03 16:14:22.512,0.82375,0.82386,1.50,1.50
2011.03.03 16:14:24.004,0.82375,0.82386,1.50,1.50
2011.03.03 16:14:24.682,0.82377,0.82384,3.75,1.50
2011.03.03 16:14:24.792,0.82372,0.82384,3.00,2.25
2011.03.03 16:14:24.901,0.82371,0.8238,2.25,1.50
2011.03.03 16:14:26.704,0.82369,0.82373,2.25,1.69
2011.03.03 16:14:26.931,0.82363,0.82371,1.50,1.50
2011.03.03 16:14:27.591,0.82366,0.82371,2.44,1.50
2011.03.03 16:14:27.702,0.82366,0.82373,2.44,2.25
2011.03.03 16:14:28.032,0.82368,0.82379,2.25,2.25
2011.03.03 16:14:28.581,0.82368,0.82379,2.25,2.25
2011.03.03 16:14:28.801,0.82368,0.82379,2.25,5.44
2011.03.03 16:14:29.130,0.82366,0.82379,2.25,4.50
2011.03.03 16:14:29.572,0.82368,0.82379,1.50,3.00
2011.03.03 16:14:29.682,0.82368,0.82379,2.25,3.00
2011.03.03 16:14:29.791,0.8237,0.82379,1.13,1.50
2011.03.03 16:14:30.303,0.82364,0.82369,33.00,1.50
2011.03.03 16:14:30.411,0.82369,0.82382,2.25,4.50
2011.03.03 16:14:31.760,0.82369,0.82382,2.25,5.25
2011.03.03 16:14:35.119,0.82369,0.82382,1.50,5.25
2011.03.03 16:14:35.230,0.82369,0.82382,2.25,5.25
2011.03.03 16:14:35.561,0.82375,0.82382,1.50,2.25
2011.03.03 16:14:36.286,0.82375,0.82385,1.50,4.50
2011.03.03 16:14:45.591,0.82375,0.82382,1.50,1.50
2011.03.03 16:14:46.289,0.82375,0.82381,1.50,1.50
2011.03.03 16:14:46.420,0.82371,0.82381,1.50,2.25
2011.03.03 16:14:46.861,0.82373,0.82381,1.50,1.50
2011.03.03 16:14:47.410,0.82372,0.82381,1.50,1.50
2011.03.03 16:14:48.403,0.82372,0.82385,1.50,3.00
2011.03.03 16:14:50.272,0.82373,0.82384,1.50,2.25
2011.03.03 16:14:50.862,0.82372,0.82384,2.25,2.25
2011.03.03 16:14:53.172,0.82378,0.82385,1.50,1.50
2011.03.03 16:14:53.721,0.82378,0.82387,1.50,1.50
2011.03.03 16:14:54.381,0.82379,0.82387,1.50,1.50
2011.03.03 16:14:54.931,0.82378,0.82387,2.25,1.50
2011.03.03 16:14:57.121,0.82378,0.82389,2.25,1.50
2011.03.03 16:14:57.671,0.82378,0.82389,2.25,1.50
2011.03.03 16:15:15.631,0.82376,0.82388,2.25,3.19
2011.03.03 16:15:16.181,0.82375,0.82387,1.50,2.25
2011.03.03 16:15:22.051,0.82373,0.82386,1.50,2.25
2011.03.03 16:15:24.510,0.82377,0.82387,1.50,1.88
2011.03.03 16:15:24.843,0.82377,0.82384,2.25,1.50
2011.03.03 16:15:25.071,0.82372,0.82384,3.00,1.50
2011.03.03 16:15:31.322,0.82378,0.82384,1.50,1.50
2011.03.03 16:15:32.312,0.82377,0.82384,3.75,1.50
2011.03.03 16:15:32.422,0.82374,0.82384,1.50,1.50
2011.03.03 16:15:32.970,0.82372,0.82384,2.25,1.50
2011.03.03 16:15:35.060,0.82375,0.82386,1.50,3.00
2011.03.03 16:15:37.600,0.82373,0.82386,2.25,2.25
2011.03.03 16:15:39.411,0.82373,0.82382,1.50,1.50
2011.03.03 16:15:39.855,0.82373,0.82382,6.23,1.50
2011.03.03 16:15:40.191,0.82378,0.82386,1.50,2.25
2011.03.03 16:15:41.242,0.82377,0.82381,3.75,1.50
2011.03.03 16:15:41.354,0.82373,0.82381,1.50,1.50
2011.03.03 16:15:41.473,0.82373,0.82386,1.50,3.75
2011.03.03 16:15:42.353,0.82374,0.82386,2.25,2.25
2011.03.03 16:15:42.682,0.82377,0.82387,2.63,2.25
2011.03.03 16:15:43.891,0.82377,0.82388,2.63,1.50
2011.03.03 16:15:44.713,0.82377,0.82388,2.25,2.25
2011.03.03 16:15:50.582,0.82377,0.82388,3.00,1.50
2011.03.03 16:15:51.135,0.82379,0.82389,5.25,1.50
2011.03.03 16:15:51.691,0.8238,0.82389,1.13,1.50
2011.03.03 16:15:52.350,0.82379,0.82389,4.13,1.50
2011.03.03 16:15:52.902,0.8238,0.82389,1.88,1.50
2011.03.03 16:15:53.451,0.8238,0.8239,1.88,1.50
2011.03.03 16:15:54.711,0.8238,0.82391,2.85,3.00
2011.03.03 16:15:55.370,0.8238,0.82391,1.50,3.00
2011.03.03 16:15:57.681,0.82377,0.8239,3.00,1.50
2011.03.03 16:16:00.423,0.82379,0.8239,1.13,2.25
2011.03.03 16:16:00.997,0.82379,0.8239,1.88,1.50
2011.03.03 16:16:01.117,0.82377,0.8239,3.08,1.50
2011.03.03 16:16:03.434,0.82377,0.82385,1.50,1.50
2011.03.03 16:16:03.772,0.82372,0.82384,3.75,1.50
2011.03.03 16:16:04.322,0.82375,0.82385,3.75,2.25
2011.03.03 16:16:04.431,0.82377,0.82386,1.50,1.50
2011.03.03 16:16:06.378,0.82378,0.82387,1.50,1.50
2011.03.03 16:16:08.300,0.82378,0.82389,2.25,1.50
2011.03.03 16:16:08.984,0.82378,0.82389,1.50,2.25
2011.03.03 16:16:18.384,0.82377,0.82389,1.50,3.38
2011.03.03 16:16:19.160,0.82377,0.82387,1.50,1.13
2011.03.03 16:16:26.690,0.82376,0.82387,1.50,2.25
2011.03.03 16:16:28.562,0.82376,0.82387,1.50,2.25
2011.03.03 16:16:30.322,0.82379,0.82388,2.25,1.50
2011.03.03 16:16:30.552,0.8238,0.82389,2.85,1.50
2011.03.03 16:16:31.084,0.82379,0.82391,2.25,2.25
2011.03.03 16:16:36.002,0.82379,0.82391,3.08,2.25
2011.03.03 16:16:36.112,0.82386,0.82391,6.19,1.50
2011.03.03 16:16:36.333,0.82388,0.82398,3.00,1.50
2011.03.03 16:16:36.444,0.82388,0.824,3.00,1.50
2011.03.03 16:16:36.562,0.82388,0.824,3.75,1.50
2011.03.03 16:16:40.562,0.8239,0.82402,2.44,4.50
2011.03.03 16:16:40.784,0.82395,0.82402,1.69,3.00
2011.03.03 16:16:41.121,0.82398,0.82404,1.50,1.50
2011.03.03 16:16:44.952,0.82395,0.82401,3.98,1.50
2011.03.03 16:16:45.171,0.82398,0.82407,1.88,1.50
2011.03.03 16:16:45.392,0.82398,0.82408,2.25,1.50
2011.03.03 16:16:45.724,0.82399,0.82408,1.50,1.50
2011.03.03 16:16:46.871,0.82398,0.82408,1.50,1.50
2011.03.03 16:16:48.523,0.82398,0.82407,1.50,1.50
2011.03.03 16:16:48.852,0.82393,0.82402,2.25,1.69
2011.03.03 16:16:49.400,0.82393,0.82402,1.50,2.44
2011.03.03 16:16:51.777,0.82393,0.82402,2.03,1.69
2011.03.03 16:16:52.334,0.82393,0.82403,1.50,1.69
2011.03.03 16:16:52.672,0.8239,0.82401,2.25,3.00
2011.03.03 16:16:53.221,0.82391,0.82402,2.44,4.50
2011.03.03 16:16:58.093,0.8239,0.824,1.50,1.69
2011.03.03 16:16:58.641,0.82389,0.82399,1.50,3.94
2011.03.03 16:17:00.292,0.82389,0.82399,1.50,2.25
2011.03.03 16:17:00.511,0.82391,0.82401,1.50,1.50
2011.03.03 16:17:00.731,0.82391,0.82402,1.50,1.50
2011.03.03 16:17:01.611,0.82392,0.82402,1.50,1.50
2011.03.03 16:17:01.831,0.82391,0.82403,2.25,5.25
2011.03.03 16:17:02.382,0.82391,0.82405,2.25,3.00
2011.03.03 16:17:03.175,0.82391,0.82405,2.25,3.00
2011.03.03 16:17:03.721,0.82391,0.82405,2.25,3.00
2011.03.03 16:17:04.622,0.82391,0.82402,1.50,2.25
2011.03.03 16:17:05.183,0.82391,0.82401,1.50,1.50
2011.03.03 16:17:05.440,0.82391,0.82405,1.50,1.50
2011.03.03 16:17:06.222,0.82393,0.82405,2.18,1.50
2011.03.03 16:17:06.333,0.82394,0.82405,1.05,1.50
2011.03.03 16:17:06.901,0.82395,0.82407,2.25,1.50
2011.03.03 16:17:08.386,0.82394,0.82402,1.50,2.25
2011.03.03 16:17:14.955,0.8239,0.82402,1.50,2.25
2011.03.03 16:17:15.512,0.82388,0.82402,3.00,3.00
2011.03.03 16:17:16.572,0.82388,0.82402,3.00,3.00
2011.03.03 16:17:20.142,0.82388,0.82401,3.00,1.50
2011.03.03 16:17:20.691,0.82388,0.824,2.25,1.50
2011.03.03 16:17:22.981,0.82388,0.824,2.25,3.00
2011.03.03 16:17:23.311,0.82388,0.824,2.25,3.00
2011.03.03 16:17:23.533,0.82385,0.82392,1.50,1.69
2011.03.03 16:17:23.644,0.82381,0.82391,1.50,3.00
2011.03.03 16:17:23.972,0.82379,0.82391,2.25,3.00
2011.03.03 16:17:24.522,0.82379,0.82391,3.75,2.25
2011.03.03 16:17:25.073,0.82379,0.82391,2.25,2.25
2011.03.03 16:17:34.322,0.8238,0.82391,1.13,2.25
2011.03.03 16:17:34.543,0.82379,0.82391,6.38,3.00
2011.03.03 16:17:38.470,0.82379,0.82391,2.25,3.00
2011.03.03 16:17:40.460,0.82379,0.82391,2.25,3.00
2011.03.03 16:17:46.911,0.82379,0.82391,2.25,3.00
2011.03.03 16:17:47.792,0.82379,0.82391,2.25,3.00
2011.03.03 16:17:48.561,0.82379,0.82391,2.25,3.00
2011.03.03 16:17:49.282,0.8238,0.82393,3.94,3.00
2011.03.03 16:17:49.721,0.82381,0.82393,1.69,1.50
2011.03.03 16:17:52.251,0.82382,0.82396,1.50,3.00
2011.03.03 16:17:53.059,0.82382,0.82395,1.50,1.50
2011.03.03 16:17:54.140,0.82382,0.82395,1.50,1.50
2011.03.03 16:17:55.134,0.82382,0.82394,2.25,1.50
2011.03.03 16:17:55.690,0.82381,0.82394,1.69,1.50
2011.03.03 16:17:56.243,0.8238,0.82391,2.25,1.50
2011.03.03 16:17:56.793,0.82379,0.82389,2.25,1.50
2011.03.03 16:18:00.121,0.82379,0.82389,1.50,1.50
2011.03.03 16:18:02.660,0.82379,0.82388,1.50,1.50
2011.03.03 16:18:02.882,0.82379,0.82389,1.50,2.25
2011.03.03 16:18:02.992,0.82379,0.82389,1.50,2.25
2011.03.03 16:18:07.107,0.82379,0.82384,1.50,1.50
2011.03.03 16:18:07.331,0.82374,0.82384,1.50,1.50
2011.03.03 16:18:08.101,0.82373,0.82384,2.25,1.50
2011.03.03 16:18:09.641,0.82374,0.82386,2.25,3.75
2011.03.03 16:18:09.970,0.82373,0.82384,2.25,1.50
2011.03.03 16:18:11.671,0.82372,0.82386,3.00,3.00
2011.03.03 16:18:14.421,0.82372,0.82386,3.00,3.00
2011.03.03 16:18:17.124,0.82372,0.82386,1.50,3.00
2011.03.03 16:18:23.826,0.82373,0.82386,1.50,2.25
2011.03.03 16:18:24.382,0.82373,0.82386,1.50,2.25
2011.03.03 16:18:27.391,0.82372,0.82385,2.25,1.50
2011.03.03 16:18:27.953,0.82372,0.82386,2.25,3.00
2011.03.03 16:18:28.455,0.82372,0.82385,2.25,1.50
2011.03.03 16:18:30.211,0.82373,0.82385,1.20,1.50
2011.03.03 16:18:30.541,0.82376,0.82388,1.50,2.25
2011.03.03 16:18:30.872,0.82378,0.82388,1.50,1.50
2011.03.03 16:18:31.422,0.82378,0.82387,1.50,1.50
2011.03.03 16:18:31.532,0.82376,0.82386,1.50,1.50
2011.03.03 16:18:32.533,0.82376,0.82386,1.50,1.50
2011.03.03 16:18:32.641,0.82376,0.82388,1.50,1.50
2011.03.03 16:18:34.112,0.82376,0.82388,3.00,1.50
2011.03.03 16:18:34.661,0.82375,0.82387,3.00,1.50
2011.03.03 16:18:42.173,0.82375,0.82386,1.50,1.50
2011.03.03 16:18:42.283,0.82373,0.82381,3.75,1.50
2011.03.03 16:18:42.504,0.82374,0.82387,1.50,1.50
2011.03.03 16:18:42.620,0.82374,0.82383,1.50,1.50
2011.03.03 16:18:43.171,0.82373,0.82384,2.03,1.50
2011.03.03 16:18:43.890,0.82373,0.82384,2.03,1.50
2011.03.03 16:18:44.440,0.82373,0.82384,2.25,1.50
2011.03.03 16:18:45.911,0.82373,0.82384,2.18,1.50
2011.03.03 16:18:48.227,0.82373,0.82386,3.08,1.50
2011.03.03 16:18:48.563,0.82373,0.82386,3.08,1.50
2011.03.03 16:18:49.087,0.82378,0.82388,1.50,1.50
2011.03.03 16:18:49.641,0.82377,0.82387,1.50,1.50
2011.03.03 16:18:49.751,0.82375,0.82387,1.50,1.50
2011.03.03 16:18:50.413,0.82375,0.82388,1.50,3.94
2011.03.03 16:18:50.960,0.82376,0.82388,1.50,3.94
2011.03.03 16:18:51.510,0.82376,0.82388,1.50,5.44
2011.03.03 16:18:52.226,0.82376,0.82388,1.50,5.44
2011.03.03 16:18:52.783,0.82374,0.82386,1.50,1.50
2011.03.03 16:18:54.432,0.82373,0.82386,1.50,1.50
2011.03.03 16:18:55.521,0.82373,0.82387,1.50,3.00
2011.03.03 16:18:56.071,0.82373,0.82387,1.50,1.50
2011.03.03 16:18:56.293,0.82373,0.82387,1.50,1.50
2011.03.03 16:18:56.730,0.82373,0.82387,1.50,1.50
2011.03.03 16:18:57.060,0.82373,0.82387,1.50,1.50
2011.03.03 16:18:58.852,0.82373,0.82387,1.50,1.50
2011.03.03 16:19:00.022,0.82373,0.82387,1.95,1.50
2011.03.03 16:19:00.575,0.82377,0.82388,2.25,2.25
2011.03.03 16:19:00.914,0.82379,0.82388,1.50,2.25
2011.03.03 16:19:02.463,0.82377,0.82388,1.50,1.69
2011.03.03 16:19:02.682,0.82376,0.82382,2.25,1.50
2011.03.03 16:19:02.901,0.82374,0.82388,1.88,1.69
2011.03.03 16:19:03.010,0.82374,0.82388,1.88,1.69
2011.03.03 16:19:04.241,0.82376,0.82389,1.50,2.44
2011.03.03 16:19:04.464,0.82373,0.82389,2.93,5.44
2011.03.03 16:19:05.011,0.82373,0.82389,5.33,3.94
2011.03.03 16:19:05.340,0.82373,0.82389,2.78,3.94
2011.03.03 16:19:06.220,0.82374,0.82389,1.20,5.44
2011.03.03 16:19:06.881,0.82375,0.82387,1.50,1.50
2011.03.03 16:19:07.215,0.82379,0.82391,1.50,3.00
2011.03.03 16:19:07.609,0.82376,0.8239,4.50,3.94
2011.03.03 16:19:08.274,0.82376,0.8239,3.19,1.50
2011.03.03 16:19:08.385,0.82379,0.8239,1.50,1.50
2011.03.03 16:19:08.941,0.82379,0.82391,1.50,4.50
2011.03.03 16:19:10.150,0.82379,0.82391,1.50,4.50
2011.03.03 16:19:11.362,0.82379,0.82391,1.50,4.50
2011.03.03 16:19:12.052,0.82379,0.82391,1.50,4.50
2011.03.03 16:19:12.712,0.82379,0.82389,1.50,1.50
2011.03.03 16:19:13.192,0.82379,0.82391,1.50,3.75
2011.03.03 16:19:14.623,0.82379,0.82391,1.50,4.50
2011.03.03 16:19:16.501,0.82379,0.82391,1.50,4.50
2011.03.03 16:19:17.161,0.82379,0.82391,2.25,3.00
2011.03.03 16:19:17.274,0.82384,0.82391,1.50,2.25
2011.03.03 16:19:17.613,0.82389,0.824,1.50,3.75
2011.03.03 16:19:19.591,0.82389,0.824,1.50,3.00
2011.03.03 16:19:24.713,0.82389,0.82396,1.50,1.50
2011.03.03 16:19:24.823,0.82385,0.82396,3.00,1.50
2011.03.03 16:19:25.549,0.82382,0.82396,2.25,1.50
2011.03.03 16:19:25.667,0.82383,0.82391,2.25,1.50
2011.03.03 16:19:25.786,0.82379,0.82391,2.25,3.00
2011.03.03 16:19:26.122,0.82381,0.82391,1.50,3.00
2011.03.03 16:19:26.453,0.82381,0.82393,1.69,1.50
2011.03.03 16:19:26.891,0.82381,0.82395,1.69,2.25
2011.03.03 16:19:27.251,0.82382,0.82395,1.13,2.25
2011.03.03 16:19:27.692,0.82386,0.82398,1.50,2.25
2011.03.03 16:19:27.803,0.82388,0.82398,1.50,1.50
2011.03.03 16:19:28.131,0.82388,0.824,1.50,2.25
2011.03.03 16:19:29.011,0.82388,0.824,1.50,2.25
2011.03.03 16:19:30.330,0.82388,0.824,1.50,2.25
2011.03.03 16:19:31.167,0.82388,0.82398,1.50,1.69
2011.03.03 16:19:31.723,0.82383,0.82396,1.50,2.25
2011.03.03 16:19:33.371,0.82383,0.82397,2.25,2.25
2011.03.03 16:19:33.921,0.82383,0.82395,1.50,1.50
2011.03.03 16:19:34.032,0.82381,0.82395,3.00,1.50
2011.03.03 16:19:34.472,0.82386,0.82396,1.50,1.50
2011.03.03 16:19:34.803,0.82389,0.82399,1.50,2.25
2011.03.03 16:19:38.072,0.82389,0.82399,1.50,2.44
2011.03.03 16:19:38.292,0.82386,0.82398,2.25,1.69
2011.03.03 16:19:39.631,0.82386,0.82398,1.50,3.19
2011.03.03 16:19:40.182,0.82383,0.82398,2.25,4.50
2011.03.03 16:19:41.206,0.82382,0.82398,4.50,4.50
2011.03.03 16:19:41.546,0.82386,0.82399,1.50,1.50
2011.03.03 16:19:42.101,0.82388,0.824,1.50,5.25
2011.03.03 16:19:43.203,0.82388,0.82398,1.50,1.50
2011.03.03 16:19:43.532,0.82386,0.82397,1.50,1.50
2011.03.03 16:19:43.863,0.82381,0.82391,2.44,1.50
2011.03.03 16:19:44.194,0.82381,0.82392,1.50,3.00
2011.03.03 16:19:44.302,0.82381,0.82392,1.50,3.00
2011.03.03 16:19:52.554,0.82385,0.82392,1.50,1.50
2011.03.03 16:19:52.893,0.82389,0.824,1.50,1.50
2011.03.03 16:19:53.441,0.82389,0.82401,2.25,2.25
2011.03.03 16:19:56.032,0.82389,0.82398,1.50,1.50
2011.03.03 16:19:56.143,0.82389,0.824,1.50,1.50
2011.03.03 16:19:56.581,0.82389,0.82399,1.50,1.50
2011.03.03 16:19:56.693,0.82386,0.82398,2.25,1.69
2011.03.03 16:19:57.132,0.82389,0.82399,1.50,1.50
2011.03.03 16:19:57.682,0.82389,0.82399,1.50,2.25
2011.03.03 16:19:57.791,0.82386,0.82399,3.00,1.50
2011.03.03 16:19:58.013,0.82383,0.82396,1.50,1.69
2011.03.03 16:19:58.341,0.82383,0.82391,1.50,1.50
2011.03.03 16:19:59.454,0.8238,0.82391,2.63,1.50
2011.03.03 16:20:00.379,0.8238,0.82391,2.63,1.50
2011.03.03 16:20:00.822,0.82379,0.82391,1.50,1.50
2011.03.03 16:20:01.371,0.82381,0.82391,1.50,1.50
2011.03.03 16:20:02.472,0.82379,0.82391,2.25,1.50
2011.03.03 16:20:07.311,0.82379,0.8239,2.25,1.50
2011.03.03 16:20:10.291,0.82379,0.82391,2.25,1.50
2011.03.03 16:20:10.401,0.82381,0.82391,1.50,1.50
2011.03.03 16:20:21.656,0.8238,0.82391,1.50,3.00
2011.03.03 16:20:22.213,0.8238,0.82391,3.38,2.25
2011.03.03 16:20:23.425,0.82383,0.82391,2.25,1.50
2011.03.03 16:20:23.765,0.82389,0.82396,1.50,1.50
2011.03.03 16:20:23.882,0.82385,0.82395,1.50,1.69
2011.03.03 16:20:23.992,0.82383,0.82394,1.50,1.50
2011.03.03 16:20:24.103,0.82382,0.82391,1.50,2.25
2011.03.03 16:20:24.214,0.82379,0.8239,3.00,1.50
2011.03.03 16:20:24.552,0.82379,0.82388,1.50,1.50
2011.03.03 16:20:24.675,0.82379,0.8239,2.25,1.50
2011.03.03 16:20:28.654,0.8238,0.82391,3.04,2.25
2011.03.03 16:20:28.885,0.82382,0.82392,1.50,2.25
2011.03.03 16:20:29.442,0.82382,0.82394,1.50,2.25
2011.03.03 16:20:31.411,0.82389,0.82395,1.50,1.50
2011.03.03 16:20:32.182,0.82389,0.82395,2.25,1.50
2011.03.03 16:20:32.621,0.82389,0.82399,2.25,1.50
2011.03.03 16:20:32.732,0.8239,0.82401,1.50,3.75
2011.03.03 16:20:38.532,0.8239,0.82401,3.19,3.00
2011.03.03 16:20:40.771,0.8239,0.824,1.50,1.50
2011.03.03 16:20:41.324,0.82389,0.82401,3.75,2.25
2011.03.03 16:20:43.592,0.82389,0.82401,3.75,3.00
2011.03.03 16:20:43.814,0.82389,0.82399,2.25,1.50
2011.03.03 16:20:43.933,0.82389,0.82397,1.50,1.69
2011.03.03 16:20:44.153,0.82385,0.82396,2.25,1.50
2011.03.03 16:20:49.121,0.82384,0.82396,2.25,1.50
2011.03.03 16:20:49.750,0.82384,0.82396,2.25,1.50
2011.03.03 16:20:50.301,0.82382,0.82396,3.00,2.25
2011.03.03 16:20:53.351,0.82382,0.82396,3.75,2.25
2011.03.03 16:20:54.383,0.82382,0.82392,1.50,1.50
2011.03.03 16:20:54.712,0.8238,0.82392,2.25,3.75
2011.03.03 16:21:02.244,0.82386,0.82393,2.44,1.50
2011.03.03 16:21:02.462,0.82388,0.82394,2.25,3.75
2011.03.03 16:21:02.574,0.82388,0.82399,2.25,1.50
2011.03.03 16:21:02.913,0.82388,0.82401,3.00,2.25
2011.03.03 16:21:03.351,0.82388,0.82401,3.00,2.25
2011.03.03 16:21:03.682,0.82388,0.82397,1.50,1.69
2011.03.03 16:21:04.013,0.82385,0.82397,3.00,1.50
2011.03.03 16:21:05.713,0.82385,0.82396,1.50,1.50
2011.03.03 16:21:06.043,0.82389,0.82396,1.50,1.50
2011.03.03 16:21:06.152,0.82389,0.82398,1.50,2.25
2011.03.03 16:21:06.262,0.82383,0.82398,2.25,2.25
2011.03.03 16:21:06.810,0.82384,0.82396,1.50,1.50
2011.03.03 16:21:09.035,0.82382,0.82393,3.75,1.50
2011.03.03 16:21:09.153,0.82384,0.82396,1.50,1.50
2011.03.03 16:21:11.825,0.82384,0.82396,1.50,1.50
2011.03.03 16:21:12.382,0.82384,0.82396,1.50,2.25
2011.03.03 16:21:13.153,0.82388,0.82399,2.25,1.50
2011.03.03 16:21:13.811,0.82388,0.82399,3.00,1.50
2011.03.03 16:21:14.956,0.82388,0.82399,1.50,1.50
2011.03.03 16:21:15.522,0.82385,0.82398,1.50,1.69
2011.03.03 16:21:15.632,0.82387,0.82399,1.50,1.69
2011.03.03 16:21:16.183,0.82387,0.82398,1.50,1.69
2011.03.03 16:21:16.512,0.82385,0.82397,2.25,1.50
2011.03.03 16:21:18.562,0.82387,0.82398,2.25,1.50
2011.03.03 16:21:19.002,0.82389,0.824,3.00,3.75
2011.03.03 16:21:25.092,0.82389,0.824,3.00,2.25
2011.03.03 16:21:25.752,0.82389,0.82397,2.25,1.69
2011.03.03 16:21:26.123,0.82385,0.82396,1.50,2.44
2011.03.03 16:21:26.237,0.82384,0.82396,1.50,1.50
2011.03.03 16:21:26.791,0.82384,0.82396,1.50,3.75
2011.03.03 16:21:27.452,0.82384,0.82396,1.50,2.25
2011.03.03 16:21:27.892,0.82384,0.82396,3.00,2.25
2011.03.03 16:21:32.772,0.82385,0.82398,6.00,1.50
2011.03.03 16:21:33.102,0.8239,0.824,1.50,2.25
2011.03.03 16:21:37.363,0.82389,0.824,2.25,3.00
2011.03.03 16:21:37.582,0.82386,0.82397,1.50,1.69
2011.03.03 16:21:38.131,0.82385,0.82396,1.50,2.25
2011.03.03 16:21:38.791,0.82384,0.82396,1.50,2.25
2011.03.03 16:21:40.792,0.82389,0.82396,1.50,2.25
2011.03.03 16:21:41.342,0.82389,0.82397,1.50,1.50
2011.03.03 16:21:41.452,0.82384,0.82397,1.50,1.50
2011.03.03 16:21:42.004,0.82384,0.82396,1.50,2.25
2011.03.03 16:21:42.883,0.82384,0.82396,1.50,2.25
2011.03.03 16:21:44.217,0.82388,0.82396,2.25,1.50
2011.03.03 16:21:44.774,0.82388,0.824,2.25,3.00
2011.03.03 16:21:48.396,0.82387,0.82395,1.50,1.50
2011.03.03 16:21:49.019,0.82392,0.82401,8.25,1.50
2011.03.03 16:21:49.353,0.82399,0.82404,1.50,1.50
2011.03.03 16:21:50.122,0.82399,0.82405,2.25,1.50
2011.03.03 16:21:52.211,0.82399,0.82411,3.00,3.75
2011.03.03 16:21:53.122,0.824,0.8241,2.85,1.50
2011.03.03 16:21:53.673,0.824,0.82411,1.50,4.50
2011.03.03 16:21:55.213,0.82399,0.82411,3.00,3.75
2011.03.03 16:21:55.762,0.82399,0.8241,2.25,3.00
2011.03.03 16:21:57.404,0.82399,0.8241,2.25,3.00
2011.03.03 16:21:58.482,0.82399,0.8241,2.25,3.00
2011.03.03 16:21:59.695,0.82399,0.8241,2.25,1.50
2011.03.03 16:22:00.035,0.82399,0.8241,2.25,1.50
2011.03.03 16:22:00.592,0.82399,0.8241,2.25,1.50
2011.03.03 16:22:01.142,0.82399,0.82411,2.25,5.25
2011.03.03 16:22:01.694,0.82399,0.82409,1.50,3.75
2011.03.03 16:22:02.211,0.82395,0.82408,3.00,1.69
2011.03.03 16:22:02.328,0.82395,0.82406,2.25,1.50
2011.03.03 16:22:02.882,0.82397,0.82407,1.50,1.50
2011.03.03 16:22:02.997,0.82397,0.82408,1.50,1.50
2011.03.03 16:22:03.556,0.82399,0.82407,1.50,1.69
2011.03.03 16:22:03.783,0.82396,0.82406,3.00,1.89
2011.03.03 16:22:03.892,0.82396,0.82407,4.69,1.50
2011.03.03 16:22:04.112,0.82398,0.82409,2.25,2.25
2011.03.03 16:22:07.962,0.82399,0.82411,1.50,1.50
2011.03.03 16:22:08.587,0.82399,0.82412,3.57,5.25
2011.03.03 16:22:09.033,0.82399,0.82411,1.50,3.75
2011.03.03 16:22:09.251,0.82399,0.82411,1.50,3.75
2011.03.03 16:22:09.912,0.824,0.82411,1.50,3.00
2011.03.03 16:22:10.463,0.82402,0.8241,1.50,2.25
2011.03.03 16:22:11.012,0.82402,0.8241,1.50,2.25
2011.03.03 16:22:11.342,0.824,0.8241,1.50,3.00
2011.03.03 16:22:12.223,0.82398,0.82409,3.00,3.00
2011.03.03 16:22:12.553,0.82396,0.82407,3.75,1.50
2011.03.03 16:22:12.663,0.82395,0.82405,1.50,1.50
2011.03.03 16:22:12.773,0.82391,0.82402,1.50,3.19
2011.03.03 16:22:13.212,0.82394,0.82402,1.50,3.94
2011.03.03 16:22:13.766,0.82394,0.82405,1.50,2.25
2011.03.03 16:22:13.886,0.82394,0.82405,1.50,1.50
2011.03.03 16:22:14.005,0.82394,0.82405,1.50,1.50
2011.03.03 16:22:15.442,0.82395,0.82406,1.50,1.50
2011.03.03 16:22:16.124,0.82396,0.82406,1.50,3.00
2011.03.03 16:22:16.681,0.82396,0.82406,1.50,4.50
2011.03.03 16:22:17.561,0.82394,0.82406,1.50,4.50
2011.03.03 16:22:18.114,0.82396,0.82405,1.50,1.50
2011.03.03 16:22:19.002,0.82395,0.82403,1.50,1.50
2011.03.03 16:22:19.223,0.82391,0.82402,1.50,2.25
2011.03.03 16:22:21.092,0.82394,0.82402,2.25,1.50
2011.03.03 16:22:21.203,0.82394,0.82404,2.25,1.50
2011.03.03 16:22:21.751,0.82394,0.82406,2.25,3.00
2011.03.03 16:22:24.742,0.82395,0.82406,1.50,3.00
2011.03.03 16:22:25.292,0.82395,0.82406,2.25,2.25
2011.03.03 16:22:26.952,0.82395,0.82405,2.25,2.25
2011.03.03 16:22:28.424,0.82398,0.82408,3.75,2.25
2011.03.03 16:22:28.752,0.82399,0.8241,1.50,1.50
2011.03.03 16:22:30.302,0.82399,0.82409,1.50,1.50
2011.03.03 16:22:33.131,0.82399,0.8241,1.50,3.75
2011.03.03 16:22:34.122,0.82399,0.8241,1.50,3.75
2011.03.03 16:22:34.714,0.82398,0.8241,3.75,3.75
2011.03.03 16:22:35.275,0.82398,0.82409,3.75,1.50
2011.03.03 16:22:37.023,0.82399,0.82409,1.50,1.50
2011.03.03 16:22:39.111,0.82402,0.82409,4.50,1.50
2011.03.03 16:22:39.444,0.82405,0.82412,1.69,1.50
2011.03.03 16:22:39.675,0.82406,0.82414,1.69,1.50
2011.03.03 16:22:40.250,0.82406,0.82415,5.29,1.50
2011.03.03 16:22:40.584,0.82406,0.82414,3.57,1.50
2011.03.03 16:22:41.131,0.82407,0.82415,2.44,1.50
2011.03.03 16:22:43.371,0.82408,0.8242,1.50,2.25
2011.03.03 16:22:49.882,0.82408,0.8242,1.50,3.00
2011.03.03 16:22:50.431,0.82408,0.8242,1.50,3.00
2011.03.03 16:22:51.420,0.82408,0.8242,1.50,3.00
2011.03.03 16:22:51.751,0.82408,0.8242,1.50,3.00
2011.03.03 16:22:54.751,0.82409,0.8242,1.50,4.50
2011.03.03 16:22:56.183,0.82407,0.82419,1.69,2.25
2011.03.03 16:22:56.404,0.82405,0.82416,2.44,1.50
2011.03.03 16:22:56.526,0.82405,0.82415,1.50,1.50
2011.03.03 16:23:02.561,0.82407,0.82416,1.50,1.50
2011.03.03 16:23:04.742,0.82409,0.82417,1.50,1.50
2011.03.03 16:23:05.072,0.82408,0.82419,3.60,1.50
2011.03.03 16:23:05.402,0.8241,0.82419,1.50,1.50
2011.03.03 16:23:06.941,0.8241,0.8242,2.25,1.50
2011.03.03 16:23:07.492,0.8241,0.82419,2.25,1.50
2011.03.03 16:23:07.712,0.8241,0.82422,3.19,2.25
2011.03.03 16:23:07.822,0.82412,0.82422,2.25,1.69
2011.03.03 16:23:08.373,0.82414,0.82426,2.07,2.25
2011.03.03 16:23:08.704,0.82413,0.82425,1.50,1.50
2011.03.03 16:23:09.042,0.82413,0.82425,1.50,1.50
2011.03.03 16:23:09.334,0.82413,0.82425,1.50,1.50
2011.03.03 16:23:09.892,0.82413,0.82425,3.00,1.50
2011.03.03 16:23:10.453,0.82413,0.82425,3.00,1.50
2011.03.03 16:23:11.002,0.82415,0.82426,3.94,1.50
2011.03.03 16:23:12.542,0.82417,0.82428,1.50,1.50
2011.03.03 16:23:12.983,0.82426,0.82433,1.69,1.50
2011.03.03 16:23:13.094,0.82425,0.82429,1.50,2.25
2011.03.03 16:23:13.314,0.82426,0.82433,1.69,1.50
2011.03.03 16:23:13.702,0.82425,0.82434,2.44,2.25
2011.03.03 16:23:13.923,0.82426,0.82433,2.82,3.75
2011.03.03 16:23:14.142,0.82427,0.82439,4.13,1.50
2011.03.03 16:23:14.363,0.8243,0.82439,1.50,1.50
2011.03.03 16:23:14.695,0.82435,0.82441,2.25,1.50
2011.03.03 16:23:14.913,0.82436,0.82449,1.50,4.50
2011.03.03 16:23:18.484,0.82437,0.82449,3.21,1.50
2011.03.03 16:23:19.252,0.82437,0.82448,6.96,1.50
2011.03.03 16:23:19.362,0.82437,0.82449,6.94,1.50
2011.03.03 16:23:21.231,0.82437,0.8245,8.44,1.50
2011.03.03 16:23:28.212,0.8244,0.82451,1.50,2.25
2011.03.03 16:23:28.983,0.82438,0.8245,3.00,1.50
2011.03.03 16:23:29.642,0.82438,0.8245,1.50,1.02
2011.03.03 16:23:30.634,0.82437,0.8245,3.94,1.02
2011.03.03 16:23:30.853,0.82437,0.82448,3.19,1.02
2011.03.03 16:23:31.184,0.82437,0.82445,2.25,1.69
2011.03.03 16:23:31.733,0.82437,0.82448,2.25,1.69
2011.03.03 16:23:32.258,0.82437,0.82449,1.50,1.69
2011.03.03 16:23:32.813,0.82437,0.82447,1.50,1.50
2011.03.03 16:23:33.257,0.82436,0.82444,1.50,2.25
2011.03.03 16:23:33.373,0.82434,0.82441,1.50,2.25
2011.03.03 16:23:33.704,0.82434,0.82445,1.50,1.50
2011.03.03 16:23:34.032,0.82445,0.82452,2.44,1.50
2011.03.03 16:23:34.147,0.82443,0.82451,1.71,2.25
2011.03.03 16:23:34.386,0.82443,0.82454,1.50,1.50
2011.03.03 16:23:34.503,0.82443,0.82456,1.50,2.25
2011.03.03 16:23:34.615,0.82443,0.82457,1.50,1.50
2011.03.03 16:23:35.784,0.82441,0.82454,5.10,1.50
2011.03.03 16:23:36.124,0.8244,0.82452,3.00,2.25
2011.03.03 16:23:38.224,0.82439,0.82451,3.00,3.00
2011.03.03 16:23:38.443,0.82439,0.82451,2.25,3.00
2011.03.03 16:23:38.775,0.82447,0.82453,5.25,1.50
2011.03.03 16:23:39.429,0.82442,0.82455,1.52,2.25
2011.03.03 16:23:39.984,0.82442,0.82455,1.50,2.25
2011.03.03 16:23:40.435,0.82444,0.82458,3.96,2.25
2011.03.03 16:23:40.552,0.82444,0.82458,3.96,2.25
2011.03.03 16:23:41.876,0.82445,0.82451,1.50,1.50
2011.03.03 16:23:41.995,0.82444,0.82452,6.75,1.50
2011.03.03 16:23:42.222,0.82446,0.82459,7.69,1.50
2011.03.03 16:23:42.772,0.82446,0.82459,9.19,3.00
2011.03.03 16:23:43.763,0.82448,0.82459,1.50,1.50
2011.03.03 16:23:44.547,0.82448,0.82457,1.50,2.25
2011.03.03 16:23:44.774,0.82447,0.82454,1.69,1.50
2011.03.03 16:23:45.722,0.82443,0.82455,3.75,1.50
2011.03.03 16:23:46.383,0.82444,0.82455,2.25,1.50
2011.03.03 16:23:46.495,0.82446,0.82455,5.10,1.50
2011.03.03 16:23:46.835,0.82453,0.82461,3.75,1.50
2011.03.03 16:23:46.956,0.82452,0.82457,1.50,1.50
2011.03.03 16:23:47.405,0.82452,0.82459,2.25,1.50
2011.03.03 16:23:47.747,0.82455,0.82461,1.69,1.50
2011.03.03 16:23:48.082,0.82459,0.82464,1.50,1.50
2011.03.03 16:23:48.633,0.82459,0.82465,2.27,1.50
2011.03.03 16:23:49.075,0.82459,0.82471,3.02,3.75
2011.03.03 16:23:49.432,0.82459,0.82471,5.25,3.00
2011.03.03 16:23:49.982,0.82459,0.82471,3.77,3.00
2011.03.03 16:23:50.097,0.8246,0.82471,2.25,2.25
2011.03.03 16:23:50.435,0.82461,0.82476,2.44,1.50
2011.03.03 16:23:50.664,0.82463,0.82477,6.00,1.50
2011.03.03 16:23:51.113,0.82466,0.82479,3.00,1.50
2011.03.03 16:23:51.442,0.82467,0.82477,1.71,1.50
2011.03.03 16:23:51.773,0.82461,0.82474,2.25,4.69
2011.03.03 16:23:52.102,0.82466,0.82474,1.50,8.44
2011.03.03 16:23:52.324,0.82469,0.82474,2.25,6.00
2011.03.03 16:23:52.434,0.82465,0.82472,1.50,2.25
2011.03.03 16:23:52.854,0.82461,0.82472,1.50,2.25
2011.03.03 16:23:53.089,0.82462,0.82472,2.25,1.50
2011.03.03 16:23:53.208,0.82461,0.82473,3.00,9.19
2011.03.03 16:23:53.988,0.82466,0.82472,3.75,1.50
2011.03.03 16:23:54.328,0.82471,0.82476,1.69,1.50
2011.03.03 16:23:54.776,0.82469,0.82475,1.52,1.50
2011.03.03 16:23:55.442,0.82468,0.82475,1.50,1.50
2011.03.03 16:23:56.745,0.82468,0.82474,1.50,1.69
2011.03.03 16:23:56.869,0.82466,0.82472,2.25,1.69
2011.03.03 16:23:57.093,0.82463,0.82475,2.25,1.50
2011.03.03 16:23:57.641,0.82462,0.82473,2.25,1.69
2011.03.03 16:23:57.754,0.82463,0.82471,1.50,1.50
2011.03.03 16:23:57.987,0.82462,0.82475,3.75,3.75
2011.03.03 16:23:58.104,0.82468,0.82477,1.50,2.25
2011.03.03 16:23:58.213,0.82462,0.82475,3.75,3.00
2011.03.03 16:23:58.543,0.82466,0.82475,1.50,2.25
2011.03.03 16:23:58.872,0.82468,0.8248,2.25,2.25
2011.03.03 16:23:59.421,0.82468,0.8248,2.25,1.50
2011.03.03 16:24:00.413,0.8247,0.82481,1.50,2.25
2011.03.03 16:24:03.432,0.8247,0.8248,1.50,2.25
2011.03.03 16:24:03.983,0.82471,0.82481,1.50,3.75
2011.03.03 16:24:04.314,0.82488,0.82493,1.50,3.00
2011.03.03 16:24:04.535,0.82488,0.82501,1.50,2.44
2011.03.03 16:24:05.093,0.82487,0.82498,2.27,1.50
2011.03.03 16:24:05.478,0.82487,0.82499,3.77,1.50
2011.03.03 16:24:05.703,0.82487,0.825,3.77,2.25
2011.03.03 16:24:06.251,0.82487,0.825,2.25,2.25
2011.03.03 16:24:06.697,0.82487,0.82499,1.50,3.94
2011.03.03 16:24:07.033,0.82485,0.8249,1.50,2.25
2011.03.03 16:24:07.474,0.82483,0.82492,1.52,3.75
2011.03.03 16:24:08.022,0.82483,0.82492,1.52,3.75
2011.03.03 16:24:08.572,0.82483,0.82492,1.52,3.75
2011.03.03 16:24:09.564,0.82483,0.82492,1.52,2.25
2011.03.03 16:24:10.198,0.82483,0.82492,1.52,2.25
2011.03.03 16:24:10.324,0.82484,0.82493,3.02,3.00
2011.03.03 16:24:10.983,0.82484,0.82497,3.02,2.25
2011.03.03 16:24:11.205,0.82489,0.825,2.25,3.00
2011.03.03 16:24:11.547,0.82489,0.825,2.25,1.50
2011.03.03 16:24:17.655,0.82489,0.82498,2.25,5.25
2011.03.03 16:24:18.165,0.82486,0.82492,1.52,1.69
2011.03.03 16:24:18.285,0.82487,0.825,2.46,3.00
2011.03.03 16:24:19.286,0.8249,0.82499,2.25,1.69
2011.03.03 16:24:19.736,0.82489,0.82502,6.02,1.50
2011.03.03 16:24:21.284,0.82489,0.82499,2.25,1.69
2011.03.03 16:24:21.733,0.82491,0.82501,1.50,1.50
2011.03.03 16:24:22.550,0.8249,0.82502,1.50,3.00
2011.03.03 16:24:25.084,0.8249,0.82501,1.50,1.50
2011.03.03 16:24:27.776,0.8249,0.82501,1.50,2.25
2011.03.03 16:24:28.665,0.8249,0.825,1.50,1.50
2011.03.03 16:24:30.545,0.82489,0.82501,2.25,3.00
2011.03.03 16:24:32.572,0.82488,0.825,2.25,1.69
2011.03.03 16:24:33.013,0.82487,0.82494,2.25,3.75
2011.03.03 16:24:33.123,0.82487,0.82498,2.25,1.69
2011.03.03 16:24:33.671,0.82489,0.825,2.25,2.25
2011.03.03 16:24:34.885,0.82488,0.82499,2.25,2.44
2011.03.03 16:24:35.003,0.82487,0.82497,2.25,6.19
2011.03.03 16:24:35.333,0.82483,0.82491,1.50,2.25
2011.03.03 16:24:36.254,0.82482,0.82493,1.69,1.50
2011.03.03 16:24:36.483,0.82482,0.82496,2.44,3.00
2011.03.03 16:24:37.807,0.82485,0.82495,1.50,1.50
2011.03.03 16:24:38.035,0.82485,0.82493,1.50,3.75
2011.03.03 16:24:38.372,0.82485,0.82491,1.50,1.50
2011.03.03 16:24:41.633,0.82484,0.82491,1.50,2.25
2011.03.03 16:24:42.293,0.82483,0.82491,1.50,2.25
2011.03.03 16:24:44.826,0.82484,0.82491,1.50,1.50
2011.03.03 16:24:44.943,0.82484,0.82494,2.25,1.50
2011.03.03 16:24:45.467,0.82484,0.82492,1.50,2.25
2011.03.03 16:24:46.684,0.82484,0.82492,1.50,1.50
2011.03.03 16:24:49.254,0.82488,0.82493,1.50,6.00
2011.03.03 16:24:50.024,0.82488,0.82495,4.13,1.50
2011.03.03 16:24:51.045,0.82486,0.82494,1.50,1.50
2011.03.03 16:24:51.154,0.82486,0.82494,1.69,1.50
2011.03.03 16:24:51.483,0.82488,0.82501,1.50,3.75
2011.03.03 16:24:56.312,0.82488,0.82501,4.50,3.00
2011.03.03 16:24:57.272,0.82488,0.82501,3.00,1.50
2011.03.03 16:24:57.711,0.82488,0.82501,3.00,1.50
2011.03.03 16:25:00.943,0.82489,0.82501,2.25,1.50
2011.03.03 16:25:01.759,0.82489,0.82501,2.25,1.50
2011.03.03 16:25:03.302,0.82489,0.82502,2.25,3.75
2011.03.03 16:25:04.074,0.82496,0.82503,3.19,2.25
2011.03.03 16:25:04.402,0.82497,0.82505,2.25,1.50
2011.03.03 16:25:04.952,0.82499,0.8251,2.25,1.50
2011.03.03 16:25:07.704,0.825,0.82509,1.50,1.50
2011.03.03 16:25:08.042,0.82505,0.82511,1.50,1.50
2011.03.03 16:25:08.375,0.82507,0.82514,2.25,1.50
2011.03.03 16:25:08.715,0.82506,0.82513,2.25,1.50
2011.03.03 16:25:08.833,0.82507,0.82519,3.00,2.25
2011.03.03 16:25:09.382,0.82507,0.82523,3.00,1.50
2011.03.03 16:25:10.261,0.82506,0.82519,3.00,1.50
2011.03.03 16:25:12.514,0.82512,0.82519,1.50,1.50
2011.03.03 16:25:13.073,0.82512,0.8252,1.50,2.25
2011.03.03 16:25:13.623,0.82517,0.82521,1.50,3.00
2011.03.03 16:25:13.737,0.82517,0.82522,2.25,1.50
2011.03.03 16:25:14.073,0.82513,0.82521,1.50,3.00
2011.03.03 16:25:14.623,0.82509,0.8252,1.50,3.00
2011.03.03 16:25:15.064,0.82509,0.82517,1.50,2.25
2011.03.03 16:25:15.664,0.82509,0.82516,1.50,1.50
2011.03.03 16:25:16.222,0.82507,0.82517,3.75,2.25
2011.03.03 16:25:16.442,0.82509,0.82517,1.50,2.25
2011.03.03 16:25:16.775,0.82504,0.8251,1.50,1.50
2011.03.03 16:25:16.896,0.82498,0.8251,3.00,1.50
2011.03.03 16:25:17.783,0.82499,0.8251,2.48,2.25
2011.03.03 16:25:18.334,0.82498,0.82507,2.25,1.50
2011.03.03 16:25:20.683,0.82498,0.82507,2.25,1.50
2011.03.03 16:25:21.235,0.82499,0.82509,2.44,1.13
2011.03.03 16:25:21.353,0.82499,0.8251,1.50,2.63
2011.03.03 16:25:21.465,0.82501,0.82511,2.44,3.00
2011.03.03 16:25:21.803,0.82499,0.8251,1.50,1.13
2011.03.03 16:25:23.013,0.825,0.82511,1.50,4.13
2011.03.03 16:25:23.344,0.82498,0.82509,1.50,1.13
2011.03.03 16:25:24.099,0.82498,0.82508,1.50,1.13
2011.03.03 16:25:26.301,0.82498,0.82508,2.25,1.88
2011.03.03 16:25:26.635,0.82503,0.82513,6.94,3.00
2011.03.03 16:25:26.964,0.82508,0.82513,1.50,1.50
2011.03.03 16:25:27.293,0.82506,0.82512,1.50,3.19
2011.03.03 16:25:27.403,0.82499,0.8251,1.50,1.50
2011.03.03 16:25:27.515,0.82502,0.8251,1.69,1.50
2011.03.03 16:25:27.624,0.825,0.8251,1.69,2.25
2011.03.03 16:25:28.154,0.825,0.8251,1.69,2.25
2011.03.03 16:25:28.265,0.82502,0.8251,1.50,1.50
2011.03.03 16:25:28.824,0.82499,0.8251,2.25,1.69
2011.03.03 16:25:28.936,0.82499,0.82509,1.50,1.50
2011.03.03 16:25:29.491,0.82498,0.82509,3.00,2.25
2011.03.03 16:25:29.603,0.82498,0.82508,2.25,2.25
2011.03.03 16:25:30.372,0.82498,0.82508,2.25,1.50
2011.03.03 16:25:30.923,0.82498,0.82508,1.50,2.25
2011.03.03 16:25:31.473,0.82497,0.82506,1.69,1.50
2011.03.03 16:25:32.083,0.82496,0.82507,1.69,2.25
2011.03.03 16:25:33.843,0.82496,0.82506,3.19,1.50
2011.03.03 16:25:36.154,0.82498,0.82505,1.50,1.50
2011.03.03 16:25:36.922,0.82496,0.82506,4.69,1.50
2011.03.03 16:25:37.525,0.82494,0.82501,4.35,5.33
2011.03.03 16:25:37.645,0.82496,0.82504,1.50,1.58
2011.03.03 16:25:37.769,0.82486,0.82498,1.69,2.25
2011.03.03 16:25:37.998,0.82486,0.82492,1.50,1.50
2011.03.03 16:25:38.494,0.8248,0.8249,3.19,1.50
2011.03.03 16:25:38.618,0.82482,0.82492,1.50,1.13
2011.03.03 16:25:39.612,0.82483,0.82493,4.50,1.88
2011.03.03 16:25:39.942,0.82488,0.82494,1.50,1.50
2011.03.03 16:25:40.273,0.82488,0.82493,1.50,1.50
2011.03.03 16:25:42.033,0.82488,0.82495,1.50,1.50
2011.03.03 16:25:42.254,0.82488,0.82495,1.50,1.50
2011.03.03 16:25:43.082,0.82488,0.82496,1.50,1.50
2011.03.03 16:25:43.303,0.82486,0.82493,1.50,1.13
2011.03.03 16:25:43.521,0.82484,0.82493,1.50,1.13
2011.03.03 16:25:43.743,0.82487,0.82493,2.25,1.50
2011.03.03 16:25:43.964,0.82488,0.82498,1.50,2.63
2011.03.03 16:25:44.512,0.82488,0.82498,3.75,1.88
2011.03.03 16:25:45.725,0.8249,0.82498,3.19,1.50
2011.03.03 16:25:46.584,0.82496,0.82503,2.44,2.25
2011.03.03 16:25:46.693,0.82496,0.82504,3.94,2.25
2011.03.03 16:25:49.446,0.8249,0.82499,2.27,1.13
2011.03.03 16:25:49.563,0.82489,0.825,2.26,1.13
2011.03.03 16:25:50.358,0.82488,0.82498,2.25,1.13
2011.03.03 16:25:52.622,0.82491,0.82499,1.69,1.50
2011.03.03 16:25:52.954,0.82497,0.82504,2.25,1.50
2011.03.03 16:25:55.632,0.82499,0.82505,1.50,1.50
2011.03.03 16:25:55.853,0.82496,0.82504,3.94,1.50
2011.03.03 16:25:56.622,0.82498,0.82504,1.50,1.50
2011.03.03 16:26:01.062,0.82497,0.82504,2.25,1.50
2011.03.03 16:26:01.614,0.82492,0.82502,5.25,1.88
2011.03.03 16:26:01.942,0.82489,0.82499,1.50,1.13
2011.03.03 16:26:02.056,0.82489,0.82499,2.25,1.13
2011.03.03 16:26:02.285,0.82489,0.82498,1.50,1.50
2011.03.03 16:26:02.403,0.82487,0.82496,1.50,1.13
2011.03.03 16:26:02.994,0.82486,0.82493,2.25,1.13
2011.03.03 16:26:03.543,0.82483,0.82493,3.76,1.13
2011.03.03 16:26:03.874,0.82485,0.82495,1.50,1.50
2011.03.03 16:26:04.203,0.82489,0.82495,1.50,1.50
2011.03.03 16:26:04.422,0.82489,0.82496,1.50,1.50
2011.03.03 16:26:05.853,0.82489,0.82497,1.50,1.13
2011.03.03 16:26:11.392,0.82489,0.825,3.00,1.50
2011.03.03 16:26:12.823,0.82489,0.825,2.25,2.25
2011.03.03 16:26:15.013,0.8249,0.825,2.44,2.25
2011.03.03 16:26:15.233,0.82489,0.825,7.35,1.50
2011.03.03 16:26:15.343,0.82492,0.82501,1.69,1.50
2011.03.03 16:26:16.615,0.82489,0.82501,3.75,3.00
2011.03.03 16:26:16.724,0.82489,0.82501,2.63,4.50
2011.03.03 16:26:17.272,0.82488,0.825,2.85,3.00
2011.03.03 16:26:18.422,0.82491,0.825,2.44,3.00
2011.03.03 16:26:18.534,0.8249,0.825,2.44,3.75
2011.03.03 16:26:18.642,0.8249,0.825,1.50,3.75
2011.03.03 16:26:18.864,0.82487,0.82498,3.19,1.50
2011.03.03 16:26:19.194,0.82487,0.82496,1.69,1.50
2011.03.03 16:26:19.855,0.82482,0.82492,2.84,3.00
2011.03.03 16:26:20.253,0.82481,0.82493,1.69,1.50
2011.03.03 16:26:23.614,0.82482,0.82492,2.89,3.75
2011.03.03 16:26:23.724,0.82479,0.8249,7.58,1.50
2011.03.03 16:26:23.944,0.82481,0.82492,1.50,2.25
2011.03.03 16:26:24.664,0.82479,0.8249,5.25,1.50
2011.03.03 16:26:24.787,0.82479,0.8249,3.75,1.50
2011.03.03 16:26:34.292,0.8248,0.8249,2.25,2.25
2011.03.03 16:26:34.841,0.82481,0.82491,1.50,3.00
2011.03.03 16:26:35.831,0.8248,0.82491,3.00,3.00
2011.03.03 16:26:36.381,0.8248,0.82491,2.85,3.00
2011.03.03 16:26:37.492,0.8248,0.82491,1.52,3.00
2011.03.03 16:26:38.042,0.8248,0.82491,2.85,3.00
2011.03.03 16:26:38.592,0.82479,0.82489,2.25,1.50
2011.03.03 16:26:40.683,0.82479,0.8249,2.25,1.50
2011.03.03 16:26:43.324,0.82479,0.8249,2.25,3.00
2011.03.03 16:26:43.956,0.82479,0.8249,1.50,2.25
2011.03.03 16:26:48.285,0.82479,0.82488,1.50,1.50
2011.03.03 16:26:48.624,0.82475,0.82485,1.50,1.50
2011.03.03 16:26:48.842,0.82473,0.82483,2.25,1.50
2011.03.03 16:26:52.443,0.82469,0.82481,1.52,1.50
2011.03.03 16:26:53.047,0.82469,0.82481,1.50,3.00
2011.03.03 16:26:55.013,0.82469,0.82481,2.25,3.00
2011.03.03 16:26:56.992,0.82469,0.8248,2.27,1.50
2011.03.03 16:26:57.762,0.82469,0.8248,2.27,1.50
2011.03.03 16:26:58.424,0.82469,0.82479,2.27,2.44
2011.03.03 16:26:58.759,0.82462,0.82474,1.52,3.75
2011.03.03 16:26:58.985,0.82464,0.82478,1.50,3.19
2011.03.03 16:26:59.543,0.82463,0.82475,2.05,1.50
2011.03.03 16:26:59.873,0.82465,0.82476,1.69,1.50
2011.03.03 16:27:00.202,0.82469,0.82476,1.50,1.50
2011.03.03 16:27:00.315,0.82463,0.82476,2.80,1.50
2011.03.03 16:27:00.431,0.82463,0.82476,3.55,1.50
2011.03.03 16:27:00.763,0.82465,0.82478,3.96,1.50
2011.03.03 16:27:01.313,0.82468,0.82477,2.25,1.50
2011.03.03 16:27:02.634,0.82468,0.82479,3.75,1.50
2011.03.03 16:27:03.183,0.82468,0.8248,3.40,1.50
2011.03.03 16:27:05.646,0.82468,0.82481,3.02,1.50
2011.03.03 16:27:06.312,0.82468,0.82482,3.02,4.50
2011.03.03 16:27:09.343,0.82468,0.82481,5.12,1.50
2011.03.03 16:27:09.892,0.82468,0.82481,5.12,1.50
2011.03.03 16:27:10.552,0.82468,0.82481,4.37,3.75
2011.03.03 16:27:11.102,0.82468,0.82481,2.27,3.75
2011.03.03 16:27:14.702,0.82468,0.82481,1.52,4.50
2011.03.03 16:27:23.780,0.82468,0.82476,1.50,1.50
2011.03.03 16:27:24.115,0.82466,0.82475,1.50,1.50
2011.03.03 16:27:24.234,0.82464,0.82475,1.50,2.25
2011.03.03 16:27:24.673,0.82461,0.82474,1.13,1.50
2011.03.03 16:27:25.665,0.82463,0.82473,1.69,1.50
2011.03.03 16:27:26.005,0.82469,0.82474,1.50,1.50
2011.03.03 16:27:27.113,0.82469,0.82475,1.50,2.25
2011.03.03 16:27:27.223,0.82469,0.82475,1.50,1.50
2011.03.03 16:27:27.333,0.82464,0.82475,1.50,2.25
2011.03.03 16:27:27.898,0.82461,0.82475,3.59,2.25
2011.03.03 16:27:28.785,0.82463,0.82475,4.50,2.25
2011.03.03 16:27:29.123,0.82468,0.82475,1.50,1.50
2011.03.03 16:27:31.531,0.82466,0.82476,2.25,1.50
2011.03.03 16:27:31.643,0.82463,0.82472,2.44,1.50
2011.03.03 16:27:31.755,0.8246,0.82472,1.52,3.19
2011.03.03 16:27:32.641,0.82461,0.82471,2.10,3.00
2011.03.03 16:27:45.083,0.8246,0.82471,1.05,2.25
2011.03.03 16:27:45.742,0.82459,0.82471,1.37,3.00
2011.03.03 16:27:46.292,0.82459,0.82471,1.67,3.00
2011.03.03 16:27:46.892,0.82459,0.82471,1.37,3.00
2011.03.03 16:27:47.442,0.82459,0.82471,1.07,3.00
2011.03.03 16:27:48.138,0.82459,0.82471,1.37,3.00
2011.03.03 16:27:48.692,0.82459,0.82471,1.65,3.00
2011.03.03 16:27:49.286,0.82459,0.82471,1.65,3.00
2011.03.03 16:27:49.803,0.82459,0.82471,1.35,3.00
2011.03.03 16:27:50.354,0.82459,0.82471,1.35,3.00
2011.03.03 16:27:50.903,0.82458,0.82471,2.61,1.50
2011.03.03 16:27:51.672,0.82458,0.82472,2.61,3.94
2011.03.03 16:27:52.272,0.82458,0.82472,2.27,3.94
2011.03.03 16:27:54.423,0.82458,0.82471,2.27,1.50
2011.03.03 16:27:59.294,0.82458,0.82471,2.27,1.50
2011.03.03 16:27:59.842,0.82458,0.82471,2.27,1.50
2011.03.03 16:28:01.492,0.82459,0.8247,2.25,1.50
2011.03.03 16:28:04.376,0.82459,0.82466,1.50,1.50
2011.03.03 16:28:04.606,0.82452,0.82461,1.50,1.50
2011.03.03 16:28:04.942,0.82449,0.82461,3.02,1.50
2011.03.03 16:28:05.494,0.82449,0.82462,1.52,4.69
2011.03.03 16:28:07.016,0.82451,0.82462,2.44,3.00
2011.03.03 16:28:07.683,0.82451,0.82465,2.70,3.00
2011.03.03 16:28:08.232,0.82451,0.82464,2.46,1.50
2011.03.03 16:28:08.671,0.82451,0.82464,2.70,1.50
2011.03.03 16:28:17.407,0.82452,0.82466,2.25,3.00
2011.03.03 16:28:19.142,0.82452,0.82466,2.25,3.00
2011.03.03 16:28:20.320,0.82452,0.82466,1.50,2.25
2011.03.03 16:28:20.871,0.82452,0.82466,1.50,3.00
2011.03.03 16:28:21.203,0.82451,0.82464,2.51,1.50
2011.03.03 16:28:21.754,0.82451,0.82462,1.74,1.50
2011.03.03 16:28:22.303,0.82451,0.82461,1.50,1.50
2011.03.03 16:28:24.195,0.82451,0.82461,1.50,6.00
2011.03.03 16:28:24.424,0.82447,0.82458,3.75,3.00
2011.03.03 16:28:24.753,0.82442,0.82458,3.00,2.25
2011.03.03 16:28:26.403,0.82446,0.82458,1.50,1.66
2011.03.03 16:28:26.953,0.82447,0.82455,1.50,1.50
2011.03.03 16:28:27.063,0.82442,0.82455,1.50,1.69
2011.03.03 16:28:27.612,0.82442,0.82451,1.50,1.50
2011.03.03 16:28:30.205,0.82442,0.82455,3.19,1.50
2011.03.03 16:28:30.655,0.82442,0.82454,2.07,2.25
2011.03.03 16:28:30.985,0.82443,0.82455,1.50,1.50
2011.03.03 16:28:32.973,0.82443,0.82456,1.50,3.00
2011.03.03 16:28:33.087,0.82446,0.82456,1.50,2.25
2011.03.03 16:28:33.423,0.82447,0.82458,3.00,1.50
2011.03.03 16:28:35.309,0.82445,0.82451,1.50,3.75
2011.03.03 16:28:35.427,0.82438,0.82451,1.50,4.50
2011.03.03 16:28:42.403,0.82437,0.82449,3.75,1.69
2011.03.03 16:28:42.733,0.82433,0.82442,1.50,1.50
2011.03.03 16:28:42.954,0.82432,0.82445,1.50,1.50
2011.03.03 16:28:43.397,0.82431,0.82447,2.44,3.75
2011.03.03 16:28:43.732,0.82434,0.82447,1.13,1.50
2011.03.03 16:28:43.844,0.82431,0.82447,3.19,1.50
2011.03.03 16:28:44.703,0.82433,0.82447,2.25,5.25
2011.03.03 16:28:44.927,0.82433,0.82446,3.60,3.75
2011.03.03 16:28:45.045,0.82433,0.82445,2.63,1.50
2011.03.03 16:28:45.166,0.82431,0.82445,2.25,3.00
2011.03.03 16:28:47.823,0.82429,0.82442,3.00,1.50
2011.03.03 16:28:48.043,0.82431,0.82442,2.25,3.00
2011.03.03 16:28:48.375,0.82433,0.82442,6.19,1.50
2011.03.03 16:28:48.596,0.82432,0.82444,1.90,2.25
2011.03.03 16:28:48.714,0.82428,0.82443,8.25,2.25
2011.03.03 16:28:49.162,0.82428,0.82441,2.25,6.00
2011.03.03 16:28:49.496,0.82426,0.82439,4.50,5.25
2011.03.03 16:28:49.832,0.82426,0.82439,3.75,6.00
2011.03.03 16:28:49.943,0.82424,0.82439,3.75,6.00
2011.03.03 16:28:50.493,0.82422,0.82439,2.25,6.00
2011.03.03 16:28:51.592,0.82424,0.82439,1.50,6.00
2011.03.03 16:28:52.363,0.82427,0.8244,2.85,1.50
2011.03.03 16:28:55.001,0.82428,0.82441,1.50,7.50
2011.03.03 16:28:57.262,0.82428,0.82439,1.50,1.50
2011.03.03 16:28:57.376,0.82428,0.82434,1.50,1.50
2011.03.03 16:28:57.604,0.82422,0.82431,1.69,3.75
2011.03.03 16:28:57.713,0.82422,0.82434,1.50,1.50
2011.03.03 16:28:57.822,0.82422,0.82436,2.25,3.00
2011.03.03 16:28:58.812,0.82422,0.82436,1.50,1.50
2011.03.03 16:28:59.362,0.82424,0.82437,1.69,2.25
2011.03.03 16:28:59.473,0.82425,0.82437,2.25,2.25
2011.03.03 16:29:00.353,0.82427,0.82439,2.25,1.50
2011.03.03 16:29:00.904,0.82427,0.82437,1.50,6.75
2011.03.03 16:29:01.014,0.82424,0.82434,2.25,1.69
2011.03.03 16:29:01.448,0.82419,0.82432,1.50,5.25
2011.03.03 16:29:01.783,0.82418,0.82431,3.00,4.50
2011.03.03 16:29:03.213,0.82418,0.82431,3.00,4.50
2011.03.03 16:29:03.763,0.82418,0.82431,3.00,6.75
2011.03.03 16:29:04.312,0.82418,0.82431,3.00,6.00
2011.03.03 16:29:05.766,0.82418,0.82431,3.00,5.25
2011.03.03 16:29:06.433,0.82418,0.82431,3.00,5.33
2011.03.03 16:29:08.453,0.82419,0.82431,3.75,4.50
2011.03.03 16:29:08.785,0.8242,0.82431,3.60,4.50
2011.03.03 16:29:09.342,0.8242,0.82431,2.63,3.75
2011.03.03 16:29:12.218,0.82419,0.82431,4.50,5.25
2011.03.03 16:29:12.781,0.82418,0.8243,1.50,1.50
2011.03.03 16:29:13.773,0.82418,0.82431,1.50,5.25
2011.03.03 16:29:16.602,0.82419,0.82431,1.50,4.50
2011.03.03 16:29:18.352,0.82421,0.82432,3.00,2.25
2011.03.03 16:29:18.793,0.82422,0.82435,1.50,3.00
2011.03.03 16:29:29.513,0.82419,0.82432,1.50,6.75
2011.03.03 16:29:29.844,0.82421,0.82432,4.50,2.25
2011.03.03 16:29:30.173,0.82428,0.82436,1.50,2.25
2011.03.03 16:29:30.392,0.82424,0.82436,2.25,1.50
2011.03.03 16:29:31.163,0.82423,0.82436,1.50,1.50
2011.03.03 16:29:32.864,0.82422,0.82432,1.50,6.75
2011.03.03 16:29:33.382,0.82419,0.82432,1.50,7.50
2011.03.03 16:29:35.473,0.82419,0.82432,1.50,7.50
2011.03.03 16:29:36.023,0.82419,0.82432,1.50,7.50
2011.03.03 16:29:36.543,0.82419,0.82432,1.50,7.50
2011.03.03 16:29:41.245,0.82418,0.82432,2.25,8.25
2011.03.03 16:29:41.366,0.82418,0.82432,2.25,6.75
2011.03.03 16:29:42.033,0.82418,0.82432,2.25,6.75
2011.03.03 16:29:42.584,0.82418,0.82432,2.25,6.75
2011.03.03 16:29:43.132,0.82418,0.82432,2.25,6.75
2011.03.03 16:29:47.767,0.82419,0.82432,2.44,7.50
2011.03.03 16:29:48.103,0.82421,0.82432,1.50,6.00
2011.03.03 16:29:50.192,0.82421,0.82432,1.50,6.75
2011.03.03 16:29:51.622,0.82421,0.82432,1.50,6.75
2011.03.03 16:29:53.494,0.82421,0.82432,2.44,1.50
2011.03.03 16:29:54.043,0.82421,0.82431,1.50,3.75
2011.03.03 16:29:54.483,0.82418,0.82431,4.50,3.75
2011.03.03 16:29:58.433,0.8242,0.82431,1.50,3.75
2011.03.03 16:29:59.512,0.8242,0.82431,1.50,3.75
2011.03.03 16:29:59.623,0.82421,0.82431,1.50,3.75
2011.03.03 16:30:00.394,0.82423,0.82431,1.50,3.75
2011.03.03 16:30:00.942,0.82423,0.82432,1.50,1.50
2011.03.03 16:30:01.162,0.82422,0.82435,2.44,1.65
2011.03.03 16:30:01.272,0.82422,0.82435,2.44,2.40
2011.03.03 16:30:01.678,0.82422,0.82435,2.44,1.65
2011.03.03 16:30:02.233,0.82425,0.82435,1.69,1.50
2011.03.03 16:30:02.565,0.82428,0.82438,1.50,1.50
2011.03.03 16:30:03.113,0.82424,0.82438,3.00,1.50
2011.03.03 16:30:04.432,0.82423,0.82437,2.25,3.75
2011.03.03 16:30:04.872,0.82423,0.82432,2.25,1.50
2011.03.03 16:30:05.422,0.82422,0.82432,2.25,1.50
2011.03.03 16:30:10.312,0.82423,0.82432,1.50,1.50
2011.03.03 16:30:12.412,0.82423,0.82434,3.00,1.50
2011.03.03 16:30:12.632,0.82423,0.82437,3.00,1.50
2011.03.03 16:30:12.854,0.82422,0.82434,2.25,1.50
2011.03.03 16:30:14.403,0.82421,0.82431,1.50,1.50
2011.03.03 16:30:15.063,0.82419,0.82431,3.38,3.00
2011.03.03 16:30:21.572,0.8242,0.82431,1.50,2.63
2011.03.03 16:30:22.103,0.8242,0.82431,1.50,2.25
2011.03.03 16:30:28.082,0.82425,0.82431,1.69,2.25
2011.03.03 16:30:28.304,0.82426,0.82437,2.44,1.50
2011.03.03 16:30:28.523,0.82428,0.8244,2.25,1.50
2011.03.03 16:30:28.963,0.82428,0.82442,7.50,3.00
2011.03.03 16:30:29.181,0.82431,0.82443,2.44,3.83
2011.03.03 16:30:29.734,0.82429,0.82443,2.27,3.08
2011.03.03 16:30:31.573,0.82429,0.82441,3.19,2.25
2011.03.03 16:30:31.795,0.82429,0.82443,3.00,4.50
2011.03.03 16:30:32.235,0.82428,0.82439,2.25,1.84
2011.03.03 16:30:32.453,0.82426,0.82438,1.50,1.09
2011.03.03 16:30:33.775,0.82433,0.8244,1.69,3.00
2011.03.03 16:30:33.884,0.82434,0.8244,2.74,1.50
2011.03.03 16:30:33.996,0.82434,0.82447,1.50,3.00
2011.03.03 16:30:34.811,0.82434,0.82448,9.83,3.75
2011.03.03 16:30:35.142,0.82434,0.82448,11.78,3.75
2011.03.03 16:30:36.024,0.82434,0.82448,10.13,3.75
2011.03.03 16:30:36.244,0.82434,0.82448,2.85,3.75
2011.03.03 16:30:38.112,0.82434,0.82448,14.10,3.75
2011.03.03 16:30:38.333,0.82439,0.82447,1.50,1.50
2011.03.03 16:30:38.664,0.82434,0.82441,3.23,1.50
2011.03.03 16:30:39.213,0.82432,0.82441,1.50,2.25
2011.03.03 16:30:39.653,0.82434,0.82441,1.69,1.50
2011.03.03 16:30:39.875,0.82438,0.82445,1.50,1.50
2011.03.03 16:30:39.996,0.82436,0.82447,1.50,1.51
2011.03.03 16:30:40.805,0.82433,0.82448,1.50,3.76
2011.03.03 16:30:41.032,0.82433,0.82448,1.50,3.76
2011.03.03 16:30:41.573,0.82432,0.82448,2.25,3.76
2011.03.03 16:30:42.581,0.82432,0.82445,2.25,1.50
2011.03.03 16:30:42.913,0.82432,0.82441,1.50,1.50
2011.03.03 16:30:43.135,0.82429,0.82441,3.00,1.50
2011.03.03 16:30:45.553,0.82431,0.82441,3.19,1.50
2011.03.03 16:30:45.882,0.82433,0.82443,5.55,1.50
2011.03.03 16:30:46.433,0.82434,0.82444,1.88,2.25
2011.03.03 16:30:46.763,0.82434,0.82444,5.93,2.25
2011.03.03 16:30:47.094,0.82434,0.82446,6.60,2.26
2011.03.03 16:30:50.572,0.82434,0.82446,5.82,2.26
2011.03.03 16:30:50.902,0.82439,0.82447,1.50,2.26
2011.03.03 16:30:51.123,0.82439,0.82447,1.50,1.50
2011.03.03 16:30:52.555,0.82439,0.82449,5.07,1.50
2011.03.03 16:30:53.715,0.82439,0.82449,1.69,1.50
2011.03.03 16:30:54.264,0.82439,0.82449,5.82,1.50
2011.03.03 16:30:54.484,0.82445,0.8245,1.50,1.50
2011.03.03 16:30:55.035,0.82448,0.82456,1.50,2.25
2011.03.03 16:30:55.143,0.82448,0.82459,2.25,1.50
2011.03.03 16:30:55.692,0.82448,0.82458,4.35,1.50
2011.03.03 16:30:56.243,0.82448,0.82461,4.35,3.00
2011.03.03 16:30:59.862,0.82448,0.8246,3.00,1.50
2011.03.03 16:31:02.693,0.82448,0.82461,2.25,2.25
2011.03.03 16:31:05.002,0.82448,0.82459,2.25,3.75
2011.03.03 16:31:09.315,0.82448,0.8246,3.00,1.50
2011.03.03 16:31:13.732,0.8245,0.82462,1.50,4.50
2011.03.03 16:31:16.447,0.82448,0.82461,3.00,1.50
2011.03.03 16:31:17.004,0.82448,0.82461,4.50,1.50
2011.03.03 16:31:17.551,0.82448,0.82461,3.00,1.50
2011.03.03 16:31:19.213,0.82449,0.82462,2.78,5.25
2011.03.03 16:31:19.542,0.82452,0.82462,2.10,4.50
2011.03.03 16:31:19.651,0.82448,0.82462,5.87,4.50
2011.03.03 16:31:22.972,0.82448,0.82459,4.50,1.50
2011.03.03 16:31:36.753,0.82448,0.82461,3.02,1.50
2011.03.03 16:31:38.440,0.82448,0.8246,6.60,1.50
2011.03.03 16:31:39.542,0.82448,0.8246,4.27,2.25
2011.03.03 16:31:47.541,0.82449,0.8246,1.50,1.50
2011.03.03 16:31:51.192,0.82448,0.8246,3.02,2.25
2011.03.03 16:31:54.171,0.82448,0.8246,3.02,2.25
2011.03.03 16:31:54.393,0.82449,0.8246,1.52,2.25
2011.03.03 16:31:54.797,0.82455,0.82463,2.44,5.25
2011.03.03 16:31:54.926,0.82459,0.82467,1.50,1.51
2011.03.03 16:31:55.482,0.82459,0.82468,1.50,1.51
2011.03.03 16:31:56.912,0.82459,0.82469,1.50,2.26
2011.03.03 16:31:57.461,0.82459,0.82469,1.50,2.26
2011.03.03 16:31:58.121,0.82459,0.82469,1.50,2.26
2011.03.03 16:31:58.724,0.82459,0.82469,1.50,2.26
2011.03.03 16:31:59.403,0.82459,0.82469,1.50,2.26
2011.03.03 16:31:59.965,0.82459,0.82469,1.50,1.51
2011.03.03 16:32:00.522,0.82459,0.82469,1.50,1.51
2011.03.03 16:32:01.075,0.82459,0.82469,1.50,1.51
2011.03.03 16:32:01.744,0.82459,0.82469,1.50,1.51
2011.03.03 16:32:02.404,0.82459,0.8247,1.50,2.26
2011.03.03 16:32:03.282,0.82459,0.8247,1.50,1.51
2011.03.03 16:32:03.847,0.82459,0.8247,1.50,1.51
2011.03.03 16:32:03.980,0.82456,0.82467,2.44,2.26
2011.03.03 16:32:04.204,0.82459,0.82467,1.50,1.51
2011.03.03 16:32:05.082,0.82459,0.82469,1.50,1.51
2011.03.03 16:32:05.525,0.82456,0.82467,2.44,2.26
2011.03.03 16:32:06.074,0.82458,0.82469,1.50,1.51
2011.03.03 16:32:06.625,0.82458,0.8247,1.50,1.51
2011.03.03 16:32:07.194,0.82458,0.8247,1.50,1.51
2011.03.03 16:32:07.865,0.82458,0.8247,1.50,1.51
2011.03.03 16:32:08.855,0.82458,0.8247,1.50,1.51
2011.03.03 16:32:10.752,0.82458,0.82469,1.50,1.51
2011.03.03 16:32:11.303,0.82458,0.8247,1.50,1.51
2011.03.03 16:32:12.513,0.82458,0.82469,1.50,1.51
2011.03.03 16:32:17.794,0.82458,0.82463,1.50,1.69
2011.03.03 16:32:18.125,0.82453,0.82464,1.50,1.50
2011.03.03 16:32:18.674,0.82452,0.82464,1.69,1.50
2011.03.03 16:32:19.663,0.8245,0.82464,2.25,2.25
2011.03.03 16:32:20.211,0.82449,0.82463,3.00,6.75
2011.03.03 16:32:20.831,0.82449,0.82461,3.00,1.50
2011.03.03 16:32:21.274,0.82449,0.82461,2.25,3.00
2011.03.03 16:32:25.584,0.82449,0.8246,2.25,2.25
2011.03.03 16:32:25.698,0.82449,0.8246,1.50,3.75
2011.03.03 16:32:25.815,0.82446,0.82458,2.25,1.50
2011.03.03 16:32:26.463,0.82446,0.82458,1.50,3.08
2011.03.03 16:32:26.602,0.82444,0.82457,1.50,1.50
2011.03.03 16:32:30.014,0.82442,0.82458,2.25,3.00
2011.03.03 16:32:30.893,0.82443,0.82456,6.19,2.25
2011.03.03 16:32:31.223,0.82448,0.82456,2.25,1.50
2011.03.03 16:32:32.594,0.82448,0.82456,1.50,1.50
2011.03.03 16:32:32.813,0.82444,0.82457,2.25,1.50
2011.03.03 16:32:32.923,0.82444,0.82457,2.25,1.50
2011.03.03 16:32:33.035,0.82444,0.82457,2.25,4.50
2011.03.03 16:32:33.363,0.8244,0.82454,1.50,6.75
2011.03.03 16:32:33.913,0.82441,0.82454,1.50,2.25
2011.03.03 16:32:35.123,0.82441,0.82454,2.44,2.25
2011.03.03 16:32:37.430,0.8244,0.82451,1.69,2.25
2011.03.03 16:32:37.984,0.82439,0.82451,2.25,3.00
2011.03.03 16:32:40.754,0.82441,0.82451,1.69,2.25
2011.03.03 16:32:41.085,0.82442,0.82455,1.69,2.25
2011.03.03 16:32:51.805,0.82442,0.82451,1.50,1.50
2011.03.03 16:32:52.025,0.82441,0.82451,1.50,2.25
2011.03.03 16:32:52.573,0.82439,0.82451,2.25,3.00
2011.03.03 16:33:09.553,0.82438,0.8245,2.25,2.25
2011.03.03 16:33:19.932,0.82438,0.82449,2.25,1.50
2011.03.03 16:33:20.482,0.82438,0.8245,2.25,2.25
2011.03.03 16:33:21.152,0.82438,0.82451,2.25,5.25
2011.03.03 16:33:21.702,0.82438,0.82452,2.25,2.25
2011.03.03 16:33:24.274,0.82438,0.82449,1.50,2.25
2011.03.03 16:33:24.494,0.82436,0.82448,2.44,1.50
2011.03.03 16:33:24.826,0.82434,0.82446,2.25,1.50
2011.03.03 16:33:25.054,0.82434,0.82446,2.25,1.50
2011.03.03 16:33:29.075,0.82434,0.82446,2.25,1.50
2011.03.03 16:33:30.243,0.82433,0.82446,1.50,1.50
2011.03.03 16:33:30.572,0.82433,0.82446,1.50,2.25
2011.03.03 16:33:30.903,0.8243,0.82443,1.50,5.25
2011.03.03 16:33:32.393,0.82433,0.82445,1.50,2.25
2011.03.03 16:33:43.773,0.82433,0.82447,2.85,4.50
2011.03.03 16:33:44.433,0.82434,0.82447,2.33,4.50
2011.03.03 16:33:46.406,0.82431,0.82444,2.85,3.00
2011.03.03 16:33:46.745,0.8243,0.82443,1.50,4.50
2011.03.03 16:33:46.853,0.82429,0.82443,2.25,4.50
2011.03.03 16:33:47.846,0.82429,0.82441,2.25,3.00
2011.03.03 16:33:56.863,0.82429,0.8244,2.25,1.50
2011.03.03 16:33:57.194,0.82429,0.8244,1.50,1.50
2011.03.03 16:33:57.303,0.82427,0.82439,3.00,2.25
2011.03.03 16:33:57.902,0.82427,0.82438,1.50,2.44
2011.03.03 16:33:58.232,0.82423,0.82438,3.75,1.50
2011.03.03 16:33:59.005,0.82425,0.82439,1.50,3.00
2011.03.03 16:33:59.114,0.82428,0.82439,1.50,3.00
2011.03.03 16:33:59.224,0.82428,0.82439,1.50,2.25
2011.03.03 16:33:59.443,0.82429,0.82442,1.50,3.75
2011.03.03 16:33:59.992,0.82428,0.82442,3.00,3.75
2011.03.03 16:34:03.617,0.82428,0.82439,1.50,1.69
2011.03.03 16:34:04.172,0.82427,0.82439,2.25,1.50
2011.03.03 16:34:04.721,0.82425,0.82438,1.50,1.69
2011.03.03 16:34:05.323,0.82424,0.82439,1.50,4.50
2011.03.03 16:34:13.077,0.82428,0.82439,1.50,1.50
2011.03.03 16:34:13.196,0.82428,0.82439,2.40,1.50
2011.03.03 16:34:13.555,0.82428,0.82441,1.50,1.50
2011.03.03 16:34:13.837,0.82428,0.82441,2.25,2.25
2011.03.03 16:34:17.754,0.82431,0.82442,1.69,2.25
2011.03.03 16:34:18.083,0.82431,0.82445,2.44,3.75
2011.03.03 16:34:20.143,0.82431,0.82445,2.44,4.50
2011.03.03 16:34:20.363,0.8243,0.82443,3.00,6.75
2011.03.03 16:34:20.694,0.82429,0.8244,2.25,1.50
2011.03.03 16:34:21.408,0.82423,0.82439,3.00,2.25
2011.03.03 16:34:22.964,0.82428,0.8244,1.50,2.25
2011.03.03 16:34:23.403,0.82428,0.82438,1.50,1.50
2011.03.03 16:34:23.953,0.82427,0.82438,1.50,2.25
2011.03.03 16:34:25.582,0.82424,0.82438,2.25,2.25
2011.03.03 16:34:26.137,0.82423,0.82436,3.00,1.50
2011.03.03 16:34:30.766,0.82423,0.82433,1.50,5.25
2011.03.03 16:34:30.874,0.8242,0.82431,5.25,1.50
2011.03.03 16:34:33.793,0.8242,0.82431,3.55,1.50
2011.03.03 16:34:34.341,0.8242,0.82433,3.02,5.44
2011.03.03 16:34:56.793,0.82428,0.82433,1.50,4.50
2011.03.03 16:34:57.233,0.82428,0.82441,4.50,1.50
2011.03.03 16:35:06.966,0.82431,0.82442,1.69,3.00
2011.03.03 16:35:07.196,0.82432,0.82443,1.35,1.50
2011.03.03 16:35:07.535,0.82433,0.82447,1.77,3.94
2011.03.03 16:35:08.084,0.82433,0.82446,1.58,1.50
2011.03.03 16:35:19.073,0.82433,0.82448,3.12,1.50
2011.03.03 16:35:19.405,0.82438,0.82447,2.25,1.50
2011.03.03 16:35:19.624,0.82438,0.82449,2.25,1.50
2011.03.03 16:35:20.172,0.82438,0.8245,2.25,1.50
2011.03.03 16:35:21.485,0.82438,0.82451,2.33,1.50
2011.03.03 16:35:21.823,0.82439,0.82452,1.32,4.50
2011.03.03 16:35:22.497,0.82439,0.82452,4.20,3.00
2011.03.03 16:35:22.943,0.82439,0.82452,3.45,3.00
2011.03.03 16:35:23.052,0.82439,0.82452,4.95,3.00
2011.03.03 16:35:23.494,0.82438,0.82452,3.75,3.00
2011.03.03 16:35:23.713,0.82438,0.82452,3.00,3.00
2011.03.03 16:35:32.273,0.82438,0.82449,4.50,1.50
2011.03.03 16:35:35.573,0.82439,0.82449,1.50,1.50
2011.03.03 16:35:39.585,0.82439,0.8245,1.50,1.50
2011.03.03 16:35:40.683,0.82439,0.82451,1.50,3.75
2011.03.03 16:35:43.586,0.82438,0.82449,2.25,2.25
2011.03.03 16:35:43.924,0.82438,0.82447,1.50,1.50
2011.03.03 16:35:44.144,0.82435,0.82446,1.50,1.50
2011.03.03 16:35:45.353,0.82434,0.82446,1.50,1.50
2011.03.03 16:35:49.312,0.82433,0.82447,1.50,2.25
2011.03.03 16:35:49.862,0.82433,0.82447,1.50,1.50
2011.03.03 16:35:53.772,0.82432,0.82439,1.50,1.50
2011.03.03 16:35:53.994,0.82428,0.82441,3.77,4.69
2011.03.03 16:35:54.106,0.82428,0.82441,1.52,3.00
2011.03.03 16:35:54.334,0.82429,0.82441,1.50,3.00
2011.03.03 16:35:54.667,0.82427,0.82434,2.27,1.50
2011.03.03 16:35:54.787,0.82427,0.82431,1.50,2.25
2011.03.03 16:35:54.903,0.82419,0.82431,3.02,2.25
2011.03.03 16:35:55.659,0.82429,0.82437,1.50,1.50
2011.03.03 16:35:55.777,0.82429,0.82439,1.50,2.25
2011.03.03 16:35:56.007,0.82423,0.82431,2.25,5.25
2011.03.03 16:35:56.128,0.82423,0.82431,2.25,4.77
2011.03.03 16:35:56.245,0.82419,0.82431,2.25,2.33
2011.03.03 16:35:56.793,0.82419,0.8243,2.25,1.50
2011.03.03 16:35:57.563,0.82417,0.8243,3.00,2.44
2011.03.03 16:35:57.786,0.82416,0.82422,2.46,1.50
2011.03.03 16:35:58.014,0.82419,0.8243,2.25,1.50
2011.03.03 16:35:58.782,0.82419,0.82431,2.82,1.50
2011.03.03 16:35:59.004,0.82422,0.82431,1.50,1.50
2011.03.03 16:35:59.224,0.82422,0.82433,1.50,1.50
2011.03.03 16:35:59.334,0.82421,0.82432,1.50,1.69
2011.03.03 16:35:59.444,0.82419,0.82431,3.75,2.25
2011.03.03 16:36:00.875,0.82418,0.82423,1.50,3.00
2011.03.03 16:36:00.988,0.82416,0.82423,1.69,6.75
2011.03.03 16:36:01.104,0.82421,0.8243,1.50,1.50
2011.03.03 16:36:01.325,0.82418,0.82429,2.25,1.50
2011.03.03 16:36:01.719,0.82418,0.82428,1.50,1.69
2011.03.03 16:36:02.383,0.82417,0.82426,2.25,1.69
2011.03.03 16:36:02.494,0.82417,0.82424,1.50,1.50
2011.03.03 16:36:02.605,0.82415,0.82422,2.25,1.50
2011.03.03 16:36:04.036,0.82415,0.82421,1.50,1.50
2011.03.03 16:36:04.264,0.82414,0.82423,3.75,1.50
2011.03.03 16:36:04.377,0.82414,0.82427,3.75,1.50
2011.03.03 16:36:04.604,0.82414,0.82427,3.02,1.50
2011.03.03 16:36:04.939,0.82413,0.82424,2.20,6.75
2011.03.03 16:36:05.273,0.82419,0.8243,1.50,1.50
2011.03.03 16:36:05.825,0.82419,0.8243,1.50,1.50
2011.03.03 16:36:06.044,0.82419,0.82424,1.50,1.50
2011.03.03 16:36:06.155,0.82417,0.82422,4.50,1.50
2011.03.03 16:36:06.276,0.82413,0.82422,6.07,1.50
2011.03.03 16:36:06.396,0.82414,0.82428,5.55,2.44
2011.03.03 16:36:06.820,0.82415,0.82428,1.50,3.19
2011.03.03 16:36:06.936,0.82415,0.82428,1.50,3.19
2011.03.03 16:36:10.472,0.82415,0.82422,2.25,1.50
2011.03.03 16:36:10.585,0.82414,0.82422,7.95,2.25
2011.03.03 16:36:11.793,0.82412,0.82422,1.50,3.00
2011.03.03 16:36:12.233,0.82412,0.82422,1.50,3.00
2011.03.03 16:36:12.454,0.82408,0.82422,3.02,3.08
2011.03.03 16:36:13.081,0.82408,0.82419,2.25,1.50
2011.03.03 16:36:13.198,0.82408,0.82421,2.25,2.25
2011.03.03 16:36:13.755,0.82408,0.82421,3.00,2.25
2011.03.03 16:36:13.976,0.82408,0.82422,3.00,3.75
2011.03.03 16:36:17.045,0.82408,0.82414,1.50,1.69
2011.03.03 16:36:17.172,0.82405,0.82416,3.75,1.50
2011.03.03 16:36:17.286,0.82405,0.82417,3.75,3.19
2011.03.03 16:36:17.833,0.82404,0.82417,1.52,3.19
2011.03.03 16:36:19.813,0.82409,0.82417,1.50,3.00
2011.03.03 16:36:20.033,0.82411,0.82421,1.50,2.25
2011.03.03 16:36:20.145,0.82409,0.82421,2.25,1.50
2011.03.03 16:36:23.405,0.82409,0.82421,2.25,2.25
2011.03.03 16:36:25.615,0.82412,0.82421,1.31,2.25
2011.03.03 16:36:25.737,0.82412,0.82423,1.31,5.25
2011.03.03 16:36:26.168,0.82412,0.82424,1.50,1.50
2011.03.03 16:36:26.725,0.82413,0.82425,1.50,3.00
2011.03.03 16:36:26.944,0.82411,0.82421,1.50,1.50
2011.03.03 16:36:27.495,0.8241,0.82421,1.50,1.50
2011.03.03 16:36:28.263,0.82409,0.82421,3.00,1.50
2011.03.03 16:36:28.704,0.82409,0.82421,3.00,2.44
2011.03.03 16:36:29.044,0.82402,0.82411,1.50,1.50
2011.03.03 16:36:29.816,0.82401,0.82411,1.50,1.50
2011.03.03 16:36:33.343,0.82399,0.82411,6.57,1.50
2011.03.03 16:36:35.663,0.82399,0.82411,2.25,3.00
2011.03.03 16:36:36.103,0.82399,0.82411,3.00,2.25
2011.03.03 16:36:37.312,0.82399,0.82411,3.00,2.25
2011.03.03 16:36:37.863,0.824,0.82411,2.85,1.50
2011.03.03 16:36:39.702,0.82399,0.82411,3.00,2.25
2011.03.03 16:36:41.673,0.82399,0.82411,4.88,1.50
2011.03.03 16:36:42.665,0.82399,0.82411,2.25,3.00
2011.03.03 16:36:44.423,0.824,0.82411,2.85,3.00
2011.03.03 16:36:57.314,0.824,0.82412,3.60,1.50
2011.03.03 16:37:01.595,0.82408,0.82413,1.50,6.94
2011.03.03 16:37:01.927,0.82408,0.82421,2.25,1.50
2011.03.03 16:37:02.374,0.82408,0.82421,3.75,1.50
2011.03.03 16:37:02.922,0.82408,0.82422,3.75,2.25
2011.03.03 16:37:03.586,0.82408,0.82422,3.75,3.00
2011.03.03 16:37:04.133,0.82408,0.82422,4.52,3.00
2011.03.03 16:37:06.904,0.82408,0.82422,3.75,3.00
2011.03.03 16:37:10.712,0.82408,0.82422,4.52,3.00
2011.03.03 16:37:11.367,0.82408,0.82422,3.77,3.00
2011.03.03 16:37:21.223,0.82408,0.82421,2.25,2.25
2011.03.03 16:37:21.554,0.82408,0.82419,1.50,1.50
2011.03.03 16:37:21.887,0.82403,0.82412,1.51,1.50
2011.03.03 16:37:22.004,0.82403,0.82416,1.51,1.50
2011.03.03 16:37:23.763,0.82404,0.82415,3.01,1.50
2011.03.03 16:37:24.478,0.8241,0.8242,2.44,1.50
2011.03.03 16:37:24.598,0.82408,0.82422,3.00,2.25
2011.03.03 16:37:24.715,0.8241,0.82421,1.50,3.00
2011.03.03 16:37:25.265,0.8241,0.82421,1.50,3.00
2011.03.03 16:37:25.815,0.82409,0.82421,1.50,3.00
2011.03.03 16:37:26.032,0.82409,0.82421,1.50,3.00
2011.03.03 16:37:26.255,0.82409,0.82421,3.75,3.00
2011.03.03 16:37:27.355,0.82411,0.82421,1.69,3.00
2011.03.03 16:37:27.578,0.82411,0.82421,1.50,2.25
2011.03.03 16:37:27.917,0.82408,0.8242,2.25,1.50
2011.03.03 16:37:28.038,0.82407,0.82419,3.00,3.19
2011.03.03 16:37:28.885,0.82404,0.82417,4.51,1.50
2011.03.03 16:37:30.753,0.82404,0.82417,3.01,1.50
2011.03.03 16:37:31.592,0.82405,0.82417,1.50,1.50
2011.03.03 16:37:32.095,0.82404,0.82417,3.00,1.50
2011.03.03 16:37:32.862,0.82405,0.82417,1.50,1.50
2011.03.03 16:37:32.976,0.82409,0.82418,1.50,2.25
2011.03.03 16:37:33.535,0.82409,0.82419,1.50,2.25
2011.03.03 16:37:33.866,0.82406,0.82417,1.50,1.50
2011.03.03 16:37:35.334,0.82403,0.82417,4.51,1.50
2011.03.03 16:37:37.745,0.82403,0.82415,2.26,1.50
2011.03.03 16:37:49.424,0.82403,0.82416,2.25,1.50
2011.03.03 16:37:49.974,0.82404,0.82418,1.50,3.00
2011.03.03 16:37:50.698,0.82405,0.82418,1.50,3.00
2011.03.03 16:37:50.816,0.82409,0.82418,1.50,1.50
2011.03.03 16:37:51.157,0.82404,0.82418,1.50,3.00
2011.03.03 16:37:51.713,0.82404,0.82417,1.50,1.50
2011.03.03 16:37:52.623,0.82404,0.82418,1.50,2.25
2011.03.03 16:37:54.167,0.82407,0.82418,5.25,1.50
2011.03.03 16:37:55.893,0.82405,0.82416,1.50,1.50
2011.03.03 16:37:56.007,0.82402,0.82413,1.50,2.44
2011.03.03 16:37:56.509,0.82399,0.82411,1.50,3.00
2011.03.03 16:37:56.633,0.82396,0.82407,2.25,1.50
2011.03.03 16:37:56.746,0.82396,0.82407,2.25,1.50
2011.03.03 16:37:57.305,0.82396,0.82407,1.50,1.50
2011.03.03 16:37:58.077,0.82401,0.82411,1.50,2.25
2011.03.03 16:37:58.413,0.82403,0.82414,1.50,3.00
2011.03.03 16:37:58.744,0.82403,0.82417,2.25,3.00
2011.03.03 16:37:59.292,0.82403,0.82416,2.25,2.25
2011.03.03 16:37:59.406,0.82403,0.82416,1.50,4.50
2011.03.03 16:37:59.743,0.82399,0.82411,3.00,1.50
2011.03.03 16:38:00.292,0.82399,0.82411,1.50,3.75
2011.03.03 16:38:01.508,0.824,0.82411,1.13,3.75
2011.03.03 16:38:01.627,0.824,0.82411,1.35,3.75
2011.03.03 16:38:01.963,0.82402,0.82411,1.35,1.50
2011.03.03 16:38:02.514,0.824,0.82411,3.60,1.50
2011.03.03 16:38:02.736,0.824,0.82411,1.50,1.50
2011.03.03 16:38:04.403,0.824,0.82411,1.50,3.00
2011.03.03 16:38:04.953,0.82399,0.82411,3.00,1.50
2011.03.03 16:38:07.704,0.824,0.82411,1.50,1.50
2011.03.03 16:38:07.817,0.824,0.82411,3.49,1.50
2011.03.03 16:38:08.265,0.82402,0.82414,2.44,5.25
2011.03.03 16:38:08.812,0.82402,0.82416,2.25,1.50
2011.03.03 16:38:09.473,0.82404,0.82416,1.50,2.25
2011.03.03 16:38:10.025,0.82406,0.82416,1.50,1.50
2011.03.03 16:38:10.575,0.82409,0.82418,1.50,1.50
2011.03.03 16:38:11.125,0.82409,0.8242,1.50,3.00
2011.03.03 16:38:14.276,0.82409,0.8242,2.40,1.50
2011.03.03 16:38:14.398,0.82409,0.82421,2.40,2.25
2011.03.03 16:38:14.953,0.82409,0.82421,2.25,2.25
2011.03.03 16:38:18.694,0.82411,0.82421,1.50,1.50
2011.03.03 16:38:23.114,0.82412,0.82421,1.50,1.50
2011.03.03 16:38:23.444,0.82418,0.82424,1.50,1.50
2011.03.03 16:38:23.554,0.82418,0.82427,1.50,1.65
2011.03.03 16:38:23.663,0.82418,0.82428,1.50,2.25
2011.03.03 16:38:24.213,0.82418,0.82426,3.00,1.50
2011.03.03 16:38:24.433,0.82415,0.82427,1.50,3.75
2011.03.03 16:38:25.205,0.82418,0.82427,1.50,1.50
2011.03.03 16:38:25.752,0.82418,0.82428,3.00,1.88
2011.03.03 16:38:26.645,0.82416,0.82428,5.25,4.88
2011.03.03 16:38:26.863,0.82414,0.82426,1.50,1.50
2011.03.03 16:38:27.413,0.82415,0.82426,1.50,1.50
2011.03.03 16:38:28.955,0.82418,0.82428,1.50,5.25
2011.03.03 16:38:29.174,0.82413,0.82427,2.25,3.00
2011.03.03 16:38:29.724,0.82413,0.82425,2.25,1.50
2011.03.03 16:38:30.936,0.82411,0.82424,1.50,2.25
2011.03.03 16:38:31.496,0.82412,0.82422,1.50,1.50
2011.03.03 16:38:32.093,0.82411,0.82421,1.50,1.50
2011.03.03 16:38:33.415,0.82409,0.8242,3.00,1.50
2011.03.03 16:38:33.643,0.82409,0.82421,1.50,5.25
2011.03.03 16:38:34.523,0.82409,0.8242,1.50,1.50
2011.03.03 16:38:34.744,0.82409,0.8242,1.50,1.50
2011.03.03 16:38:42.078,0.82409,0.82421,2.25,2.25
2011.03.03 16:38:45.287,0.82409,0.82421,1.50,5.25
2011.03.03 16:38:46.284,0.82409,0.82421,1.50,4.50
2011.03.03 16:38:46.974,0.82409,0.82421,1.50,3.75
2011.03.03 16:38:47.524,0.82409,0.82421,1.50,5.25
2011.03.03 16:38:48.073,0.82409,0.82421,1.50,5.25
2011.03.03 16:38:49.603,0.82409,0.82421,1.50,4.50
2011.03.03 16:38:50.153,0.82409,0.82421,1.50,6.00
2011.03.03 16:38:52.365,0.8241,0.82421,1.69,1.50
2011.03.03 16:38:52.694,0.82413,0.82421,1.50,1.50
2011.03.03 16:38:52.804,0.82413,0.82424,1.50,1.50
2011.03.03 16:38:53.572,0.82413,0.82425,1.50,1.50
2011.03.03 16:38:57.197,0.82412,0.82422,1.50,1.50
2011.03.03 16:38:57.321,0.82409,0.82421,2.25,2.25
2011.03.03 16:39:02.224,0.8241,0.82421,2.25,1.50
2011.03.03 16:39:02.445,0.8241,0.82424,3.19,7.50
2011.03.03 16:39:02.993,0.82412,0.82425,1.50,1.50
2011.03.03 16:39:06.955,0.82411,0.82421,1.50,1.50
2011.03.03 16:39:07.064,0.8241,0.82421,1.69,1.50
2011.03.03 16:39:07.177,0.8241,0.82421,3.19,1.50
2011.03.03 16:39:07.408,0.82411,0.82425,1.50,3.75
2011.03.03 16:39:07.524,0.8241,0.82421,1.50,1.50
2011.03.03 16:39:07.963,0.82409,0.82421,2.25,6.00
2011.03.03 16:39:12.846,0.82409,0.82421,3.00,5.25
2011.03.03 16:39:13.404,0.82409,0.8242,2.25,2.25
2011.03.03 16:39:15.424,0.82409,0.82421,3.00,2.25
2011.03.03 16:39:15.973,0.82409,0.82421,2.25,2.25
2011.03.03 16:39:19.115,0.82409,0.82421,3.00,2.25
2011.03.03 16:39:20.554,0.82409,0.82421,3.00,2.25
2011.03.03 16:39:21.326,0.82409,0.82418,3.00,1.69
2011.03.03 16:39:21.655,0.82407,0.82414,1.50,6.19
2011.03.03 16:39:21.874,0.82399,0.82411,3.75,2.25
2011.03.03 16:39:21.987,0.82399,0.82408,3.75,1.69
2011.03.03 16:39:22.214,0.82399,0.82411,2.25,1.50
2011.03.03 16:39:30.694,0.82399,0.82411,3.00,2.25
2011.03.03 16:39:30.805,0.82401,0.82411,2.44,2.25
2011.03.03 16:39:31.025,0.82402,0.82415,2.25,2.25
2011.03.03 16:39:31.573,0.82403,0.82415,1.50,1.50
2011.03.03 16:39:32.094,0.82403,0.82417,1.50,1.50
2011.03.03 16:39:32.753,0.82403,0.82417,1.50,2.25
2011.03.03 16:39:33.524,0.82403,0.82416,1.50,1.50
2011.03.03 16:39:34.100,0.82402,0.82417,3.75,3.00
2011.03.03 16:39:37.187,0.82402,0.82415,3.00,2.25
2011.03.03 16:39:37.744,0.824,0.82412,2.25,1.50
2011.03.03 16:39:38.293,0.82399,0.82412,1.50,1.50
2011.03.03 16:39:38.952,0.82399,0.82412,1.50,2.25
2011.03.03 16:39:41.573,0.82398,0.82412,3.00,2.25
2011.03.03 16:39:43.004,0.82399,0.82412,1.50,2.25
2011.03.03 16:39:43.773,0.82399,0.82412,1.50,2.25
2011.03.03 16:39:46.433,0.82399,0.82411,2.25,1.50
2011.03.03 16:39:46.995,0.82399,0.82412,1.88,3.00
2011.03.03 16:39:47.325,0.82402,0.82412,1.69,1.50
2011.03.03 16:39:47.653,0.82404,0.82413,1.50,1.50
2011.03.03 16:39:48.093,0.82404,0.82416,1.50,2.25
2011.03.03 16:39:48.764,0.82407,0.82415,1.50,2.25
2011.03.03 16:39:48.984,0.82409,0.82419,1.50,1.50
2011.03.03 16:39:53.224,0.82409,0.82419,2.25,1.50
2011.03.03 16:39:53.446,0.82411,0.82419,2.25,1.50
2011.03.03 16:39:53.566,0.8241,0.82421,1.69,2.25
2011.03.03 16:39:54.017,0.82412,0.82423,1.50,3.75
2011.03.03 16:39:56.144,0.82412,0.82426,2.25,3.00
2011.03.03 16:39:56.805,0.82412,0.82426,2.25,3.00
2011.03.03 16:39:57.352,0.82412,0.82425,1.50,1.50
2011.03.03 16:39:58.125,0.82411,0.82424,1.50,1.50
2011.03.03 16:39:58.673,0.82409,0.82422,1.50,2.25
2011.03.03 16:39:59.823,0.82409,0.82422,1.50,2.25
2011.03.03 16:40:00.374,0.82409,0.82422,1.50,2.25
2011.03.03 16:40:00.816,0.82408,0.8242,3.00,1.50
2011.03.03 16:40:01.145,0.82408,0.8242,1.50,2.25
2011.03.03 16:40:02.684,0.82408,0.82422,3.75,2.25
2011.03.03 16:40:06.614,0.82409,0.8242,2.25,2.25
2011.03.03 16:40:06.723,0.82409,0.8242,1.50,3.75
2011.03.03 16:40:17.244,0.82409,0.82419,1.50,2.25
2011.03.03 16:40:18.036,0.82407,0.82417,1.50,1.50
2011.03.03 16:40:18.752,0.82406,0.82417,1.50,1.50
2011.03.03 16:40:20.234,0.82403,0.82417,2.25,1.50
2011.03.03 16:40:24.627,0.82403,0.82417,1.50,1.50
2011.03.03 16:40:25.144,0.82403,0.82416,2.25,1.50
2011.03.03 16:40:25.804,0.82403,0.82417,3.75,2.25
2011.03.03 16:40:26.683,0.82403,0.82417,4.69,1.50
2011.03.03 16:40:27.015,0.82408,0.82419,2.25,2.25
2011.03.03 16:40:27.563,0.82408,0.8242,2.25,1.50
2011.03.03 16:40:30.397,0.82408,0.82421,3.00,1.50
2011.03.03 16:40:30.956,0.82408,0.8242,2.25,2.25
2011.03.03 16:40:44.293,0.82408,0.82418,2.25,1.50
2011.03.03 16:40:47.593,0.82408,0.8242,2.25,1.50
2011.03.03 16:40:55.502,0.82409,0.82418,1.50,1.50
2011.03.03 16:41:01.214,0.82407,0.82416,6.00,1.50
2011.03.03 16:41:01.326,0.82409,0.82418,1.50,2.44
2011.03.03 16:41:01.447,0.82406,0.82411,1.50,1.50
2011.03.03 16:41:01.565,0.82406,0.82417,1.50,1.69
