2010.05.04 13:00:01.462,0.9447,0.9448,8.00,4.00
2010.05.04 13:00:02.325,0.9447,0.9448,2.40,12.00
2010.05.04 13:00:04.742,0.9447,0.9448,6.40,5.60
2010.05.04 13:00:04.999,0.9447,0.9448,2.40,13.60
2010.05.04 13:00:05.258,0.9447,0.9448,2.40,12.00
2010.05.04 13:00:05.520,0.9447,0.9448,8.00,4.00
2010.05.04 13:00:05.781,0.9447,0.9448,6.40,5.60
2010.05.04 13:00:06.132,0.9447,0.9448,1.00,8.00
2010.05.04 13:00:06.697,0.9447,0.9448,4.80,5.60
2010.05.04 13:00:07.040,0.9447,0.9448,4.80,4.00
2010.05.04 13:00:07.389,0.9447,0.9448,6.40,4.90
2010.05.04 13:00:08.626,0.9447,0.9448,9.60,3.30
2010.05.04 13:00:08.961,0.9447,0.9448,6.40,4.90
2010.05.04 13:00:09.969,0.9447,0.9448,7.50,4.90
2010.05.04 13:00:10.318,0.9447,0.9448,10.70,3.30
2010.05.04 13:00:10.660,0.9447,0.9448,13.60,2.50
2010.05.04 13:00:11.009,0.9447,0.9448,9.60,2.50
2010.05.04 13:00:12.039,0.9447,0.94475,5.60,4.00
2010.05.04 13:00:12.389,0.94465,0.9447,6.40,1.00
2010.05.04 13:00:12.737,0.94465,0.9447,1.60,1.00
2010.05.04 13:00:13.759,0.94465,0.94475,10.40,5.20
2010.05.04 13:00:14.108,0.94465,0.94475,3.20,15.60
2010.05.04 13:00:14.447,0.94465,0.94475,5.60,13.20
2010.05.04 13:00:14.687,0.94465,0.94475,1.60,17.60
2010.05.04 13:00:15.428,0.94465,0.94475,7.20,16.00
2010.05.04 13:00:15.772,0.94465,0.94475,7.20,11.60
2010.05.04 13:00:16.123,0.94465,0.94475,1.60,17.60
2010.05.04 13:00:16.469,0.94465,0.94475,1.60,17.20
2010.05.04 13:00:17.026,0.94465,0.94475,1.60,19.60
2010.05.04 13:00:18.046,0.94465,0.94475,3.20,18.00
2010.05.04 13:00:19.405,0.94465,0.94475,1.60,19.60
2010.05.04 13:00:20.398,0.9447,0.94475,1.00,14.00
2010.05.04 13:00:20.847,0.94465,0.94475,3.20,15.20
2010.05.04 13:00:21.195,0.94465,0.94475,1.60,19.60
2010.05.04 13:00:21.765,0.94465,0.94475,1.60,20.40
2010.05.04 13:00:22.114,0.9446,0.9447,10.40,3.20
2010.05.04 13:00:23.676,0.9446,0.94475,11.20,19.60
2010.05.04 13:00:24.023,0.9446,0.9447,7.20,4.00
2010.05.04 13:00:24.369,0.9446,0.9447,7.20,8.00
2010.05.04 13:00:25.789,0.94465,0.94475,1.60,15.80
2010.05.04 13:00:26.107,0.94465,0.94475,4.80,15.80
2010.05.04 13:00:26.450,0.94465,0.9447,3.20,4.00
2010.05.04 13:00:26.799,0.94465,0.9447,1.60,8.00
2010.05.04 13:00:27.850,0.94465,0.9447,1.60,4.00
2010.05.04 13:00:28.412,0.94465,0.9447,3.20,8.00
2010.05.04 13:00:28.769,0.9447,0.94475,4.00,5.60
2010.05.04 13:00:29.311,0.94465,0.94475,5.30,5.60
2010.05.04 13:00:29.662,0.94465,0.9447,1.60,8.00
2010.05.04 13:00:30.010,0.9447,0.94475,1.00,11.60
2010.05.04 13:00:30.360,0.94465,0.9447,4.80,8.00
2010.05.04 13:00:30.708,0.94465,0.94475,3.20,13.60
2010.05.04 13:00:31.604,0.94465,0.94475,1.60,16.80
2010.05.04 13:00:31.897,0.94465,0.94475,3.20,18.40
2010.05.04 13:00:32.197,0.94465,0.94475,1.60,16.80
2010.05.04 13:00:33.857,0.9447,0.94475,1.60,15.20
2010.05.04 13:00:34.198,0.9447,0.9448,9.60,9.20
2010.05.04 13:00:34.704,0.9447,0.9448,9.60,8.90
2010.05.04 13:00:35.049,0.9447,0.9448,9.60,3.30
2010.05.04 13:00:35.397,0.9447,0.9448,9.60,7.30
2010.05.04 13:00:35.737,0.9447,0.9448,8.00,7.30
2010.05.04 13:00:36.757,0.9447,0.9448,7.20,7.30
2010.05.04 13:00:37.571,0.9447,0.9448,8.80,7.20
2010.05.04 13:00:37.840,0.9447,0.9448,8.80,1.60
2010.05.04 13:00:38.107,0.9447,0.9448,8.80,4.00
2010.05.04 13:00:38.447,0.9447,0.9448,9.50,4.00
2010.05.04 13:00:38.787,0.9447,0.9448,11.10,1.00
2010.05.04 13:00:39.125,0.9447,0.9448,7.10,8.00
2010.05.04 13:00:39.455,0.9447,0.9448,11.10,5.00
2010.05.04 13:00:40.576,0.9447,0.9448,9.50,5.00
2010.05.04 13:00:41.678,0.9447,0.9448,9.50,4.60
2010.05.04 13:00:42.016,0.9447,0.9448,11.90,4.60
2010.05.04 13:00:42.358,0.9447,0.9448,11.90,1.00
2010.05.04 13:00:42.695,0.9447,0.9448,9.50,8.60
2010.05.04 13:00:43.035,0.9447,0.9448,9.50,4.60
2010.05.04 13:00:43.377,0.9447,0.9448,10.30,4.60
2010.05.04 13:00:43.715,0.9447,0.9448,8.70,4.60
2010.05.04 13:00:44.058,0.9447,0.9448,8.70,4.50
2010.05.04 13:00:44.626,0.94475,0.94485,5.60,12.40
2010.05.04 13:00:44.969,0.9448,0.9449,1.60,16.00
2010.05.04 13:00:45.308,0.9448,0.9449,8.00,8.80
2010.05.04 13:00:45.987,0.9448,0.9449,9.60,7.20
2010.05.04 13:00:46.891,0.9448,0.9449,9.60,1.60
2010.05.04 13:00:47.245,0.94485,0.94495,2.40,10.40
2010.05.04 13:00:47.816,0.94485,0.94495,4.00,11.20
2010.05.04 13:00:48.162,0.94485,0.94495,8.00,7.20
2010.05.04 13:00:49.068,0.94485,0.94495,8.80,7.20
2010.05.04 13:00:49.408,0.94485,0.94495,1.60,17.20
2010.05.04 13:00:49.755,0.9448,0.9449,11.20,5.60
2010.05.04 13:00:50.102,0.94485,0.9449,5.60,1.60
2010.05.04 13:00:50.451,0.9449,0.945,1.60,14.40
2010.05.04 13:00:50.798,0.94485,0.9449,6.40,4.00
2010.05.04 13:00:51.139,0.94485,0.94495,8.80,7.20
2010.05.04 13:00:51.488,0.94485,0.94495,4.80,11.20
2010.05.04 13:00:52.166,0.94485,0.94495,6.40,11.20
2010.05.04 13:00:56.110,0.94485,0.9449,6.40,4.00
2010.05.04 13:00:56.457,0.94485,0.94495,6.40,13.60
2010.05.04 13:00:57.136,0.94485,0.94495,6.40,11.20
2010.05.04 13:00:57.826,0.94485,0.94495,6.40,13.60
2010.05.04 13:00:58.116,0.94485,0.9449,1.60,1.00
2010.05.04 13:00:58.407,0.9448,0.9449,7.20,8.00
2010.05.04 13:00:58.701,0.94475,0.94485,12.00,14.40
2010.05.04 13:00:59.001,0.94475,0.9448,1.60,4.00
2010.05.04 13:00:59.352,0.94475,0.94485,1.60,18.00
2010.05.04 13:00:59.916,0.9447,0.9448,12.80,4.00
2010.05.04 13:01:00.257,0.9447,0.9448,10.40,7.20
2010.05.04 13:01:01.055,0.9447,0.9448,9.60,8.00
2010.05.04 13:01:01.362,0.9447,0.9448,13.60,4.00
2010.05.04 13:01:01.658,0.9447,0.9448,9.60,6.40
2010.05.04 13:01:03.147,0.9447,0.9448,8.80,8.00
2010.05.04 13:01:03.487,0.94465,0.9448,19.90,16.40
2010.05.04 13:01:03.826,0.9447,0.9448,8.80,5.60
2010.05.04 13:01:04.166,0.9447,0.9448,11.20,3.20
2010.05.04 13:01:04.840,0.9447,0.94475,9.60,2.40
2010.05.04 13:01:05.168,0.94465,0.94475,4.40,13.20
2010.05.04 13:01:05.438,0.9446,0.94475,12.80,13.20
2010.05.04 13:01:05.707,0.9446,0.9447,12.80,3.20
2010.05.04 13:01:09.317,0.94465,0.9447,4.00,3.20
2010.05.04 13:01:09.823,0.94465,0.94475,8.00,13.20
2010.05.04 13:01:09.946,0.9446,0.94475,14.40,13.20
2010.05.04 13:01:10.284,0.9446,0.94475,14.40,14.00
2010.05.04 13:01:10.947,0.9446,0.9447,14.40,1.60
2010.05.04 13:01:11.430,0.9446,0.9447,12.80,3.20
2010.05.04 13:01:11.762,0.94465,0.9447,4.00,3.20
2010.05.04 13:01:12.083,0.94465,0.9447,8.00,3.20
2010.05.04 13:01:12.720,0.9446,0.9447,13.40,3.20
2010.05.04 13:01:13.042,0.94465,0.9447,3.20,11.20
2010.05.04 13:01:13.550,0.9447,0.94475,1.60,9.60
2010.05.04 13:01:13.900,0.9447,0.94475,4.80,4.00
2010.05.04 13:01:14.196,0.9447,0.9448,10.40,5.60
2010.05.04 13:01:15.262,0.9447,0.9448,10.40,4.00
2010.05.04 13:01:15.438,0.9447,0.94485,14.40,17.60
2010.05.04 13:01:15.848,0.9447,0.9448,11.20,5.20
2010.05.04 13:01:16.023,0.94465,0.9448,15.20,15.60
2010.05.04 13:01:16.370,0.94465,0.9448,15.20,14.40
2010.05.04 13:01:16.942,0.9447,0.9448,4.00,10.40
2010.05.04 13:01:17.290,0.9447,0.9448,8.80,7.60
2010.05.04 13:01:17.641,0.9448,0.94485,4.80,15.60
2010.05.04 13:01:17.990,0.94485,0.9449,8.90,4.00
2010.05.04 13:01:18.339,0.9449,0.945,10.40,6.40
2010.05.04 13:01:18.678,0.9449,0.94495,2.40,1.00
2010.05.04 13:01:19.018,0.9449,0.945,1.60,16.00
2010.05.04 13:01:19.573,0.9449,0.945,1.60,13.60
2010.05.04 13:01:19.918,0.94485,0.94495,5.60,8.00
2010.05.04 13:01:20.260,0.94485,0.94495,10.40,4.00
2010.05.04 13:01:20.691,0.94485,0.945,14.40,19.60
2010.05.04 13:01:20.915,0.94485,0.945,10.40,18.80
2010.05.04 13:01:21.129,0.94485,0.94495,10.40,4.00
2010.05.04 13:01:21.906,0.94485,0.94495,6.40,9.60
2010.05.04 13:01:22.247,0.94485,0.94495,6.40,11.20
2010.05.04 13:01:22.589,0.94485,0.94495,3.20,14.40
2010.05.04 13:01:23.168,0.9448,0.9449,1.00,18.40
2010.05.04 13:01:23.512,0.9448,0.9449,2.40,18.40
2010.05.04 13:01:24.476,0.9448,0.94485,2.40,4.00
2010.05.04 13:01:24.825,0.9448,0.94485,1.00,4.00
2010.05.04 13:01:25.177,0.94475,0.94485,14.00,1.00
2010.05.04 13:01:25.526,0.94475,0.9448,5.20,1.00
2010.05.04 13:01:25.874,0.94475,0.9448,3.20,1.00
2010.05.04 13:01:26.432,0.9447,0.9448,4.80,12.00
2010.05.04 13:01:26.783,0.9447,0.9448,12.00,8.00
2010.05.04 13:01:27.128,0.9447,0.9448,20.00,4.00
2010.05.04 13:01:27.829,0.9447,0.94475,9.60,1.00
2010.05.04 13:01:28.178,0.94465,0.94475,13.60,4.00
2010.05.04 13:01:28.516,0.94465,0.94475,9.60,8.00
2010.05.04 13:01:29.065,0.94465,0.94475,12.00,8.00
2010.05.04 13:01:29.381,0.94465,0.94475,16.00,4.00
2010.05.04 13:01:30.063,0.9447,0.94475,4.00,4.00
2010.05.04 13:01:30.575,0.94465,0.94475,13.60,4.00
2010.05.04 13:01:31.040,0.94465,0.94475,13.60,1.00
2010.05.04 13:01:31.390,0.9447,0.9448,6.40,8.00
2010.05.04 13:01:31.738,0.9447,0.9448,8.00,8.00
2010.05.04 13:01:32.280,0.9447,0.94475,7.20,1.00
2010.05.04 13:01:32.630,0.94465,0.94475,5.90,15.20
2010.05.04 13:01:32.981,0.94465,0.94475,4.80,15.60
2010.05.04 13:01:33.667,0.94465,0.94475,4.80,13.60
2010.05.04 13:01:34.009,0.94465,0.94475,12.80,5.60
2010.05.04 13:01:34.327,0.94465,0.94475,4.80,16.40
2010.05.04 13:01:34.648,0.94465,0.94475,4.80,18.00
2010.05.04 13:01:35.385,0.94465,0.94475,4.80,15.60
2010.05.04 13:01:35.596,0.94465,0.94475,3.20,15.60
2010.05.04 13:01:36.059,0.94465,0.9447,1.60,1.00
2010.05.04 13:01:37.104,0.9446,0.9447,10.40,1.00
2010.05.04 13:01:37.419,0.94465,0.9447,1.60,1.00
2010.05.04 13:01:39.389,0.9447,0.94475,2.40,11.60
2010.05.04 13:01:39.702,0.94465,0.9447,1.60,1.00
2010.05.04 13:01:39.932,0.9447,0.94475,1.60,10.80
2010.05.04 13:01:40.394,0.94475,0.9448,2.40,15.60
2010.05.04 13:01:40.740,0.94475,0.94485,4.00,14.80
2010.05.04 13:01:41.427,0.94475,0.9448,4.80,1.00
2010.05.04 13:01:41.874,0.94475,0.9448,1.60,1.00
2010.05.04 13:01:43.075,0.94475,0.9448,1.60,2.40
2010.05.04 13:01:43.421,0.94475,0.94485,5.60,12.10
2010.05.04 13:01:43.772,0.9448,0.94485,1.00,1.60
2010.05.04 13:01:44.120,0.94475,0.9448,16.30,2.40
2010.05.04 13:01:44.692,0.94475,0.9448,3.20,2.40
2010.05.04 13:01:45.045,0.9448,0.94485,1.00,1.60
2010.05.04 13:01:45.387,0.9448,0.9449,2.40,16.40
2010.05.04 13:01:45.730,0.9448,0.9449,1.00,16.40
2010.05.04 13:01:46.081,0.94475,0.9448,5.60,2.40
2010.05.04 13:01:46.429,0.9447,0.9448,5.60,12.00
2010.05.04 13:01:46.716,0.9447,0.9448,9.60,4.00
2010.05.04 13:01:47.277,0.94475,0.9448,1.60,4.00
2010.05.04 13:01:47.556,0.9447,0.9448,9.60,4.40
2010.05.04 13:01:48.236,0.9447,0.9448,8.00,6.00
2010.05.04 13:01:48.575,0.9447,0.9448,8.00,10.00
2010.05.04 13:01:49.431,0.9447,0.9448,6.40,10.00
2010.05.04 13:01:49.779,0.9447,0.9448,4.00,14.00
2010.05.04 13:01:50.475,0.9447,0.9448,8.00,10.00
2010.05.04 13:01:51.916,0.9447,0.9448,4.00,14.00
2010.05.04 13:01:52.227,0.9447,0.9448,8.00,10.00
2010.05.04 13:01:54.938,0.9447,0.9448,2.40,14.00
2010.05.04 13:01:55.197,0.9447,0.9448,8.00,10.00
2010.05.04 13:01:56.835,0.9447,0.9448,8.00,9.60
2010.05.04 13:01:58.337,0.9447,0.94475,6.40,1.60
2010.05.04 13:02:01.897,0.9447,0.94475,1.00,1.60
2010.05.04 13:02:02.498,0.9447,0.94475,4.80,1.60
2010.05.04 13:02:02.635,0.9447,0.94475,6.40,1.60
2010.05.04 13:02:05.468,0.9447,0.9448,6.40,9.60
2010.05.04 13:02:05.735,0.9447,0.9448,1.00,13.60
2010.05.04 13:02:05.975,0.9447,0.9448,1.00,9.60
2010.05.04 13:02:06.215,0.9447,0.9448,4.80,9.60
2010.05.04 13:02:06.455,0.9447,0.9448,6.40,9.60
2010.05.04 13:02:07.067,0.9447,0.9448,4.80,9.60
2010.05.04 13:02:07.345,0.9447,0.9448,4.80,10.30
2010.05.04 13:02:08.341,0.9447,0.9448,6.40,10.30
2010.05.04 13:02:09.159,0.9447,0.9448,2.40,14.30
2010.05.04 13:02:09.508,0.9447,0.9448,6.40,10.30
2010.05.04 13:02:13.227,0.9447,0.9448,6.40,10.20
2010.05.04 13:02:13.965,0.9447,0.9448,6.40,8.60
2010.05.04 13:02:16.044,0.94475,0.9448,1.00,7.80
2010.05.04 13:02:16.275,0.9448,0.94485,1.00,9.60
2010.05.04 13:02:16.499,0.94475,0.9448,5.60,4.00
2010.05.04 13:02:16.718,0.94475,0.94485,5.60,4.40
2010.05.04 13:02:17.345,0.94475,0.94485,5.60,4.00
2010.05.04 13:02:17.698,0.9448,0.94485,4.80,9.60
2010.05.04 13:02:18.050,0.94485,0.9449,5.60,4.80
2010.05.04 13:02:18.592,0.9448,0.9449,6.50,10.40
2010.05.04 13:02:18.894,0.94475,0.9448,3.60,1.00
2010.05.04 13:02:19.190,0.9447,0.9448,5.20,12.00
2010.05.04 13:02:19.652,0.9447,0.9448,4.00,12.00
2010.05.04 13:02:20.008,0.94475,0.9448,2.40,9.60
2010.05.04 13:02:20.573,0.94475,0.9448,1.00,9.60
2010.05.04 13:02:21.228,0.94475,0.9448,1.00,5.60
2010.05.04 13:02:21.558,0.9447,0.9448,8.00,6.40
2010.05.04 13:02:22.237,0.9447,0.9448,8.00,2.40
2010.05.04 13:02:23.146,0.9447,0.9448,8.00,6.40
2010.05.04 13:02:24.945,0.9447,0.94475,7.20,1.00
2010.05.04 13:02:25.255,0.9447,0.94475,1.60,4.80
2010.05.04 13:02:25.408,0.9447,0.9448,6.40,8.00
2010.05.04 13:02:26.236,0.9447,0.9448,4.80,8.00
2010.05.04 13:02:26.918,0.9447,0.9448,6.40,4.00
2010.05.04 13:02:27.597,0.9447,0.9448,6.40,8.00
2010.05.04 13:02:28.617,0.9447,0.9448,8.00,8.00
2010.05.04 13:02:32.445,0.9447,0.9448,4.00,8.00
2010.05.04 13:02:32.698,0.9447,0.9448,8.00,8.00
2010.05.04 13:02:35.217,0.9447,0.9448,12.00,8.00
2010.05.04 13:02:35.445,0.9447,0.9448,12.00,4.00
2010.05.04 13:02:35.754,0.9447,0.9448,8.00,8.00
2010.05.04 13:02:36.350,0.9447,0.9448,2.40,16.00
2010.05.04 13:02:36.647,0.9447,0.9448,6.40,8.00
2010.05.04 13:02:38.266,0.9447,0.9448,4.80,12.00
2010.05.04 13:02:38.477,0.9447,0.9448,1.00,12.00
2010.05.04 13:02:38.695,0.9447,0.94475,4.00,1.00
2010.05.04 13:02:39.001,0.9447,0.9448,1.00,20.40
2010.05.04 13:02:39.515,0.9447,0.9448,4.80,9.20
2010.05.04 13:02:39.818,0.9447,0.9448,4.80,8.80
2010.05.04 13:02:40.475,0.9447,0.9448,1.00,12.80
2010.05.04 13:02:40.694,0.9447,0.9448,4.80,12.80
2010.05.04 13:02:41.007,0.9447,0.9448,4.80,8.80
2010.05.04 13:02:42.129,0.9447,0.9448,4.80,8.00
2010.05.04 13:02:42.628,0.9447,0.9448,1.00,12.40
2010.05.04 13:02:43.307,0.9447,0.9448,6.40,8.00
2010.05.04 13:02:44.584,0.9447,0.9448,4.80,8.00
2010.05.04 13:02:45.030,0.9447,0.9448,6.40,8.00
2010.05.04 13:02:45.587,0.9447,0.9448,4.80,8.00
2010.05.04 13:02:48.638,0.94465,0.94475,18.00,1.00
2010.05.04 13:02:49.124,0.94465,0.94475,16.00,1.00
2010.05.04 13:02:49.364,0.94465,0.94475,13.60,1.00
2010.05.04 13:02:51.836,0.9447,0.9448,1.00,12.40
2010.05.04 13:02:52.126,0.9447,0.9448,6.40,4.00
2010.05.04 13:02:52.416,0.9447,0.9448,2.40,12.00
2010.05.04 13:02:52.565,0.9447,0.9448,2.40,14.40
2010.05.04 13:02:53.234,0.9447,0.94475,1.60,1.00
2010.05.04 13:02:54.153,0.9447,0.9448,4.00,13.20
2010.05.04 13:02:54.508,0.9447,0.9448,9.60,6.40
2010.05.04 13:02:56.058,0.94475,0.9448,1.60,6.40
2010.05.04 13:02:56.737,0.9447,0.9448,10.00,6.40
2010.05.04 13:02:57.077,0.9447,0.9448,9.60,6.40
2010.05.04 13:02:58.296,0.94465,0.94475,4.40,8.80
2010.05.04 13:02:58.561,0.94465,0.94475,8.00,8.00
2010.05.04 13:02:58.819,0.94465,0.94475,4.00,12.00
2010.05.04 13:02:59.077,0.94465,0.94475,2.40,14.40
2010.05.04 13:02:59.594,0.94465,0.94475,1.00,14.40
2010.05.04 13:02:59.907,0.9447,0.94475,1.00,13.60
2010.05.04 13:03:00.221,0.94465,0.94475,17.10,2.40
2010.05.04 13:03:00.365,0.94465,0.9447,6.80,4.00
2010.05.04 13:03:00.521,0.94465,0.94475,6.40,10.40
2010.05.04 13:03:00.667,0.94465,0.94475,2.40,12.00
2010.05.04 13:03:01.064,0.94465,0.94475,1.00,14.40
2010.05.04 13:03:01.703,0.9447,0.94475,1.00,5.60
2010.05.04 13:03:02.257,0.9447,0.9448,1.00,19.20
2010.05.04 13:03:03.745,0.9447,0.9448,1.00,19.80
2010.05.04 13:03:04.427,0.9447,0.9448,1.00,20.80
2010.05.04 13:03:04.615,0.9447,0.9448,1.00,21.60
2010.05.04 13:03:04.806,0.9447,0.9448,1.00,20.00
2010.05.04 13:03:05.349,0.9447,0.9448,1.00,19.20
2010.05.04 13:03:06.035,0.9447,0.9448,1.00,20.00
2010.05.04 13:03:06.382,0.94465,0.94475,6.40,12.00
2010.05.04 13:03:06.729,0.9446,0.9447,10.40,4.80
2010.05.04 13:03:07.068,0.9446,0.9447,9.60,4.80
2010.05.04 13:03:09.088,0.9446,0.94465,8.80,1.60
2010.05.04 13:03:09.334,0.9446,0.9447,5.60,8.80
2010.05.04 13:03:09.580,0.9446,0.9447,3.20,12.80
2010.05.04 13:03:09.983,0.9446,0.9447,3.20,13.20
2010.05.04 13:03:10.281,0.9446,0.9447,3.20,13.60
2010.05.04 13:03:10.578,0.9446,0.9447,3.20,13.20
2010.05.04 13:03:11.259,0.9446,0.9447,3.20,12.80
2010.05.04 13:03:12.438,0.9446,0.9447,3.20,12.00
2010.05.04 13:03:13.378,0.94445,0.94455,42.90,1.00
2010.05.04 13:03:13.676,0.9444,0.94455,9.60,4.80
2010.05.04 13:03:14.290,0.94445,0.94455,2.40,8.00
2010.05.04 13:03:14.585,0.94445,0.9445,2.40,4.00
2010.05.04 13:03:15.103,0.94445,0.9445,2.40,8.00
2010.05.04 13:03:15.379,0.94445,0.9445,2.40,4.00
2010.05.04 13:03:15.896,0.9445,0.94455,1.00,14.00
2010.05.04 13:03:16.159,0.94445,0.94455,7.10,12.80
2010.05.04 13:03:16.422,0.94445,0.9445,10.70,8.00
2010.05.04 13:03:16.680,0.9445,0.94455,1.00,9.60
2010.05.04 13:03:16.938,0.94445,0.94455,14.00,2.40
2010.05.04 13:03:17.360,0.94445,0.94455,9.60,6.40
2010.05.04 13:03:17.557,0.94445,0.94455,5.60,10.40
2010.05.04 13:03:18.509,0.9445,0.94455,1.00,9.60
2010.05.04 13:03:18.818,0.9445,0.9446,1.00,13.20
2010.05.04 13:03:19.126,0.9445,0.9446,2.40,12.40
2010.05.04 13:03:19.835,0.9445,0.94455,1.60,1.00
2010.05.04 13:03:20.051,0.94445,0.94455,14.70,6.40
2010.05.04 13:03:20.486,0.94445,0.94455,6.00,10.40
2010.05.04 13:03:20.701,0.94445,0.94455,5.60,10.40
2010.05.04 13:03:21.732,0.94445,0.9445,4.80,1.00
2010.05.04 13:03:22.245,0.94445,0.9445,1.60,1.00
2010.05.04 13:03:22.848,0.94445,0.9445,3.20,1.00
2010.05.04 13:03:23.157,0.94445,0.9445,1.60,1.00
2010.05.04 13:03:24.259,0.94445,0.94455,2.40,20.40
2010.05.04 13:03:24.558,0.9444,0.94445,21.60,1.60
2010.05.04 13:03:24.861,0.9444,0.94445,1.00,12.00
2010.05.04 13:03:25.069,0.9444,0.94445,2.40,1.00
2010.05.04 13:03:25.389,0.9444,0.94445,4.00,1.00
2010.05.04 13:03:25.604,0.9444,0.9445,2.40,16.40
2010.05.04 13:03:25.823,0.94445,0.9445,1.00,5.60
2010.05.04 13:03:26.031,0.94445,0.94455,11.50,4.00
2010.05.04 13:03:26.378,0.94445,0.94455,13.60,2.40
2010.05.04 13:03:27.527,0.9445,0.94455,1.00,1.60
2010.05.04 13:03:27.769,0.9445,0.9446,6.40,8.00
2010.05.04 13:03:28.011,0.9445,0.9446,12.00,2.40
2010.05.04 13:03:28.255,0.94455,0.9446,1.00,2.40
2010.05.04 13:03:28.493,0.9444,0.9445,13.60,1.00
2010.05.04 13:03:28.722,0.94435,0.9444,17.20,1.00
2010.05.04 13:03:29.185,0.9443,0.94435,4.00,1.00
2010.05.04 13:03:29.532,0.94425,0.94435,9.60,8.80
2010.05.04 13:03:30.104,0.9443,0.9444,1.00,19.20
2010.05.04 13:03:30.451,0.9443,0.9444,2.80,12.40
2010.05.04 13:03:31.136,0.9443,0.9444,2.80,13.20
2010.05.04 13:03:31.480,0.9443,0.9444,2.80,12.40
2010.05.04 13:03:32.338,0.9443,0.9444,2.80,14.00
2010.05.04 13:03:33.179,0.94435,0.9444,5.60,8.40
2010.05.04 13:03:33.499,0.94435,0.9444,1.00,4.00
2010.05.04 13:03:33.917,0.94435,0.9444,1.00,8.40
2010.05.04 13:03:34.260,0.94435,0.9444,1.00,11.60
2010.05.04 13:03:36.068,0.94435,0.9444,1.00,14.80
2010.05.04 13:03:36.274,0.9443,0.9444,12.00,6.80
2010.05.04 13:03:36.484,0.9443,0.9444,5.60,10.80
2010.05.04 13:03:36.897,0.9443,0.9444,9.60,10.80
2010.05.04 13:03:37.240,0.9443,0.9444,5.60,12.40
2010.05.04 13:03:37.589,0.9443,0.9444,2.40,16.40
2010.05.04 13:03:37.931,0.94425,0.94435,6.40,10.40
2010.05.04 13:03:38.276,0.94425,0.94435,5.60,10.40
2010.05.04 13:03:38.959,0.94425,0.9443,1.60,1.00
2010.05.04 13:03:39.217,0.9442,0.9443,11.20,1.00
2010.05.04 13:03:39.476,0.9442,0.9443,11.20,4.80
2010.05.04 13:03:39.953,0.94425,0.9443,1.60,1.00
2010.05.04 13:03:40.117,0.9442,0.9443,11.20,4.90
2010.05.04 13:03:40.287,0.9442,0.94425,7.20,4.80
2010.05.04 13:03:40.458,0.94415,0.9442,11.20,1.00
2010.05.04 13:03:40.625,0.94415,0.9442,3.20,1.00
2010.05.04 13:03:40.798,0.94415,0.9442,11.20,1.00
2010.05.04 13:03:41.087,0.94415,0.94425,13.10,4.00
2010.05.04 13:03:41.532,0.9442,0.94425,2.40,1.60
2010.05.04 13:03:41.834,0.9442,0.9443,13.60,8.00
2010.05.04 13:03:42.043,0.9442,0.9443,9.60,6.40
2010.05.04 13:03:42.248,0.9442,0.9443,11.20,4.80
2010.05.04 13:03:43.570,0.9442,0.9443,8.00,4.80
2010.05.04 13:03:43.924,0.9442,0.9443,2.40,16.00
2010.05.04 13:03:44.149,0.9442,0.9443,2.40,12.40
2010.05.04 13:03:44.380,0.9442,0.9443,1.60,19.60
2010.05.04 13:03:44.891,0.94415,0.94425,15.30,1.20
2010.05.04 13:03:45.123,0.94415,0.94425,9.20,8.80
2010.05.04 13:03:45.426,0.94415,0.94425,13.20,7.20
2010.05.04 13:03:45.956,0.94415,0.94425,11.60,12.80
2010.05.04 13:03:46.256,0.94415,0.94425,1.00,19.60
2010.05.04 13:03:46.813,0.94415,0.94425,1.00,19.60
2010.05.04 13:03:46.948,0.9441,0.9442,11.50,3.20
2010.05.04 13:03:47.289,0.94415,0.9442,1.00,4.80
2010.05.04 13:03:47.638,0.9441,0.94415,16.50,4.00
2010.05.04 13:03:48.185,0.9441,0.9442,14.00,2.40
2010.05.04 13:03:48.536,0.9441,0.9442,8.00,6.40
2010.05.04 13:03:48.883,0.9441,0.9442,9.60,2.40
2010.05.04 13:03:49.432,0.9441,0.9442,9.60,6.40
2010.05.04 13:03:50.100,0.94415,0.9442,2.80,4.00
2010.05.04 13:03:50.438,0.9442,0.94425,2.40,9.60
2010.05.04 13:03:50.697,0.9442,0.94425,1.00,1.60
2010.05.04 13:03:51.533,0.94415,0.9442,10.90,1.00
2010.05.04 13:03:51.719,0.94415,0.9442,3.40,1.00
2010.05.04 13:03:51.896,0.94415,0.9442,3.40,4.80
2010.05.04 13:03:52.257,0.94415,0.9442,1.80,1.00
2010.05.04 13:03:52.439,0.94415,0.9442,1.00,4.80
2010.05.04 13:03:52.935,0.9441,0.9442,9.60,4.80
2010.05.04 13:03:53.256,0.9441,0.9442,8.00,4.80
2010.05.04 13:03:53.581,0.9441,0.9442,4.00,8.00
2010.05.04 13:03:53.913,0.9441,0.9442,4.00,12.00
2010.05.04 13:03:55.859,0.94405,0.94415,15.50,7.20
2010.05.04 13:03:56.017,0.94405,0.94415,3.20,15.20
2010.05.04 13:03:56.176,0.94405,0.94415,3.20,15.60
2010.05.04 13:03:56.542,0.94405,0.94415,3.20,17.20
2010.05.04 13:03:56.712,0.94405,0.94415,3.20,18.80
2010.05.04 13:03:57.297,0.94405,0.94415,3.20,22.70
2010.05.04 13:03:57.587,0.94405,0.94415,3.20,23.50
2010.05.04 13:03:57.912,0.94405,0.94415,3.20,23.90
2010.05.04 13:03:58.268,0.944,0.9441,8.00,1.60
2010.05.04 13:03:58.616,0.944,0.9441,12.00,1.60
2010.05.04 13:03:58.976,0.94405,0.94415,1.60,21.40
2010.05.04 13:03:59.319,0.944,0.9441,12.00,2.40
2010.05.04 13:03:59.668,0.944,0.9441,8.00,6.40
2010.05.04 13:04:00.006,0.944,0.9441,6.40,6.40
2010.05.04 13:04:00.316,0.944,0.9441,6.40,5.60
2010.05.04 13:04:00.627,0.944,0.9441,8.00,1.60
2010.05.04 13:04:00.939,0.944,0.9441,13.60,1.60
2010.05.04 13:04:01.249,0.944,0.9441,9.60,2.40
2010.05.04 13:04:01.549,0.944,0.9441,8.00,8.80
2010.05.04 13:04:01.848,0.944,0.9441,8.00,8.00
2010.05.04 13:04:02.148,0.944,0.94405,8.80,8.00
2010.05.04 13:04:02.634,0.94395,0.94405,6.40,10.40
2010.05.04 13:04:02.983,0.944,0.94405,4.80,1.60
2010.05.04 13:04:03.330,0.944,0.94405,4.80,8.00
2010.05.04 13:04:03.548,0.944,0.9441,4.80,9.60
2010.05.04 13:04:03.770,0.944,0.94415,9.10,19.60
2010.05.04 13:04:03.986,0.94405,0.94415,1.60,22.00
2010.05.04 13:04:04.417,0.94405,0.9441,1.60,4.00
2010.05.04 13:04:04.693,0.944,0.94405,2.40,8.00
2010.05.04 13:04:04.970,0.944,0.94405,3.20,8.00
2010.05.04 13:04:05.247,0.94395,0.94405,5.20,8.00
2010.05.04 13:04:05.517,0.944,0.94405,1.00,8.00
2010.05.04 13:04:07.511,0.944,0.9441,1.00,20.00
2010.05.04 13:04:07.677,0.94395,0.9441,14.80,21.60
2010.05.04 13:04:08.018,0.94395,0.9441,16.80,19.60
2010.05.04 13:04:08.696,0.94395,0.9441,14.40,22.00
2010.05.04 13:04:09.150,0.94395,0.9441,14.40,22.80
2010.05.04 13:04:09.975,0.944,0.9441,5.60,9.60
2010.05.04 13:04:10.319,0.944,0.9441,5.60,8.80
2010.05.04 13:04:10.657,0.944,0.9441,5.60,7.20
2010.05.04 13:04:10.959,0.944,0.9441,9.60,3.20
2010.05.04 13:04:11.257,0.944,0.9441,5.60,7.20
2010.05.04 13:04:11.669,0.944,0.9441,7.20,7.70
2010.05.04 13:04:11.945,0.944,0.9441,5.60,9.30
2010.05.04 13:04:12.219,0.944,0.9441,8.80,7.70
2010.05.04 13:04:12.707,0.9441,0.94415,1.60,19.60
2010.05.04 13:04:13.053,0.9441,0.9442,10.40,4.40
2010.05.04 13:04:13.400,0.94415,0.94425,1.60,18.00
2010.05.04 13:04:13.747,0.9441,0.9442,10.40,5.60
2010.05.04 13:04:14.207,0.9441,0.9442,8.80,5.60
2010.05.04 13:04:14.551,0.9441,0.9442,7.20,7.20
2010.05.04 13:04:15.436,0.9441,0.9442,4.00,15.20
2010.05.04 13:04:15.575,0.94405,0.94415,15.20,4.00
2010.05.04 13:04:15.716,0.94405,0.94415,13.60,4.00
2010.05.04 13:04:15.855,0.94405,0.94415,13.40,4.00
2010.05.04 13:04:15.996,0.94405,0.94415,10.20,12.00
2010.05.04 13:04:16.362,0.94405,0.94415,8.60,19.20
2010.05.04 13:04:16.621,0.94405,0.9441,1.60,4.00
2010.05.04 13:04:17.979,0.944,0.9441,12.00,4.00
2010.05.04 13:04:18.289,0.944,0.9441,12.30,4.00
2010.05.04 13:04:19.771,0.94395,0.944,13.90,1.00
2010.05.04 13:04:20.118,0.94395,0.94405,4.00,16.00
2010.05.04 13:04:20.457,0.94395,0.94405,4.00,10.40
2010.05.04 13:04:20.974,0.944,0.9441,1.00,20.00
2010.05.04 13:04:21.213,0.944,0.9441,6.40,12.00
2010.05.04 13:04:21.663,0.944,0.9441,6.40,16.00
2010.05.04 13:04:22.013,0.944,0.9441,2.40,18.40
2010.05.04 13:04:22.666,0.944,0.9441,2.40,16.00
2010.05.04 13:04:22.975,0.944,0.9441,2.40,20.00
2010.05.04 13:04:23.508,0.944,0.94405,1.00,8.00
2010.05.04 13:04:23.705,0.94395,0.944,7.20,1.00
2010.05.04 13:04:23.897,0.944,0.94405,1.00,18.00
2010.05.04 13:04:24.089,0.94395,0.94405,13.60,3.20
2010.05.04 13:04:24.289,0.944,0.94405,1.60,1.00
2010.05.04 13:04:25.789,0.944,0.94405,1.60,7.20
2010.05.04 13:04:25.859,0.94395,0.94405,13.60,6.40
2010.05.04 13:04:25.928,0.94395,0.94405,4.00,14.40
2010.05.04 13:04:25.999,0.94395,0.94405,5.60,16.80
2010.05.04 13:04:26.065,0.94395,0.94405,5.60,11.20
2010.05.04 13:04:26.362,0.944,0.94405,1.60,4.80
2010.05.04 13:04:26.442,0.944,0.94405,1.60,1.00
2010.05.04 13:04:27.781,0.944,0.94405,5.60,1.00
2010.05.04 13:04:28.050,0.944,0.94405,1.60,1.00
2010.05.04 13:04:28.308,0.944,0.9441,2.40,16.00
2010.05.04 13:04:28.779,0.944,0.9441,9.60,4.80
2010.05.04 13:04:29.130,0.944,0.9441,12.00,4.80
2010.05.04 13:04:29.480,0.944,0.9441,9.60,4.80
2010.05.04 13:04:32.921,0.944,0.9441,5.60,8.80
2010.05.04 13:04:33.173,0.944,0.9441,9.60,4.80
2010.05.04 13:04:34.196,0.944,0.9441,10.80,4.80
2010.05.04 13:04:34.425,0.944,0.9441,14.80,4.80
2010.05.04 13:04:34.655,0.944,0.9441,14.80,1.00
2010.05.04 13:04:34.885,0.944,0.9441,15.60,1.00
2010.05.04 13:04:35.337,0.9441,0.94415,1.00,19.60
2010.05.04 13:04:35.794,0.94405,0.94415,5.60,10.40
2010.05.04 13:04:36.033,0.94405,0.94415,13.60,1.00
2010.05.04 13:04:36.270,0.94405,0.9441,8.80,1.00
2010.05.04 13:04:36.591,0.94405,0.9441,1.60,1.00
2010.05.04 13:04:37.218,0.94405,0.9441,1.60,4.80
2010.05.04 13:04:37.533,0.9441,0.94415,1.00,12.80
2010.05.04 13:04:37.879,0.94405,0.94415,13.60,4.00
2010.05.04 13:04:38.401,0.9441,0.94415,2.40,3.20
2010.05.04 13:04:38.755,0.9441,0.9442,1.00,13.70
2010.05.04 13:04:39.102,0.94405,0.9441,4.00,1.00
2010.05.04 13:04:39.450,0.944,0.9441,9.60,6.40
2010.05.04 13:04:39.800,0.94405,0.94415,2.40,14.40
2010.05.04 13:04:40.078,0.94405,0.94415,4.00,12.00
2010.05.04 13:04:40.359,0.94405,0.9441,1.60,1.00
2010.05.04 13:04:40.638,0.94405,0.9441,3.20,4.80
2010.05.04 13:04:41.325,0.94405,0.94415,2.40,13.60
2010.05.04 13:04:41.549,0.94405,0.94415,2.40,12.00
2010.05.04 13:04:41.767,0.94405,0.94415,2.40,10.40
2010.05.04 13:04:42.107,0.94405,0.94415,4.40,10.40
2010.05.04 13:04:42.447,0.94405,0.94415,4.00,10.40
2010.05.04 13:04:42.788,0.94405,0.94415,5.60,10.40
2010.05.04 13:04:42.976,0.94405,0.94415,8.00,10.40
2010.05.04 13:04:43.168,0.94405,0.9441,11.20,1.00
2010.05.04 13:04:43.359,0.94405,0.9441,5.60,1.00
2010.05.04 13:04:43.547,0.94405,0.94415,3.20,22.00
2010.05.04 13:04:44.112,0.9441,0.94415,1.00,12.00
2010.05.04 13:04:44.449,0.94405,0.94415,10.40,5.60
2010.05.04 13:04:47.047,0.94405,0.94415,3.20,15.20
2010.05.04 13:04:47.310,0.94405,0.94415,3.20,21.60
2010.05.04 13:04:47.529,0.94405,0.94415,4.80,20.40
2010.05.04 13:04:48.797,0.9441,0.94415,1.60,15.60
2010.05.04 13:04:49.118,0.9441,0.94415,1.60,4.00
2010.05.04 13:04:49.458,0.9441,0.9442,12.80,3.20
2010.05.04 13:04:49.944,0.9441,0.9442,12.00,4.00
2010.05.04 13:04:50.293,0.9441,0.94425,16.00,13.60
2010.05.04 13:04:50.548,0.9441,0.94425,17.10,14.00
2010.05.04 13:04:51.930,0.94415,0.94425,10.70,5.20
2010.05.04 13:04:52.284,0.9442,0.94425,1.00,3.20
2010.05.04 13:04:52.630,0.9442,0.9443,10.40,8.80
2010.05.04 13:04:52.976,0.9442,0.9443,12.00,8.80
2010.05.04 13:04:53.318,0.9442,0.9443,13.60,4.00
2010.05.04 13:04:53.841,0.94425,0.9443,2.40,1.60
2010.05.04 13:04:54.114,0.94425,0.94435,5.60,12.00
2010.05.04 13:04:54.379,0.94425,0.94435,13.60,4.00
2010.05.04 13:04:55.780,0.94425,0.94435,5.60,12.00
2010.05.04 13:04:56.808,0.94425,0.94435,5.60,10.40
2010.05.04 13:04:57.145,0.94425,0.94435,5.60,8.80
2010.05.04 13:04:57.486,0.94425,0.94435,13.60,1.00
2010.05.04 13:04:58.167,0.94425,0.94435,5.60,8.80
2010.05.04 13:04:58.856,0.94425,0.9443,4.80,1.00
2010.05.04 13:04:59.147,0.94425,0.94435,14.70,1.00
2010.05.04 13:04:59.439,0.94425,0.94435,5.60,8.80
2010.05.04 13:04:59.725,0.94425,0.94435,6.40,8.80
2010.05.04 13:05:01.191,0.94425,0.94435,10.40,4.80
2010.05.04 13:05:01.535,0.94425,0.94435,6.40,8.80
2010.05.04 13:05:02.676,0.9443,0.94435,1.00,8.00
2010.05.04 13:05:02.973,0.9443,0.9444,6.40,8.80
2010.05.04 13:05:03.258,0.9443,0.9444,8.80,4.80
2010.05.04 13:05:03.522,0.9444,0.94445,1.00,22.00
2010.05.04 13:05:03.788,0.9444,0.94445,1.00,12.80
2010.05.04 13:05:04.269,0.9444,0.9445,12.00,8.40
2010.05.04 13:05:04.552,0.9444,0.94445,5.60,1.00
2010.05.04 13:05:04.836,0.94435,0.94445,16.00,1.00
2010.05.04 13:05:05.396,0.9444,0.94445,4.00,1.00
2010.05.04 13:05:05.786,0.94435,0.94445,16.00,1.00
2010.05.04 13:05:06.153,0.94435,0.94445,10.40,4.00
2010.05.04 13:05:06.291,0.94435,0.94445,12.00,4.00
2010.05.04 13:05:06.653,0.94435,0.9444,11.20,1.00
2010.05.04 13:05:07.002,0.94435,0.94445,1.60,22.00
2010.05.04 13:05:07.348,0.94435,0.94445,1.60,21.60
2010.05.04 13:05:07.911,0.94435,0.94445,1.60,18.00
2010.05.04 13:05:08.263,0.94435,0.94445,1.60,17.20
2010.05.04 13:05:08.615,0.9444,0.94445,1.00,8.80
2010.05.04 13:05:08.960,0.94435,0.94445,11.20,3.20
2010.05.04 13:05:09.309,0.94435,0.94445,15.20,3.20
2010.05.04 13:05:09.657,0.94435,0.94445,12.80,3.20
2010.05.04 13:05:10.553,0.9444,0.9445,5.60,7.70
2010.05.04 13:05:10.776,0.9444,0.9445,5.60,3.70
2010.05.04 13:05:10.996,0.9444,0.9445,9.60,5.00
2010.05.04 13:05:11.771,0.9444,0.9445,7.20,4.20
2010.05.04 13:05:12.122,0.9444,0.9445,11.20,3.30
2010.05.04 13:05:12.817,0.9444,0.9445,8.80,5.60
2010.05.04 13:05:13.164,0.94445,0.94455,5.60,15.70
2010.05.04 13:05:13.733,0.9444,0.94455,15.20,17.30
2010.05.04 13:05:14.073,0.9444,0.94455,15.20,21.30
2010.05.04 13:05:14.406,0.9444,0.94455,15.20,21.20
2010.05.04 13:05:15.748,0.9444,0.94455,11.20,24.40
2010.05.04 13:05:16.026,0.9444,0.94455,15.20,22.00
2010.05.04 13:05:17.408,0.9444,0.9445,11.20,5.60
2010.05.04 13:05:17.678,0.9444,0.9445,1.00,17.60
2010.05.04 13:05:18.295,0.94445,0.9445,1.60,7.20
2010.05.04 13:05:18.641,0.94445,0.94455,3.20,12.40
2010.05.04 13:05:19.199,0.9445,0.94455,5.60,5.60
2010.05.04 13:05:19.543,0.94455,0.9446,1.60,1.60
2010.05.04 13:05:20.232,0.94455,0.94465,8.00,13.20
2010.05.04 13:05:20.530,0.9445,0.9446,8.80,6.40
2010.05.04 13:05:20.827,0.9445,0.9446,4.00,17.20
2010.05.04 13:05:21.152,0.9445,0.9446,4.00,18.80
2010.05.04 13:05:21.508,0.9445,0.94455,1.60,11.20
2010.05.04 13:05:21.854,0.94445,0.94455,9.60,7.20
2010.05.04 13:05:22.201,0.94445,0.94455,5.60,11.20
2010.05.04 13:05:23.226,0.94445,0.94455,5.60,12.80
2010.05.04 13:05:23.780,0.94445,0.94455,5.50,12.80
2010.05.04 13:05:24.337,0.94445,0.94455,5.50,11.20
2010.05.04 13:05:25.199,0.94445,0.94455,15.10,1.60
2010.05.04 13:05:25.543,0.9445,0.94455,1.60,1.60
2010.05.04 13:05:25.809,0.9445,0.9446,8.80,8.80
2010.05.04 13:05:26.560,0.9445,0.9446,10.40,3.20
2010.05.04 13:05:27.131,0.9445,0.9446,8.80,3.20
2010.05.04 13:05:28.072,0.9445,0.9446,8.80,4.80
2010.05.04 13:05:28.423,0.9445,0.9446,7.20,6.10
2010.05.04 13:05:28.771,0.94445,0.9446,17.50,21.70
2010.05.04 13:05:29.057,0.94445,0.94455,5.50,7.20
2010.05.04 13:05:29.336,0.94445,0.94455,11.10,7.20
2010.05.04 13:05:29.617,0.94445,0.94455,7.10,11.20
2010.05.04 13:05:30.186,0.94445,0.94455,5.50,11.20
2010.05.04 13:05:31.549,0.94445,0.94455,7.10,11.20
2010.05.04 13:05:31.769,0.94445,0.94455,11.10,7.20
2010.05.04 13:05:31.995,0.94445,0.9446,13.50,23.60
2010.05.04 13:05:32.398,0.94445,0.9446,9.50,22.50
2010.05.04 13:05:32.671,0.9445,0.9446,7.20,8.90
2010.05.04 13:05:34.171,0.9445,0.9446,2.40,13.70
2010.05.04 13:05:34.351,0.9445,0.9446,3.20,16.90
2010.05.04 13:05:34.701,0.9445,0.9446,7.20,8.90
2010.05.04 13:05:35.104,0.9445,0.9446,15.20,3.20
2010.05.04 13:05:35.782,0.9445,0.9446,16.80,4.80
2010.05.04 13:05:36.687,0.9445,0.9446,16.80,3.20
2010.05.04 13:05:37.193,0.9445,0.9446,16.80,1.60
2010.05.04 13:05:38.523,0.9445,0.9446,12.80,4.80
2010.05.04 13:05:38.875,0.9445,0.9446,3.20,14.40
2010.05.04 13:05:39.217,0.9445,0.9446,7.20,10.40
2010.05.04 13:05:40.239,0.9445,0.9446,8.80,8.80
2010.05.04 13:05:40.448,0.9445,0.9446,10.40,4.80
2010.05.04 13:05:41.098,0.9445,0.9446,8.80,11.20
2010.05.04 13:05:41.314,0.9445,0.9446,6.40,16.00
2010.05.04 13:05:41.661,0.9445,0.9446,2.40,21.60
2010.05.04 13:05:42.008,0.9445,0.9446,2.40,19.20
2010.05.04 13:05:42.345,0.9445,0.9446,2.40,19.60
2010.05.04 13:05:42.836,0.9445,0.9446,2.40,18.00
2010.05.04 13:05:43.081,0.9445,0.9446,2.40,17.60
2010.05.04 13:05:44.938,0.9445,0.9446,3.20,7.60
2010.05.04 13:05:45.035,0.9445,0.9446,8.80,4.00
2010.05.04 13:05:45.135,0.9445,0.9446,16.80,4.00
2010.05.04 13:05:45.235,0.9445,0.94465,16.80,22.90
2010.05.04 13:05:45.335,0.9445,0.94465,14.40,21.30
2010.05.04 13:05:45.648,0.94455,0.94465,1.60,21.30
2010.05.04 13:05:46.669,0.94455,0.94465,1.60,17.20
2010.05.04 13:05:47.010,0.9446,0.94465,4.00,6.00
2010.05.04 13:05:47.198,0.94455,0.94465,12.80,6.00
2010.05.04 13:05:47.378,0.94455,0.94465,8.80,5.60
2010.05.04 13:05:47.850,0.94455,0.94465,8.80,11.20
2010.05.04 13:05:48.031,0.94455,0.94465,4.80,18.40
2010.05.04 13:05:48.380,0.94455,0.94465,4.80,18.00
2010.05.04 13:05:48.731,0.94455,0.94465,1.60,21.60
2010.05.04 13:05:49.813,0.94455,0.94465,7.20,8.80
2010.05.04 13:05:51.105,0.94455,0.94465,11.20,3.20
2010.05.04 13:05:51.707,0.94455,0.94465,7.20,7.20
2010.05.04 13:05:52.066,0.94455,0.94465,11.20,3.20
2010.05.04 13:05:52.557,0.9446,0.94465,1.60,3.20
2010.05.04 13:05:52.877,0.9446,0.9447,5.60,11.60
2010.05.04 13:05:53.198,0.9446,0.9447,8.80,5.60
2010.05.04 13:05:53.466,0.9446,0.9447,8.80,1.60
2010.05.04 13:05:54.588,0.9446,0.9447,14.40,1.60
2010.05.04 13:05:54.931,0.9447,0.94475,1.00,11.20
2010.05.04 13:05:55.266,0.9447,0.9448,1.00,17.20
2010.05.04 13:05:55.521,0.9447,0.9448,1.00,14.40
2010.05.04 13:05:55.788,0.9447,0.9448,1.00,12.80
2010.05.04 13:05:56.628,0.9447,0.9448,1.60,12.00
2010.05.04 13:05:57.071,0.9447,0.9448,4.80,13.60
2010.05.04 13:05:57.420,0.9447,0.9448,6.40,9.60
2010.05.04 13:05:57.700,0.9447,0.9448,2.40,13.60
2010.05.04 13:05:57.982,0.9447,0.9448,6.40,9.60
2010.05.04 13:05:58.394,0.9447,0.9448,7.20,7.20
2010.05.04 13:05:58.673,0.9447,0.9448,6.40,8.00
2010.05.04 13:05:59.020,0.9447,0.9448,1.00,16.00
2010.05.04 13:05:59.709,0.94465,0.94475,15.60,1.00
2010.05.04 13:06:00.039,0.94465,0.94475,14.40,1.00
2010.05.04 13:06:00.366,0.94465,0.94475,16.80,1.00
2010.05.04 13:06:00.850,0.94465,0.9447,14.40,1.00
2010.05.04 13:06:01.155,0.94455,0.94465,7.60,14.40
2010.05.04 13:06:01.451,0.94455,0.94465,4.80,12.00
2010.05.04 13:06:01.750,0.9446,0.94465,1.00,5.60
2010.05.04 13:06:02.440,0.9446,0.9447,1.00,18.40
2010.05.04 13:06:03.316,0.9446,0.9447,1.00,20.80
2010.05.04 13:06:03.999,0.94455,0.9447,13.20,22.40
2010.05.04 13:06:04.306,0.94455,0.9447,12.80,22.80
2010.05.04 13:06:04.616,0.9446,0.9447,1.00,20.80
2010.05.04 13:06:05.556,0.94455,0.9447,12.80,20.40
2010.05.04 13:06:05.876,0.9446,0.9447,1.00,18.80
2010.05.04 13:06:06.278,0.9446,0.9447,1.00,18.40
2010.05.04 13:06:06.474,0.94455,0.94465,11.60,2.40
2010.05.04 13:06:06.673,0.94455,0.94465,3.20,13.60
2010.05.04 13:06:07.093,0.94455,0.9447,11.20,24.50
2010.05.04 13:06:07.439,0.94455,0.9447,13.60,20.40
2010.05.04 13:06:07.786,0.94455,0.9447,13.60,22.80
2010.05.04 13:06:08.337,0.94455,0.9447,13.60,20.40
2010.05.04 13:06:10.359,0.94455,0.9447,16.00,20.40
2010.05.04 13:06:10.637,0.94455,0.94465,13.60,4.00
2010.05.04 13:06:10.916,0.94455,0.9447,16.00,20.40
2010.05.04 13:06:11.195,0.94455,0.9447,16.00,21.30
2010.05.04 13:06:11.540,0.94455,0.9446,4.00,1.60
2010.05.04 13:06:11.889,0.9445,0.9446,3.20,8.00
2010.05.04 13:06:12.230,0.9445,0.94455,4.00,3.20
2010.05.04 13:06:12.561,0.9444,0.9445,9.60,4.80
2010.05.04 13:06:13.029,0.94445,0.9445,5.60,8.00
2010.05.04 13:06:13.363,0.9445,0.9446,3.20,11.20
2010.05.04 13:06:13.616,0.9445,0.9446,4.80,11.20
2010.05.04 13:06:13.868,0.9445,0.9446,6.40,13.60
2010.05.04 13:06:14.117,0.9445,0.9446,4.80,11.20
2010.05.04 13:06:14.901,0.9445,0.9446,4.80,13.60
2010.05.04 13:06:15.199,0.9445,0.9446,4.80,8.00
2010.05.04 13:06:15.699,0.9445,0.9446,8.80,4.00
2010.05.04 13:06:16.024,0.9445,0.9446,8.00,4.80
2010.05.04 13:06:16.353,0.9446,0.94465,1.00,3.20
2010.05.04 13:06:16.678,0.9446,0.9447,1.00,13.20
2010.05.04 13:06:17.017,0.9446,0.9447,1.00,12.80
2010.05.04 13:06:17.357,0.9446,0.9447,2.40,12.80
2010.05.04 13:06:18.377,0.9446,0.9447,4.00,12.80
2010.05.04 13:06:18.717,0.9446,0.9447,10.40,8.80
2010.05.04 13:06:18.947,0.9446,0.9447,8.80,1.60
2010.05.04 13:06:19.178,0.94465,0.94475,3.20,15.20
2010.05.04 13:06:19.419,0.94465,0.94475,3.20,11.20
2010.05.04 13:06:19.655,0.94465,0.94475,6.40,9.60
2010.05.04 13:06:20.000,0.94465,0.94475,10.40,5.60
2010.05.04 13:06:20.892,0.9447,0.94475,1.60,5.60
2010.05.04 13:06:21.142,0.9447,0.9448,8.80,6.40
2010.05.04 13:06:21.396,0.9447,0.9448,8.00,6.40
2010.05.04 13:06:21.858,0.9447,0.9448,9.60,6.40
2010.05.04 13:06:23.517,0.9447,0.9448,8.00,6.40
2010.05.04 13:06:25.820,0.9447,0.9448,6.40,8.00
2010.05.04 13:06:29.647,0.9447,0.9448,2.40,12.00
2010.05.04 13:06:30.005,0.9447,0.9448,6.40,8.00
2010.05.04 13:06:31.947,0.9447,0.9448,6.40,12.00
2010.05.04 13:06:32.176,0.9447,0.9448,2.40,12.00
2010.05.04 13:06:33.507,0.9447,0.9448,6.40,8.00
2010.05.04 13:06:39.276,0.9447,0.9448,2.40,18.40
2010.05.04 13:06:39.699,0.9447,0.9448,8.00,8.00
2010.05.04 13:06:41.207,0.94475,0.9448,1.60,6.40
2010.05.04 13:06:41.366,0.9448,0.94485,2.40,1.60
2010.05.04 13:06:41.518,0.9448,0.9449,5.10,13.60
2010.05.04 13:06:41.667,0.9448,0.9449,6.70,12.00
2010.05.04 13:06:42.137,0.9448,0.9449,9.60,8.00
2010.05.04 13:06:44.167,0.9448,0.94485,8.80,6.40
2010.05.04 13:06:44.621,0.94475,0.94485,5.20,8.80
2010.05.04 13:06:44.819,0.9448,0.94485,1.00,8.00
2010.05.04 13:06:45.018,0.9448,0.9449,1.00,18.50
2010.05.04 13:06:45.360,0.94475,0.9448,6.00,2.40
2010.05.04 13:06:45.696,0.9447,0.9448,9.60,2.40
2010.05.04 13:06:46.036,0.9447,0.9448,9.60,6.40
2010.05.04 13:06:46.297,0.9447,0.9448,9.60,2.40
2010.05.04 13:06:47.337,0.9448,0.94485,1.00,22.00
2010.05.04 13:06:47.497,0.9448,0.94485,1.00,4.80
2010.05.04 13:06:47.657,0.9448,0.9449,6.40,10.00
2010.05.04 13:06:48.068,0.9448,0.9449,7.50,6.40
2010.05.04 13:06:48.230,0.9448,0.9449,4.00,10.40
2010.05.04 13:06:48.553,0.9448,0.9449,2.40,17.60
2010.05.04 13:06:48.871,0.9448,0.94485,1.00,8.00
2010.05.04 13:06:49.189,0.9448,0.9449,1.00,18.40
2010.05.04 13:06:49.846,0.9448,0.9449,1.00,20.00
2010.05.04 13:06:50.527,0.9448,0.9449,1.00,17.60
2010.05.04 13:06:51.684,0.9448,0.9449,1.00,18.00
2010.05.04 13:06:52.532,0.9448,0.9449,2.40,12.00
2010.05.04 13:06:52.738,0.9448,0.9449,3.50,12.00
2010.05.04 13:06:53.028,0.9448,0.9449,10.00,6.40
2010.05.04 13:06:53.317,0.9448,0.9449,13.20,6.40
2010.05.04 13:06:53.608,0.9448,0.9449,16.30,1.80
2010.05.04 13:06:53.827,0.94485,0.94495,1.00,14.90
2010.05.04 13:06:54.047,0.94485,0.94495,1.00,11.80
2010.05.04 13:06:54.371,0.94485,0.94495,2.40,11.40
2010.05.04 13:06:54.821,0.9449,0.94495,1.00,3.20
2010.05.04 13:06:55.029,0.94485,0.94495,12.80,1.00
2010.05.04 13:06:55.231,0.94485,0.9449,4.40,1.00
2010.05.04 13:06:55.440,0.9448,0.9449,9.60,7.40
2010.05.04 13:06:56.099,0.9448,0.9449,9.60,9.00
2010.05.04 13:06:57.045,0.9448,0.9449,9.60,7.40
2010.05.04 13:06:57.767,0.94485,0.94495,1.00,20.60
2010.05.04 13:06:58.149,0.94485,0.94495,1.00,16.20
2010.05.04 13:06:58.497,0.9449,0.94495,2.40,1.60
2010.05.04 13:06:58.842,0.9449,0.94495,2.40,4.00
2010.05.04 13:06:59.188,0.9449,0.94495,2.40,8.00
2010.05.04 13:06:59.531,0.9449,0.94495,1.00,4.00
2010.05.04 13:06:59.880,0.9449,0.94495,1.00,8.00
2010.05.04 13:07:00.231,0.9449,0.945,2.40,11.40
2010.05.04 13:07:01.023,0.9449,0.94495,1.00,1.00
2010.05.04 13:07:01.341,0.9449,0.945,2.40,17.00
2010.05.04 13:07:01.679,0.9449,0.945,2.40,15.40
2010.05.04 13:07:02.234,0.9449,0.945,2.40,17.80
2010.05.04 13:07:02.571,0.9449,0.94495,1.60,5.00
2010.05.04 13:07:02.819,0.9449,0.94495,1.60,4.00
2010.05.04 13:07:03.599,0.9449,0.945,1.60,14.40
2010.05.04 13:07:04.276,0.9449,0.945,1.60,16.80
2010.05.04 13:07:04.616,0.9449,0.945,1.60,14.40
2010.05.04 13:07:05.296,0.9449,0.945,2.40,13.60
2010.05.04 13:07:05.638,0.9449,0.945,2.40,12.00
2010.05.04 13:07:05.818,0.9449,0.945,6.40,4.00
2010.05.04 13:07:05.996,0.9449,0.945,12.00,4.00
2010.05.04 13:07:06.176,0.9449,0.945,8.00,4.00
2010.05.04 13:07:06.570,0.9449,0.945,8.00,8.00
2010.05.04 13:07:07.306,0.9449,0.945,4.00,12.00
2010.05.04 13:07:10.527,0.9449,0.945,8.00,8.00
2010.05.04 13:07:11.051,0.94485,0.9449,21.60,1.00
2010.05.04 13:07:11.272,0.94485,0.94495,9.20,7.20
2010.05.04 13:07:11.489,0.9449,0.945,1.00,20.10
2010.05.04 13:07:11.708,0.9449,0.94495,1.00,4.00
2010.05.04 13:07:13.027,0.9449,0.94495,1.00,8.00
2010.05.04 13:07:14.283,0.9449,0.94495,1.00,4.00
2010.05.04 13:07:18.903,0.94495,0.945,1.00,4.00
2010.05.04 13:07:19.088,0.94495,0.94505,2.40,16.00
2010.05.04 13:07:19.278,0.94495,0.94505,4.00,12.80
2010.05.04 13:07:22.335,0.94495,0.94505,4.00,14.40
2010.05.04 13:07:23.225,0.94495,0.94505,4.00,12.80
2010.05.04 13:07:24.290,0.94495,0.94505,1.00,14.40
2010.05.04 13:07:24.806,0.94495,0.94505,1.00,16.00
2010.05.04 13:07:24.936,0.94495,0.94505,1.00,13.60
2010.05.04 13:07:25.278,0.94495,0.94505,1.00,12.00
2010.05.04 13:07:25.959,0.945,0.94505,1.00,8.00
2010.05.04 13:07:26.206,0.945,0.9451,1.00,16.80
2010.05.04 13:07:26.693,0.945,0.9451,2.40,14.40
2010.05.04 13:07:26.938,0.945,0.9451,6.40,8.00
2010.05.04 13:07:29.101,0.945,0.9451,8.00,8.00
2010.05.04 13:07:29.545,0.945,0.9451,8.00,6.40
2010.05.04 13:07:29.789,0.945,0.9451,6.40,6.40
2010.05.04 13:07:31.937,0.945,0.9451,2.40,10.40
2010.05.04 13:07:34.966,0.945,0.9451,6.40,6.40
2010.05.04 13:07:35.328,0.945,0.94505,2.40,4.00
2010.05.04 13:07:35.526,0.94495,0.945,3.20,1.00
2010.05.04 13:07:35.790,0.945,0.94505,1.00,1.60
2010.05.04 13:07:36.320,0.94495,0.94505,6.00,8.80
2010.05.04 13:07:36.576,0.94495,0.94505,9.60,4.80
2010.05.04 13:07:37.031,0.94495,0.94505,8.00,6.40
2010.05.04 13:07:37.324,0.94495,0.945,1.60,1.00
2010.05.04 13:07:37.607,0.9449,0.945,8.80,6.40
2010.05.04 13:07:37.948,0.9449,0.945,6.40,8.00
2010.05.04 13:07:38.285,0.9449,0.945,6.40,9.60
2010.05.04 13:07:39.087,0.94485,0.9449,15.60,1.00
2010.05.04 13:07:39.216,0.94485,0.9449,9.20,1.00
2010.05.04 13:07:39.499,0.94485,0.9449,5.20,1.00
2010.05.04 13:07:39.632,0.94485,0.9449,2.40,1.00
2010.05.04 13:07:40.780,0.94485,0.9449,1.80,4.80
2010.05.04 13:07:41.891,0.94485,0.9449,4.80,5.60
2010.05.04 13:07:42.164,0.9448,0.9449,8.00,8.00
2010.05.04 13:07:42.401,0.9448,0.9449,12.00,8.00
2010.05.04 13:07:42.636,0.9448,0.9449,13.60,4.80
2010.05.04 13:07:43.111,0.9448,0.9449,6.40,12.00
2010.05.04 13:07:43.352,0.9448,0.9449,2.40,16.00
2010.05.04 13:07:45.073,0.9448,0.9449,5.60,18.40
2010.05.04 13:07:45.308,0.9448,0.9449,12.00,8.00
2010.05.04 13:07:46.210,0.9448,0.9449,13.60,8.00
2010.05.04 13:07:50.667,0.94475,0.9448,26.30,1.00
2010.05.04 13:07:50.881,0.94475,0.9448,12.80,1.00
2010.05.04 13:07:51.148,0.94475,0.9448,1.00,2.50
2010.05.04 13:07:51.629,0.94465,0.9447,8.40,1.00
2010.05.04 13:07:51.899,0.9446,0.9447,13.60,4.80
2010.05.04 13:07:52.242,0.9446,0.9447,6.40,9.60
2010.05.04 13:07:53.130,0.9446,0.9447,8.00,8.00
2010.05.04 13:07:53.480,0.9446,0.9447,8.00,6.40
2010.05.04 13:07:53.831,0.94465,0.94475,1.00,15.20
2010.05.04 13:07:54.397,0.94465,0.94475,1.00,12.00
2010.05.04 13:07:55.427,0.9447,0.94475,1.00,11.20
2010.05.04 13:07:55.719,0.94475,0.9448,1.00,13.20
2010.05.04 13:07:56.240,0.94475,0.94485,4.00,16.00
2010.05.04 13:07:56.453,0.94475,0.9448,4.00,4.00
2010.05.04 13:07:57.056,0.94475,0.94485,4.00,16.00
2010.05.04 13:07:58.211,0.9447,0.9448,12.00,1.00
2010.05.04 13:07:58.873,0.9448,0.94485,1.00,10.40
2010.05.04 13:07:59.210,0.94475,0.9448,6.80,1.00
2010.05.04 13:07:59.548,0.94475,0.9448,1.60,4.80
2010.05.04 13:07:59.887,0.9447,0.9448,9.60,6.40
2010.05.04 13:08:02.806,0.9447,0.9448,9.60,4.80
2010.05.04 13:08:04.875,0.9447,0.9448,10.70,4.80
2010.05.04 13:08:05.905,0.9448,0.94485,1.00,17.20
2010.05.04 13:08:06.147,0.9448,0.94485,4.80,2.40
2010.05.04 13:08:06.267,0.94475,0.94485,13.10,1.00
2010.05.04 13:08:06.386,0.94475,0.9448,12.30,1.00
2010.05.04 13:08:06.506,0.94475,0.9448,9.60,1.00
2010.05.04 13:08:06.864,0.94475,0.9448,4.80,10.40
2010.05.04 13:08:06.989,0.94475,0.9448,8.00,4.00
2010.05.04 13:08:07.326,0.94475,0.94485,8.00,12.00
2010.05.04 13:08:09.748,0.9448,0.94485,1.00,11.20
2010.05.04 13:08:10.029,0.9448,0.94485,1.00,8.00
2010.05.04 13:08:10.227,0.94475,0.94485,12.00,7.20
2010.05.04 13:08:10.515,0.94475,0.94485,8.00,14.40
2010.05.04 13:08:11.075,0.94475,0.94485,12.00,8.00
2010.05.04 13:08:12.246,0.94475,0.94485,13.60,10.40
2010.05.04 13:08:12.595,0.94475,0.94485,9.60,8.80
2010.05.04 13:08:13.218,0.94475,0.94485,12.00,4.80
2010.05.04 13:08:13.867,0.94475,0.9448,8.00,4.00
2010.05.04 13:08:14.207,0.94475,0.94485,8.00,12.00
2010.05.04 13:08:14.547,0.94475,0.94485,12.00,8.00
2010.05.04 13:08:14.886,0.94475,0.94485,12.00,4.80
2010.05.04 13:08:15.825,0.9448,0.94485,1.00,4.00
2010.05.04 13:08:15.967,0.9448,0.9449,1.00,16.00
2010.05.04 13:08:16.235,0.9448,0.9449,1.00,13.60
2010.05.04 13:08:16.517,0.94475,0.94485,18.00,1.00
2010.05.04 13:08:16.856,0.94475,0.94485,14.00,4.80
2010.05.04 13:08:18.325,0.94475,0.94485,13.60,4.80
2010.05.04 13:08:18.475,0.94475,0.94485,9.60,8.80
2010.05.04 13:08:19.106,0.94475,0.94485,13.60,8.80
2010.05.04 13:08:19.433,0.94475,0.94485,13.60,5.40
2010.05.04 13:08:19.761,0.9448,0.94485,1.00,4.10
2010.05.04 13:08:20.109,0.94475,0.94485,9.60,8.90
2010.05.04 13:08:20.447,0.94475,0.94485,8.00,8.90
2010.05.04 13:08:20.788,0.94475,0.94485,8.00,12.10
2010.05.04 13:08:21.680,0.9448,0.94485,4.80,7.30
2010.05.04 13:08:22.023,0.9448,0.9449,4.80,20.40
2010.05.04 13:08:23.185,0.9448,0.9449,4.80,19.60
2010.05.04 13:08:23.436,0.9448,0.9449,4.80,20.20
2010.05.04 13:08:24.481,0.9448,0.94485,4.00,1.00
2010.05.04 13:08:24.687,0.9448,0.94485,4.80,4.00
2010.05.04 13:08:24.787,0.9448,0.94485,1.00,4.00
2010.05.04 13:08:24.888,0.9448,0.9449,4.80,19.40
2010.05.04 13:08:24.985,0.9448,0.9449,4.80,20.20
2010.05.04 13:08:25.297,0.9448,0.9449,4.80,21.00
2010.05.04 13:08:25.606,0.9448,0.9449,4.80,20.20
2010.05.04 13:08:25.917,0.9448,0.9449,4.80,21.00
2010.05.04 13:08:26.225,0.9448,0.9449,4.80,20.20
2010.05.04 13:08:27.815,0.9448,0.9449,4.80,21.80
2010.05.04 13:08:28.065,0.9448,0.9449,4.80,21.00
2010.05.04 13:08:28.797,0.9448,0.9449,6.40,15.80
2010.05.04 13:08:29.048,0.94485,0.9449,4.80,1.60
2010.05.04 13:08:29.513,0.94485,0.94495,4.80,12.00
2010.05.04 13:08:34.066,0.94485,0.9449,4.00,1.00
2010.05.04 13:08:34.364,0.94485,0.9449,4.80,8.00
2010.05.04 13:08:34.680,0.94485,0.94495,4.80,12.00
2010.05.04 13:08:41.152,0.94485,0.9449,4.80,7.20
2010.05.04 13:08:41.234,0.9448,0.9449,8.80,10.00
2010.05.04 13:08:41.517,0.9448,0.9449,8.80,10.80
2010.05.04 13:08:41.807,0.9448,0.9449,8.80,11.60
2010.05.04 13:08:42.391,0.9448,0.9449,4.80,19.20
2010.05.04 13:08:42.738,0.9448,0.9449,4.80,20.30
2010.05.04 13:08:43.304,0.9448,0.9449,4.80,20.70
2010.05.04 13:08:43.990,0.9448,0.9449,4.80,19.20
2010.05.04 13:08:44.328,0.9448,0.9449,4.80,18.80
2010.05.04 13:08:44.969,0.94475,0.94485,8.40,12.00
2010.05.04 13:08:45.568,0.94475,0.94485,6.40,12.00
2010.05.04 13:08:46.199,0.94475,0.94485,12.00,8.00
2010.05.04 13:08:46.527,0.94475,0.94485,8.00,12.00
2010.05.04 13:08:47.038,0.94475,0.94485,16.00,4.00
2010.05.04 13:08:47.342,0.94475,0.94485,8.00,12.00
2010.05.04 13:08:47.951,0.94475,0.94485,6.40,12.00
2010.05.04 13:08:48.642,0.94475,0.94485,8.00,12.00
2010.05.04 13:08:49.327,0.94475,0.94485,16.00,4.00
2010.05.04 13:08:49.774,0.94475,0.94485,8.00,12.00
2010.05.04 13:08:50.758,0.94475,0.9448,12.00,4.00
2010.05.04 13:08:51.197,0.94475,0.94485,10.40,12.00
2010.05.04 13:08:51.502,0.94475,0.94485,8.00,12.00
2010.05.04 13:08:52.112,0.94475,0.94485,6.40,12.00
2010.05.04 13:08:53.032,0.94475,0.94485,10.40,4.00
2010.05.04 13:08:53.340,0.94475,0.94485,6.40,12.00
2010.05.04 13:08:57.104,0.94475,0.94485,4.80,12.00
2010.05.04 13:08:59.205,0.94475,0.94485,6.40,12.00
2010.05.04 13:09:01.559,0.94475,0.9448,5.60,1.00
2010.05.04 13:09:01.638,0.94475,0.9448,4.00,1.00
2010.05.04 13:09:01.687,0.9447,0.9448,19.50,1.00
2010.05.04 13:09:01.717,0.94475,0.94485,1.00,16.40
2010.05.04 13:09:01.765,0.94475,0.94485,1.00,16.00
2010.05.04 13:09:02.020,0.94475,0.9448,1.00,4.00
2010.05.04 13:09:02.374,0.94475,0.94485,1.00,14.40
2010.05.04 13:09:04.446,0.94475,0.94485,1.00,16.00
2010.05.04 13:09:10.694,0.94475,0.94485,1.00,14.40
2010.05.04 13:09:10.863,0.94475,0.94485,1.00,13.60
2010.05.04 13:09:11.189,0.94475,0.94485,1.00,16.00
2010.05.04 13:09:13.105,0.94475,0.94485,1.00,14.40
2010.05.04 13:09:14.397,0.94475,0.94485,1.00,16.00
2010.05.04 13:09:15.058,0.9447,0.9448,14.70,1.00
2010.05.04 13:09:15.387,0.9447,0.9448,8.00,1.00
2010.05.04 13:09:15.932,0.9448,0.94485,1.00,17.20
2010.05.04 13:09:16.278,0.94475,0.94485,1.00,16.10
2010.05.04 13:09:16.619,0.94475,0.94485,1.00,16.00
2010.05.04 13:09:17.295,0.94475,0.94485,1.00,14.40
2010.05.04 13:09:17.977,0.9447,0.9448,13.10,1.00
2010.05.04 13:09:18.199,0.94475,0.9448,1.00,12.80
2010.05.04 13:09:18.417,0.94475,0.9448,1.00,4.80
2010.05.04 13:09:18.638,0.9447,0.9448,8.80,5.60
2010.05.04 13:09:18.857,0.9447,0.9448,6.40,9.60
2010.05.04 13:09:19.246,0.9447,0.9448,10.40,9.60
2010.05.04 13:09:19.594,0.9447,0.9448,7.50,13.60
2010.05.04 13:09:19.941,0.9447,0.9448,7.50,8.00
2010.05.04 13:09:20.198,0.9447,0.9448,11.50,4.00
2010.05.04 13:09:20.638,0.94475,0.9448,1.00,1.60
2010.05.04 13:09:21.439,0.94475,0.9448,4.80,1.60
2010.05.04 13:09:21.738,0.94475,0.9448,1.00,1.60
2010.05.04 13:09:22.038,0.94475,0.94485,1.00,12.00
2010.05.04 13:09:22.337,0.94475,0.94485,1.00,12.40
2010.05.04 13:09:22.556,0.94475,0.94485,1.00,12.00
2010.05.04 13:09:23.195,0.94475,0.94485,1.00,16.00
2010.05.04 13:09:23.417,0.94475,0.94485,1.00,13.60
2010.05.04 13:09:25.345,0.94475,0.94485,1.00,16.00
2010.05.04 13:09:25.438,0.94475,0.94485,1.00,16.40
2010.05.04 13:09:25.525,0.94475,0.94485,1.00,16.00
2010.05.04 13:09:25.614,0.94475,0.94485,1.00,13.60
2010.05.04 13:09:26.015,0.94475,0.94485,1.00,13.60
2010.05.04 13:09:26.106,0.94475,0.9448,1.00,4.00
2010.05.04 13:09:26.195,0.94475,0.9448,1.00,8.00
2010.05.04 13:09:26.376,0.94475,0.9448,1.00,1.60
2010.05.04 13:09:29.949,0.94475,0.94485,6.80,13.60
2010.05.04 13:09:30.360,0.9449,0.94495,1.00,19.60
2010.05.04 13:09:30.542,0.9449,0.945,1.00,13.60
2010.05.04 13:09:30.871,0.9449,0.945,6.40,8.00
2010.05.04 13:09:31.199,0.9449,0.945,9.60,8.00
2010.05.04 13:09:31.519,0.9449,0.945,8.00,12.00
2010.05.04 13:09:31.864,0.9449,0.945,4.00,9.60
2010.05.04 13:09:32.189,0.9449,0.945,8.00,9.60
2010.05.04 13:09:33.472,0.9449,0.945,8.00,12.00
2010.05.04 13:09:33.823,0.9449,0.945,2.40,16.00
2010.05.04 13:09:34.512,0.9449,0.945,2.40,13.60
2010.05.04 13:09:35.521,0.9449,0.945,2.40,14.40
2010.05.04 13:09:36.313,0.94485,0.94495,14.00,2.40
2010.05.04 13:09:36.542,0.94485,0.9449,1.00,1.00
2010.05.04 13:09:36.769,0.9448,0.9449,14.80,1.00
2010.05.04 13:09:36.994,0.9448,0.9449,12.00,1.00
2010.05.04 13:09:37.343,0.9448,0.9449,10.40,1.00
2010.05.04 13:09:37.926,0.9448,0.9449,12.00,1.00
2010.05.04 13:09:39.389,0.9448,0.9449,13.60,1.00
2010.05.04 13:09:42.957,0.9448,0.9449,14.10,1.00
2010.05.04 13:09:43.215,0.9449,0.945,8.80,14.40
2010.05.04 13:09:43.700,0.9449,0.945,10.40,8.40
2010.05.04 13:09:44.042,0.9449,0.94495,4.00,1.00
2010.05.04 13:09:44.390,0.94485,0.94495,12.00,1.00
2010.05.04 13:09:44.954,0.9449,0.94495,4.80,1.60
2010.05.04 13:09:45.089,0.9449,0.945,8.80,5.60
2010.05.04 13:09:50.811,0.9449,0.94495,8.00,1.00
2010.05.04 13:09:51.495,0.94485,0.94495,16.80,1.00
2010.05.04 13:09:51.881,0.9449,0.945,1.00,14.00
2010.05.04 13:09:52.236,0.9449,0.945,6.80,9.60
2010.05.04 13:09:52.582,0.9449,0.945,13.10,6.40
2010.05.04 13:09:52.928,0.94495,0.945,1.00,4.00
2010.05.04 13:09:56.426,0.94495,0.94505,1.00,13.60
2010.05.04 13:09:56.888,0.94495,0.94505,2.40,16.00
2010.05.04 13:10:02.589,0.94495,0.945,1.60,2.40
2010.05.04 13:10:02.930,0.94495,0.945,1.60,6.40
2010.05.04 13:10:03.500,0.9449,0.945,9.60,6.40
2010.05.04 13:10:03.920,0.9449,0.945,2.40,13.60
2010.05.04 13:10:04.607,0.9449,0.945,6.40,8.00
2010.05.04 13:10:05.173,0.94485,0.94495,5.20,12.00
2010.05.04 13:10:05.521,0.94485,0.94495,4.00,12.00
2010.05.04 13:10:05.867,0.94485,0.94495,1.00,12.00
2010.05.04 13:10:06.769,0.9448,0.9449,21.10,1.00
2010.05.04 13:10:07.022,0.9448,0.9449,8.00,1.00
2010.05.04 13:10:07.607,0.9448,0.9449,9.60,1.00
2010.05.04 13:10:10.007,0.9448,0.9449,8.00,1.00
2010.05.04 13:10:10.280,0.9448,0.9449,9.60,4.80
2010.05.04 13:10:10.556,0.9448,0.9449,9.60,1.00
2010.05.04 13:10:11.547,0.9448,0.9449,8.00,1.00
2010.05.04 13:10:11.924,0.9448,0.9449,9.60,1.00
2010.05.04 13:10:14.592,0.9448,0.9449,8.00,1.00
2010.05.04 13:10:14.939,0.9448,0.9449,9.60,1.00
2010.05.04 13:10:17.946,0.9448,0.9449,10.70,1.00
2010.05.04 13:10:18.758,0.9448,0.9449,9.60,4.80
2010.05.04 13:10:19.071,0.9448,0.9449,8.00,4.80
2010.05.04 13:10:19.644,0.9448,0.94485,1.60,17.60
2010.05.04 13:10:19.993,0.94445,0.9447,13.00,3.20
2010.05.04 13:10:20.578,0.94445,0.9447,1.70,1.60
2010.05.04 13:10:20.920,0.94445,0.94475,3.20,12.80
2010.05.04 13:10:21.608,0.94455,0.94465,5.60,11.20
2010.05.04 13:10:21.954,0.9446,0.9447,10.40,8.80
2010.05.04 13:10:22.301,0.9446,0.94465,5.60,8.00
2010.05.04 13:10:22.558,0.94455,0.9446,2.80,4.00
2010.05.04 13:10:22.819,0.94455,0.9446,1.00,4.00
2010.05.04 13:10:23.078,0.94455,0.94465,4.80,8.00
2010.05.04 13:10:23.892,0.94455,0.9446,4.00,1.00
2010.05.04 13:10:24.244,0.94445,0.9445,4.00,4.00
2010.05.04 13:10:24.815,0.9444,0.9445,4.80,9.60
2010.05.04 13:10:25.159,0.9444,0.9445,1.00,13.60
2010.05.04 13:10:25.502,0.94445,0.9445,4.00,12.00
2010.05.04 13:10:26.050,0.9445,0.9446,3.50,12.00
2010.05.04 13:10:26.374,0.9445,0.9446,17.60,1.00
2010.05.04 13:10:26.669,0.9445,0.9446,16.00,1.00
2010.05.04 13:10:27.274,0.9445,0.9446,2.40,16.00
2010.05.04 13:10:27.570,0.9445,0.9446,2.40,20.00
2010.05.04 13:10:27.918,0.9445,0.9446,2.40,17.60
2010.05.04 13:10:28.599,0.94445,0.9445,13.60,1.00
2010.05.04 13:10:28.938,0.94445,0.9445,3.20,1.00
2010.05.04 13:10:31.228,0.9444,0.9445,11.50,1.00
2010.05.04 13:10:31.469,0.9444,0.9445,4.40,12.00
2010.05.04 13:10:31.709,0.9444,0.9445,1.00,20.00
2010.05.04 13:10:32.052,0.9444,0.9445,2.40,14.40
2010.05.04 13:10:32.402,0.9444,0.9445,6.40,8.00
2010.05.04 13:10:33.264,0.9444,0.9445,14.70,1.00
2010.05.04 13:10:33.840,0.9444,0.9445,18.90,1.00
2010.05.04 13:10:34.191,0.94445,0.94455,1.00,14.40
2010.05.04 13:10:34.545,0.94445,0.9445,1.00,8.00
2010.05.04 13:10:34.890,0.94445,0.94455,1.00,15.20
2010.05.04 13:10:35.232,0.9444,0.9445,1.00,12.00
2010.05.04 13:10:35.794,0.9444,0.94445,6.40,1.00
2010.05.04 13:10:36.140,0.9444,0.9445,6.40,8.10
2010.05.04 13:10:36.489,0.9444,0.9445,6.40,12.10
2010.05.04 13:10:36.828,0.9444,0.9445,2.40,12.10
2010.05.04 13:10:37.168,0.9444,0.9445,8.00,8.10
2010.05.04 13:10:37.511,0.9444,0.94445,5.60,1.00
2010.05.04 13:10:37.862,0.94435,0.9444,1.80,1.00
2010.05.04 13:10:38.212,0.94435,0.94445,13.60,3.20
2010.05.04 13:10:38.778,0.94435,0.94445,9.60,7.20
2010.05.04 13:10:39.117,0.94435,0.94445,3.20,11.20
2010.05.04 13:10:40.447,0.94435,0.94445,4.00,10.40
2010.05.04 13:10:40.760,0.9444,0.94445,1.00,1.60
2010.05.04 13:10:41.747,0.9444,0.9445,1.00,12.00
2010.05.04 13:10:42.238,0.9444,0.9445,8.00,8.00
2010.05.04 13:10:42.567,0.9444,0.9445,8.20,8.00
2010.05.04 13:10:43.232,0.9444,0.9445,6.60,8.00
2010.05.04 13:10:43.782,0.9444,0.9445,2.60,14.40
2010.05.04 13:10:44.131,0.9444,0.9445,2.40,14.40
2010.05.04 13:10:44.483,0.94435,0.94445,11.20,4.80
2010.05.04 13:10:45.047,0.94435,0.94445,16.00,1.00
2010.05.04 13:10:45.395,0.9443,0.9444,5.60,8.80
2010.05.04 13:10:45.937,0.9443,0.9444,9.60,8.00
2010.05.04 13:10:47.299,0.9443,0.9444,4.00,12.00
2010.05.04 13:10:48.318,0.9443,0.9444,2.40,12.00
2010.05.04 13:10:48.661,0.94425,0.9443,16.80,1.60
2010.05.04 13:10:49.010,0.94425,0.9443,1.00,10.40
2010.05.04 13:10:49.349,0.9442,0.9443,4.00,10.40
2010.05.04 13:10:50.480,0.9442,0.9443,2.40,10.40
2010.05.04 13:10:51.158,0.9442,0.9443,4.00,12.00
2010.05.04 13:10:52.559,0.9442,0.9443,5.60,10.40
2010.05.04 13:10:53.462,0.9442,0.9443,4.80,9.60
2010.05.04 13:10:53.784,0.94425,0.9443,2.40,8.00
2010.05.04 13:10:54.099,0.94425,0.94435,2.40,13.30
2010.05.04 13:10:54.441,0.9442,0.9443,10.40,2.40
2010.05.04 13:10:55.128,0.9442,0.9443,10.40,6.40
2010.05.04 13:10:55.808,0.9442,0.9443,9.60,6.40
2010.05.04 13:10:59.342,0.94425,0.9443,1.60,2.40
2010.05.04 13:10:59.830,0.9442,0.9443,13.60,2.40
2010.05.04 13:11:00.188,0.9442,0.9443,1.00,12.80
2010.05.04 13:11:00.760,0.9443,0.94435,1.00,16.80
2010.05.04 13:11:01.114,0.94435,0.9444,1.00,9.60
2010.05.04 13:11:01.461,0.94435,0.9444,2.40,8.00
2010.05.04 13:11:02.955,0.94435,0.9444,1.60,10.40
2010.05.04 13:11:03.302,0.9443,0.9444,5.60,10.40
2010.05.04 13:11:03.649,0.9443,0.9444,4.80,9.60
2010.05.04 13:11:03.989,0.9443,0.9444,8.80,11.20
2010.05.04 13:11:04.328,0.9443,0.9444,8.80,7.20
2010.05.04 13:11:05.736,0.94435,0.94445,16.30,7.20
2010.05.04 13:11:05.961,0.94435,0.9444,3.60,4.00
2010.05.04 13:11:06.228,0.94435,0.9444,3.60,8.00
2010.05.04 13:11:06.455,0.94435,0.94445,1.60,12.00
2010.05.04 13:11:08.044,0.9444,0.9445,1.60,12.00
2010.05.04 13:11:09.772,0.9444,0.9445,1.00,12.80
2010.05.04 13:11:10.125,0.94435,0.94445,1.00,17.30
2010.05.04 13:11:10.470,0.9443,0.9444,11.40,4.00
2010.05.04 13:11:10.818,0.9443,0.9444,11.20,5.60
2010.05.04 13:11:11.161,0.94435,0.9444,1.60,1.60
2010.05.04 13:11:11.848,0.9444,0.94445,1.00,10.40
2010.05.04 13:11:12.330,0.9444,0.9445,4.80,7.30
2010.05.04 13:11:12.668,0.9444,0.9445,6.40,7.30
2010.05.04 13:11:13.214,0.9444,0.9445,7.40,7.20
2010.05.04 13:11:13.322,0.9444,0.9445,14.80,1.00
2010.05.04 13:11:13.668,0.9444,0.9445,8.80,7.30
2010.05.04 13:11:14.009,0.9444,0.94445,4.00,8.00
2010.05.04 13:11:14.482,0.94445,0.9445,6.40,13.70
2010.05.04 13:11:14.836,0.94445,0.94455,9.60,8.50
2010.05.04 13:11:15.323,0.9444,0.9445,5.20,11.20
2010.05.04 13:11:15.677,0.94435,0.94445,7.20,10.40
2010.05.04 13:11:16.021,0.94435,0.94445,5.60,10.40
2010.05.04 13:11:16.565,0.94435,0.94445,5.60,12.00
2010.05.04 13:11:18.328,0.94435,0.94445,4.00,12.00
2010.05.04 13:11:19.315,0.94435,0.94445,5.60,12.00
2010.05.04 13:11:19.657,0.94435,0.94445,5.60,10.40
2010.05.04 13:11:20.503,0.9444,0.94445,6.40,4.00
2010.05.04 13:11:20.844,0.9444,0.9445,10.40,6.40
2010.05.04 13:11:21.187,0.9444,0.9445,9.60,6.40
2010.05.04 13:11:22.209,0.9444,0.9445,9.60,6.40
2010.05.04 13:11:22.792,0.94435,0.9444,8.80,4.00
2010.05.04 13:11:23.084,0.94435,0.9444,1.00,7.20
2010.05.04 13:11:23.369,0.9443,0.9444,8.80,7.20
2010.05.04 13:11:24.620,0.94435,0.9444,1.60,7.20
2010.05.04 13:11:24.967,0.9443,0.9444,8.80,7.20
2010.05.04 13:11:26.519,0.9443,0.9444,7.20,7.20
2010.05.04 13:11:27.857,0.9443,0.9444,3.20,11.20
2010.05.04 13:11:28.327,0.9443,0.9444,7.20,7.20
2010.05.04 13:11:28.987,0.9443,0.9444,8.80,7.20
2010.05.04 13:11:29.334,0.94435,0.9444,3.20,7.20
2010.05.04 13:11:29.873,0.94435,0.94445,3.20,11.30
2010.05.04 13:11:30.218,0.94435,0.94445,6.40,11.30
2010.05.04 13:11:30.899,0.94435,0.94445,1.60,17.70
2010.05.04 13:11:31.229,0.94435,0.94445,3.20,12.40
2010.05.04 13:11:31.557,0.94435,0.94445,3.20,12.00
2010.05.04 13:11:32.569,0.94435,0.9444,3.60,4.00
2010.05.04 13:11:33.007,0.9444,0.94445,1.00,6.40
2010.05.04 13:11:33.354,0.9444,0.9445,17.10,2.80
2010.05.04 13:11:33.700,0.9444,0.9445,17.10,2.40
2010.05.04 13:11:34.379,0.9444,0.9445,9.60,6.40
2010.05.04 13:11:34.721,0.9444,0.9445,8.00,6.40
2010.05.04 13:11:35.069,0.9444,0.9445,8.00,8.00
2010.05.04 13:11:35.407,0.9444,0.9445,6.40,8.00
2010.05.04 13:11:35.748,0.9444,0.9445,8.00,8.00
2010.05.04 13:11:36.391,0.9444,0.9445,8.00,6.40
2010.05.04 13:11:36.987,0.94445,0.9445,1.60,6.40
2010.05.04 13:11:37.289,0.9444,0.9445,13.10,6.40
2010.05.04 13:11:37.806,0.9444,0.9445,18.70,2.40
2010.05.04 13:11:38.152,0.94445,0.9445,1.00,1.60
2010.05.04 13:11:38.475,0.9445,0.94455,1.00,12.00
2010.05.04 13:11:38.792,0.9445,0.9446,1.00,16.00
2010.05.04 13:11:39.113,0.94445,0.9445,13.90,1.00
2010.05.04 13:11:39.436,0.94445,0.9445,3.60,4.80
2010.05.04 13:11:39.781,0.94445,0.9445,1.60,1.00
2010.05.04 13:11:40.128,0.94445,0.9445,3.20,1.00
2010.05.04 13:11:40.812,0.9444,0.9445,19.50,1.00
2010.05.04 13:11:41.165,0.9444,0.9445,6.00,8.00
2010.05.04 13:11:41.513,0.9444,0.9445,9.60,8.00
2010.05.04 13:11:42.378,0.94445,0.94455,2.40,16.40
2010.05.04 13:11:42.723,0.94445,0.94455,2.40,12.80
2010.05.04 13:11:43.072,0.94445,0.94455,2.40,12.00
2010.05.04 13:11:43.903,0.94445,0.9445,1.60,4.80
2010.05.04 13:11:44.588,0.9445,0.94455,1.00,12.80
2010.05.04 13:11:44.931,0.9445,0.94455,4.80,1.60
2010.05.04 13:11:45.898,0.9445,0.9446,4.80,8.80
2010.05.04 13:11:46.181,0.9445,0.9446,4.80,8.00
2010.05.04 13:11:46.461,0.9445,0.94455,6.40,1.60
2010.05.04 13:11:46.965,0.94445,0.9445,6.00,4.80
2010.05.04 13:11:47.313,0.94445,0.9445,1.60,6.40
2010.05.04 13:11:49.022,0.9444,0.94445,4.00,8.00
2010.05.04 13:11:49.379,0.9445,0.94455,4.80,7.20
2010.05.04 13:11:49.728,0.9445,0.9446,8.00,4.80
2010.05.04 13:11:50.071,0.94455,0.9446,1.60,4.80
2010.05.04 13:11:50.421,0.9445,0.9446,6.40,16.80
2010.05.04 13:11:50.773,0.94445,0.94455,12.40,1.00
2010.05.04 13:11:51.121,0.9445,0.9446,1.00,12.00
2010.05.04 13:11:51.411,0.9445,0.9446,2.40,12.00
2010.05.04 13:11:51.888,0.9445,0.9446,2.40,10.40
2010.05.04 13:11:52.189,0.9445,0.9446,4.00,8.80
2010.05.04 13:11:52.532,0.9445,0.9446,4.80,11.20
2010.05.04 13:11:52.882,0.9445,0.9446,14.40,1.60
2010.05.04 13:11:53.231,0.9445,0.9446,9.60,2.40
2010.05.04 13:11:53.656,0.94455,0.9446,3.20,1.00
2010.05.04 13:11:57.888,0.94455,0.9446,1.60,1.00
2010.05.04 13:11:58.569,0.94455,0.9446,3.20,1.00
2010.05.04 13:11:59.247,0.94455,0.9446,1.60,2.40
2010.05.04 13:11:59.589,0.9445,0.9446,2.50,13.00
2010.05.04 13:12:00.059,0.9445,0.9446,6.40,5.00
2010.05.04 13:12:00.405,0.9445,0.9446,1.00,14.20
2010.05.04 13:12:00.991,0.9445,0.94455,1.00,1.60
2010.05.04 13:12:01.348,0.9445,0.9446,6.40,4.80
2010.05.04 13:12:01.696,0.9445,0.9446,2.40,12.80
2010.05.04 13:12:02.044,0.9445,0.9446,2.40,12.40
2010.05.04 13:12:02.393,0.94445,0.94455,8.40,5.80
2010.05.04 13:12:02.954,0.94445,0.94455,4.00,11.40
2010.05.04 13:12:03.302,0.94445,0.94455,12.00,5.00
2010.05.04 13:12:05.146,0.94445,0.94455,4.00,13.00
2010.05.04 13:12:06.137,0.94445,0.94455,4.00,12.60
2010.05.04 13:12:07.167,0.94445,0.94455,8.00,8.60
2010.05.04 13:12:07.414,0.94445,0.94455,13.60,1.40
2010.05.04 13:12:07.899,0.94445,0.94455,13.60,1.00
2010.05.04 13:12:08.142,0.94445,0.94455,9.60,5.00
2010.05.04 13:12:08.489,0.94445,0.94455,5.60,8.80
2010.05.04 13:12:08.913,0.94445,0.9445,4.80,1.00
2010.05.04 13:12:09.262,0.94445,0.94455,4.00,16.40
2010.05.04 13:12:09.614,0.94445,0.94455,4.80,12.00
2010.05.04 13:12:10.519,0.94445,0.94455,4.80,11.20
2010.05.04 13:12:11.198,0.94445,0.94455,6.40,9.60
2010.05.04 13:12:11.539,0.94445,0.94455,6.50,9.60
2010.05.04 13:12:11.800,0.94445,0.94455,14.40,1.60
2010.05.04 13:12:12.237,0.94445,0.94455,8.80,9.60
2010.05.04 13:12:12.504,0.94445,0.94455,10.80,5.60
2010.05.04 13:12:13.091,0.94445,0.94455,14.40,1.60
2010.05.04 13:12:13.443,0.94445,0.94455,12.80,4.00
2010.05.04 13:12:13.795,0.94445,0.94455,5.20,12.00
2010.05.04 13:12:14.142,0.94445,0.94455,7.20,9.60
2010.05.04 13:12:14.491,0.94445,0.94455,8.80,8.00
2010.05.04 13:12:15.063,0.94445,0.94455,8.80,12.00
2010.05.04 13:12:15.409,0.94445,0.94455,12.00,4.00
2010.05.04 13:12:16.088,0.94445,0.9446,17.20,14.00
2010.05.04 13:12:17.347,0.94445,0.9446,17.30,14.00
2010.05.04 13:12:17.637,0.94445,0.9446,17.20,14.00
2010.05.04 13:12:18.148,0.94445,0.9446,19.60,14.00
2010.05.04 13:12:18.391,0.94445,0.94455,15.60,8.00
2010.05.04 13:12:18.643,0.9445,0.9446,9.60,8.00
2010.05.04 13:12:18.992,0.9445,0.9446,9.60,11.60
2010.05.04 13:12:19.337,0.9445,0.9446,5.60,11.60
2010.05.04 13:12:20.018,0.9445,0.9446,4.80,11.60
2010.05.04 13:12:20.702,0.94455,0.94465,5.50,8.00
2010.05.04 13:12:21.543,0.94455,0.94465,3.90,10.40
2010.05.04 13:12:21.858,0.94455,0.94465,4.80,8.00
2010.05.04 13:12:22.540,0.94455,0.9446,1.60,4.00
2010.05.04 13:12:23.309,0.94455,0.94465,1.60,19.70
2010.05.04 13:12:23.646,0.94455,0.94465,1.60,21.30
2010.05.04 13:12:23.802,0.9445,0.9446,12.40,4.00
2010.05.04 13:12:24.367,0.94455,0.9446,1.60,1.60
2010.05.04 13:12:24.718,0.9445,0.9446,3.60,11.40
2010.05.04 13:12:25.063,0.9445,0.9446,8.00,4.80
2010.05.04 13:12:25.633,0.9445,0.94465,15.20,19.00
2010.05.04 13:12:25.969,0.9445,0.9446,11.20,4.00
2010.05.04 13:12:26.309,0.94455,0.9446,3.20,4.00
2010.05.04 13:12:27.329,0.94455,0.94465,3.20,15.80
2010.05.04 13:12:29.577,0.94455,0.94465,7.20,9.80
2010.05.04 13:12:29.838,0.94455,0.94465,16.00,1.60
2010.05.04 13:12:31.221,0.94455,0.94465,8.00,8.00
2010.05.04 13:12:31.528,0.94455,0.94465,1.60,15.20
2010.05.04 13:12:32.130,0.94455,0.94465,3.20,13.60
2010.05.04 13:12:32.532,0.94455,0.9446,3.20,4.00
2010.05.04 13:12:32.889,0.94455,0.94465,3.20,15.20
2010.05.04 13:12:33.233,0.94455,0.94465,5.60,12.80
2010.05.04 13:12:33.725,0.94455,0.94465,11.20,5.60
2010.05.04 13:12:34.073,0.94455,0.94465,3.20,15.20
2010.05.04 13:12:37.556,0.94455,0.94465,3.20,15.60
2010.05.04 13:12:37.832,0.9445,0.9446,10.80,1.60
2010.05.04 13:12:38.102,0.9445,0.9446,11.20,5.60
2010.05.04 13:12:38.658,0.94455,0.9446,1.60,4.00
2010.05.04 13:12:39.681,0.9445,0.9446,10.40,5.60
2010.05.04 13:12:40.030,0.94455,0.9446,1.60,4.00
2010.05.04 13:12:41.252,0.9446,0.94465,9.60,1.00
2010.05.04 13:12:41.601,0.9447,0.94475,3.20,7.30
2010.05.04 13:12:42.011,0.9448,0.94485,1.00,12.00
2010.05.04 13:12:42.574,0.94475,0.94485,14.40,2.80
2010.05.04 13:12:42.923,0.94475,0.94485,8.00,7.60
2010.05.04 13:12:43.271,0.9447,0.9448,4.00,10.40
2010.05.04 13:12:43.626,0.94465,0.9448,14.40,16.40
2010.05.04 13:12:43.972,0.94465,0.94475,14.40,3.20
2010.05.04 13:12:46.590,0.94465,0.94475,12.80,3.20
2010.05.04 13:12:47.124,0.94465,0.94475,14.40,3.20
2010.05.04 13:12:47.272,0.94465,0.94475,16.80,3.20
2010.05.04 13:12:47.650,0.94465,0.9448,14.40,17.20
2010.05.04 13:12:48.005,0.9447,0.9448,1.00,14.40
2010.05.04 13:12:48.353,0.9447,0.9448,4.80,13.60
2010.05.04 13:12:48.705,0.94475,0.9448,1.60,1.60
2010.05.04 13:12:49.054,0.94475,0.94485,9.60,7.60
2010.05.04 13:12:49.397,0.94475,0.94485,9.60,7.20
2010.05.04 13:12:49.740,0.94475,0.94485,9.60,8.80
2010.05.04 13:12:50.095,0.9448,0.94485,3.20,1.60
2010.05.04 13:12:50.439,0.9448,0.94485,7.20,1.60
2010.05.04 13:12:51.117,0.9448,0.9449,8.80,7.20
2010.05.04 13:12:51.457,0.9448,0.9449,7.20,7.20
2010.05.04 13:12:51.977,0.9448,0.9449,4.80,8.00
2010.05.04 13:12:52.321,0.9448,0.9449,5.60,8.00
2010.05.04 13:12:54.960,0.9448,0.9449,7.20,8.00
2010.05.04 13:12:55.298,0.9448,0.9449,8.80,7.20
2010.05.04 13:12:57.558,0.9448,0.94485,4.80,9.70
2010.05.04 13:12:57.775,0.94455,0.9447,15.20,11.20
2010.05.04 13:12:57.994,0.94455,0.9447,3.20,11.20
2010.05.04 13:12:58.210,0.94455,0.9447,1.60,11.20
2010.05.04 13:12:58.759,0.9445,0.94465,21.20,4.00
2010.05.04 13:12:59.105,0.94455,0.94465,7.20,7.20
2010.05.04 13:12:59.449,0.9445,0.94465,15.60,18.40
2010.05.04 13:12:59.789,0.9445,0.94465,10.40,20.80
2010.05.04 13:13:00.132,0.94455,0.94465,1.60,14.40
2010.05.04 13:13:00.694,0.94455,0.94465,1.60,16.00
2010.05.04 13:13:01.042,0.94445,0.9445,31.10,1.00
2010.05.04 13:13:01.392,0.9445,0.94455,1.60,6.40
2010.05.04 13:13:01.940,0.94445,0.94455,8.40,6.40
2010.05.04 13:13:02.293,0.94445,0.94455,8.00,6.40
2010.05.04 13:13:02.521,0.94445,0.94455,12.00,2.40
2010.05.04 13:13:02.752,0.9445,0.94455,1.00,1.60
2010.05.04 13:13:03.227,0.9445,0.94465,2.40,22.00
2010.05.04 13:13:03.455,0.9445,0.9446,8.00,12.00
2010.05.04 13:13:03.803,0.9445,0.9446,8.00,8.00
2010.05.04 13:13:04.490,0.94455,0.9446,1.60,8.00
2010.05.04 13:13:04.843,0.94445,0.94455,8.40,10.30
2010.05.04 13:13:05.581,0.94445,0.94455,4.00,10.10
2010.05.04 13:13:05.845,0.9445,0.94465,1.90,25.50
2010.05.04 13:13:06.110,0.94455,0.94465,1.00,15.10
2010.05.04 13:13:06.583,0.94455,0.94465,1.00,11.50
2010.05.04 13:13:06.838,0.94455,0.9446,1.00,1.00
2010.05.04 13:13:07.141,0.9445,0.94455,10.40,1.00
2010.05.04 13:13:07.449,0.94445,0.94455,5.60,12.00
2010.05.04 13:13:11.121,0.9445,0.94455,1.00,11.20
2010.05.04 13:13:11.462,0.94445,0.94455,5.60,12.00
2010.05.04 13:13:11.799,0.94445,0.94455,6.40,12.00
2010.05.04 13:13:12.706,0.9445,0.94465,2.40,42.80
2010.05.04 13:13:13.608,0.9445,0.9446,1.00,14.00
2010.05.04 13:13:13.953,0.9445,0.94455,1.00,8.00
2010.05.04 13:13:14.454,0.94455,0.9446,4.00,13.60
2010.05.04 13:13:14.804,0.94445,0.94455,14.00,1.00
2010.05.04 13:13:15.148,0.9445,0.94455,4.00,1.00
2010.05.04 13:13:16.168,0.9445,0.94455,8.00,1.00
2010.05.04 13:13:16.510,0.9445,0.9446,10.40,4.00
2010.05.04 13:13:16.769,0.9445,0.9446,13.60,1.00
2010.05.04 13:13:17.243,0.94455,0.94465,1.00,10.00
2010.05.04 13:13:17.507,0.94455,0.94465,12.00,4.00
2010.05.04 13:13:17.750,0.9446,0.94465,4.00,4.10
2010.05.04 13:13:17.982,0.9445,0.94455,14.00,1.60
2010.05.04 13:13:18.226,0.94445,0.9445,34.60,1.00
2010.05.04 13:13:18.467,0.9445,0.94455,4.00,2.40
2010.05.04 13:13:18.703,0.9445,0.94455,4.80,1.60
2010.05.04 13:13:19.053,0.9445,0.9446,10.70,1.00
2010.05.04 13:13:19.399,0.94455,0.94465,2.40,8.00
2010.05.04 13:13:19.738,0.94455,0.94465,4.00,8.00
2010.05.04 13:13:20.078,0.94455,0.9446,3.20,1.00
2010.05.04 13:13:20.759,0.9445,0.9446,9.60,2.40
2010.05.04 13:13:21.297,0.9445,0.9446,9.60,6.40
2010.05.04 13:13:21.979,0.9445,0.94455,1.60,4.80
2010.05.04 13:13:22.170,0.94445,0.94455,14.40,1.00
2010.05.04 13:13:22.361,0.94445,0.94455,12.40,4.80
2010.05.04 13:13:22.793,0.94445,0.94455,6.00,10.40
2010.05.04 13:13:23.358,0.94445,0.94455,5.60,10.40
2010.05.04 13:13:27.463,0.94445,0.94455,13.60,2.40
2010.05.04 13:13:27.812,0.94445,0.94455,5.60,10.40
2010.05.04 13:13:29.178,0.94445,0.94455,13.60,2.40
2010.05.04 13:13:29.823,0.9444,0.94445,10.00,4.00
2010.05.04 13:13:30.139,0.94435,0.9444,4.00,5.60
2010.05.04 13:13:30.716,0.94435,0.9444,1.60,5.60
2010.05.04 13:13:31.010,0.9444,0.94445,1.00,4.40
2010.05.04 13:13:31.302,0.94445,0.9445,1.00,5.60
2010.05.04 13:13:31.477,0.94445,0.94455,4.00,12.00
2010.05.04 13:13:32.397,0.94445,0.9445,1.60,1.00
2010.05.04 13:13:32.581,0.9444,0.9445,8.80,6.40
2010.05.04 13:13:32.772,0.9444,0.9445,6.40,6.40
2010.05.04 13:13:32.958,0.9444,0.9445,6.40,2.40
2010.05.04 13:13:33.361,0.94445,0.9445,4.00,1.00
2010.05.04 13:13:33.714,0.94445,0.9445,3.20,1.00
2010.05.04 13:13:34.063,0.9444,0.9445,10.80,8.80
2010.05.04 13:13:34.411,0.9444,0.9445,8.00,6.40
2010.05.04 13:13:34.758,0.9444,0.9445,4.00,10.40
2010.05.04 13:13:35.115,0.9444,0.9445,2.40,10.40
2010.05.04 13:13:35.466,0.9444,0.94445,1.60,18.00
2010.05.04 13:13:35.669,0.94435,0.9444,3.20,1.00
2010.05.04 13:13:36.069,0.94435,0.94445,4.10,17.60
2010.05.04 13:13:36.270,0.94435,0.94445,15.50,4.00
2010.05.04 13:13:36.468,0.94435,0.94445,14.70,1.00
2010.05.04 13:13:37.143,0.94435,0.94445,13.60,1.00
2010.05.04 13:13:38.899,0.9444,0.9445,1.00,16.40
2010.05.04 13:13:39.189,0.9444,0.9445,1.00,16.00
2010.05.04 13:13:39.480,0.9444,0.9445,4.80,12.00
2010.05.04 13:13:39.768,0.9444,0.9445,1.00,16.00
2010.05.04 13:13:40.787,0.9444,0.9445,4.80,8.00
2010.05.04 13:13:41.130,0.9444,0.9445,4.80,12.00
2010.05.04 13:13:42.246,0.9444,0.9445,4.80,16.00
2010.05.04 13:13:42.527,0.9444,0.9445,1.00,16.00
2010.05.04 13:13:43.153,0.94435,0.94445,17.20,6.40
2010.05.04 13:13:43.504,0.94435,0.94445,12.00,1.00
2010.05.04 13:13:43.966,0.9444,0.9445,1.00,16.40
2010.05.04 13:13:44.316,0.9444,0.9445,1.00,16.00
2010.05.04 13:13:44.662,0.94435,0.9444,15.60,1.00
2010.05.04 13:13:45.238,0.94435,0.9444,14.40,1.00
2010.05.04 13:13:45.589,0.94435,0.9444,3.20,1.00
2010.05.04 13:13:47.041,0.94435,0.9444,1.60,1.00
2010.05.04 13:13:47.347,0.94435,0.9444,3.20,1.00
2010.05.04 13:13:48.498,0.94435,0.9444,3.20,5.60
2010.05.04 13:13:48.843,0.9442,0.9443,2.40,16.40
2010.05.04 13:13:49.189,0.9442,0.9443,6.40,4.80
2010.05.04 13:13:49.733,0.9442,0.9443,8.00,8.00
2010.05.04 13:13:50.085,0.94425,0.9443,1.60,5.60
2010.05.04 13:13:50.440,0.94425,0.9443,3.20,1.60
2010.05.04 13:13:50.998,0.94425,0.94435,7.50,9.60
2010.05.04 13:13:51.342,0.9443,0.94435,1.60,8.00
2010.05.04 13:13:51.693,0.9443,0.9444,4.80,11.20
2010.05.04 13:13:51.889,0.9443,0.9444,6.40,9.60
2010.05.04 13:13:52.185,0.9443,0.9444,10.40,4.00
2010.05.04 13:13:55.456,0.9443,0.9444,11.50,4.00
2010.05.04 13:13:55.657,0.94435,0.9444,1.60,4.00
2010.05.04 13:13:56.372,0.9443,0.94445,19.10,15.60
2010.05.04 13:13:56.693,0.94435,0.94445,1.60,19.60
2010.05.04 13:13:58.308,0.9444,0.94445,1.00,15.60
2010.05.04 13:13:58.827,0.94435,0.9445,15.50,18.80
2010.05.04 13:13:59.849,0.94435,0.9445,15.50,18.00
2010.05.04 13:14:00.514,0.9444,0.9445,1.60,15.60
2010.05.04 13:14:00.834,0.9444,0.9445,1.00,16.00
2010.05.04 13:14:01.358,0.9444,0.9445,4.80,9.60
2010.05.04 13:14:01.667,0.9444,0.94445,1.60,18.00
2010.05.04 13:14:01.972,0.94435,0.94445,4.80,14.00
2010.05.04 13:14:02.514,0.94435,0.94445,4.80,10.00
2010.05.04 13:14:02.855,0.94435,0.94445,3.20,15.60
2010.05.04 13:14:03.201,0.94435,0.94445,4.80,11.20
2010.05.04 13:14:04.228,0.94435,0.94445,14.40,3.20
2010.05.04 13:14:04.569,0.94435,0.94445,4.80,11.20
2010.05.04 13:14:04.911,0.94435,0.94445,8.40,11.20
2010.05.04 13:14:05.260,0.94435,0.94445,6.40,11.20
2010.05.04 13:14:05.601,0.94435,0.94445,10.40,7.20
2010.05.04 13:14:05.950,0.94435,0.94445,14.40,3.20
2010.05.04 13:14:06.469,0.94435,0.94445,18.40,3.20
2010.05.04 13:14:06.815,0.94435,0.94445,6.40,11.20
2010.05.04 13:14:08.237,0.94435,0.94445,1.60,18.00
2010.05.04 13:14:08.490,0.94435,0.94445,4.80,13.60
2010.05.04 13:14:08.737,0.94435,0.94445,4.80,11.20
2010.05.04 13:14:09.829,0.94435,0.94445,3.20,11.20
2010.05.04 13:14:10.167,0.94435,0.94445,4.80,11.20
2010.05.04 13:14:10.511,0.9444,0.94445,3.20,1.60
2010.05.04 13:14:10.861,0.9444,0.9445,6.40,11.20
2010.05.04 13:14:11.208,0.9444,0.9445,10.40,7.20
2010.05.04 13:14:13.012,0.9444,0.9445,10.40,4.00
2010.05.04 13:14:13.344,0.9444,0.9445,12.00,4.00
2010.05.04 13:14:13.675,0.9444,0.94445,9.60,1.00
2010.05.04 13:14:14.023,0.9444,0.9445,1.00,12.00
2010.05.04 13:14:14.713,0.9444,0.9445,2.40,12.00
2010.05.04 13:14:15.192,0.9444,0.9445,1.00,12.00
2010.05.04 13:14:15.545,0.9444,0.94445,1.60,1.60
2010.05.04 13:14:17.096,0.94435,0.94445,15.20,1.60
2010.05.04 13:14:17.499,0.94435,0.94445,6.40,9.60
2010.05.04 13:14:18.585,0.94435,0.94445,6.40,14.00
2010.05.04 13:14:18.887,0.94435,0.94445,6.40,11.20
2010.05.04 13:14:19.991,0.94435,0.94445,4.80,11.20
2010.05.04 13:14:20.912,0.94435,0.94445,3.20,11.20
2010.05.04 13:14:21.266,0.94435,0.94445,6.40,11.20
2010.05.04 13:14:21.917,0.94435,0.94445,10.40,11.20
2010.05.04 13:14:22.241,0.9444,0.94445,1.00,1.60
2010.05.04 13:14:22.561,0.9444,0.9445,1.00,12.00
2010.05.04 13:14:24.489,0.9444,0.9445,11.50,5.60
2010.05.04 13:14:24.830,0.9444,0.9445,6.40,12.00
2010.05.04 13:14:25.169,0.9444,0.9445,10.40,5.60
2010.05.04 13:14:26.282,0.9444,0.9445,12.00,5.60
2010.05.04 13:14:26.905,0.9444,0.9445,10.40,5.60
2010.05.04 13:14:27.418,0.9444,0.9445,12.00,5.60
2010.05.04 13:14:28.596,0.9444,0.9445,10.40,5.60
2010.05.04 13:14:29.428,0.9444,0.9445,12.00,5.60
2010.05.04 13:14:31.431,0.94445,0.9445,1.60,4.00
2010.05.04 13:14:31.783,0.94445,0.94455,3.20,12.20
2010.05.04 13:14:32.130,0.94445,0.94455,4.80,12.20
2010.05.04 13:14:33.010,0.94445,0.94455,4.80,11.80
2010.05.04 13:14:33.359,0.94445,0.94455,4.80,11.90
2010.05.04 13:14:33.698,0.94445,0.9445,3.20,8.00
2010.05.04 13:14:34.039,0.94445,0.9445,3.20,4.00
2010.05.04 13:14:34.378,0.94445,0.94455,4.80,11.80
2010.05.04 13:14:34.849,0.94445,0.94455,1.60,15.20
2010.05.04 13:14:35.189,0.9444,0.9445,12.80,8.00
2010.05.04 13:14:35.527,0.9444,0.9445,12.80,4.00
2010.05.04 13:14:37.601,0.94445,0.9445,1.60,4.00
2010.05.04 13:14:37.901,0.94445,0.94455,3.20,20.80
2010.05.04 13:14:38.438,0.94445,0.94455,4.80,14.00
2010.05.04 13:14:38.735,0.94445,0.94455,4.80,11.20
2010.05.04 13:14:39.078,0.94445,0.94455,3.20,13.60
2010.05.04 13:14:39.871,0.94445,0.94455,4.80,11.20
2010.05.04 13:14:40.218,0.94445,0.94455,6.40,11.20
2010.05.04 13:14:40.559,0.94445,0.94455,7.20,11.20
2010.05.04 13:14:41.237,0.94445,0.94455,7.20,8.00
2010.05.04 13:14:42.397,0.94445,0.94455,6.40,8.10
2010.05.04 13:14:42.640,0.94445,0.9445,4.80,4.00
2010.05.04 13:14:42.887,0.94445,0.94455,6.40,8.00
2010.05.04 13:14:43.967,0.94445,0.94455,7.20,8.00
2010.05.04 13:14:44.547,0.94445,0.94455,6.40,8.00
2010.05.04 13:14:45.518,0.94445,0.94455,4.80,8.00
2010.05.04 13:14:48.396,0.94445,0.9446,12.80,23.30
2010.05.04 13:14:49.032,0.9445,0.9446,1.60,19.20
2010.05.04 13:14:49.380,0.94455,0.9446,1.60,8.80
2010.05.04 13:14:49.951,0.94455,0.94465,6.40,11.60
2010.05.04 13:14:50.282,0.94455,0.94465,4.80,11.60
2010.05.04 13:14:50.608,0.94455,0.94465,6.40,11.60
2010.05.04 13:14:51.163,0.94455,0.94465,4.80,11.60
2010.05.04 13:14:51.512,0.9445,0.9446,10.00,4.80
2010.05.04 13:14:53.296,0.9445,0.9446,4.40,8.80
2010.05.04 13:14:53.540,0.9445,0.9446,2.80,12.00
2010.05.04 13:14:53.796,0.9445,0.94455,4.00,1.00
2010.05.04 13:14:54.140,0.94445,0.94455,13.20,1.00
2010.05.04 13:14:55.175,0.94445,0.94455,14.80,1.00
2010.05.04 13:14:57.978,0.94445,0.94455,17.20,1.00
2010.05.04 13:14:58.549,0.94445,0.94455,14.80,1.00
2010.05.04 13:14:58.740,0.94445,0.94455,6.00,8.80
2010.05.04 13:14:58.935,0.94445,0.94455,6.70,8.80
2010.05.04 13:15:00.577,0.94445,0.94455,7.50,8.00
2010.05.04 13:15:00.786,0.94445,0.94455,6.90,11.60
2010.05.04 13:15:01.532,0.94445,0.94455,7.70,7.60
2010.05.04 13:15:02.395,0.94445,0.94455,3.70,11.60
2010.05.04 13:15:05.379,0.94445,0.94455,3.70,11.20
2010.05.04 13:15:05.647,0.94445,0.94455,6.90,8.00
2010.05.04 13:15:05.908,0.94445,0.94455,10.90,4.00
2010.05.04 13:15:06.170,0.94445,0.94455,14.10,2.40
2010.05.04 13:15:06.439,0.94445,0.94455,14.10,1.00
2010.05.04 13:15:06.781,0.9445,0.9446,1.00,13.20
2010.05.04 13:15:07.506,0.9445,0.9446,1.60,12.40
2010.05.04 13:15:07.816,0.9445,0.9446,2.40,13.20
2010.05.04 13:15:10.077,0.9445,0.9446,12.00,6.00
2010.05.04 13:15:10.263,0.94455,0.94465,2.40,12.40
2010.05.04 13:15:10.449,0.94455,0.94465,9.60,5.20
2010.05.04 13:15:10.628,0.94455,0.94465,8.00,8.80
2010.05.04 13:15:11.033,0.94455,0.94465,9.60,4.80
2010.05.04 13:15:11.380,0.94455,0.94465,13.60,4.00
2010.05.04 13:15:11.729,0.94455,0.94465,9.60,8.00
2010.05.04 13:15:12.230,0.94455,0.94465,13.60,8.00
2010.05.04 13:15:12.480,0.94455,0.94465,9.60,8.00
2010.05.04 13:15:12.966,0.94455,0.94465,9.60,9.50
2010.05.04 13:15:13.257,0.9446,0.94465,1.00,8.70
2010.05.04 13:15:13.558,0.9446,0.94465,1.00,4.00
2010.05.04 13:15:13.854,0.9446,0.9447,1.00,14.50
2010.05.04 13:15:14.199,0.9446,0.9447,1.00,12.10
2010.05.04 13:15:15.082,0.94455,0.94465,14.00,1.00
2010.05.04 13:15:15.392,0.94455,0.94465,13.60,1.00
2010.05.04 13:15:15.702,0.94455,0.94465,13.60,2.40
2010.05.04 13:15:16.230,0.94455,0.94465,9.60,2.40
2010.05.04 13:15:16.579,0.94455,0.94465,8.00,8.00
2010.05.04 13:15:17.823,0.94455,0.94465,6.40,8.00
2010.05.04 13:15:19.089,0.94455,0.94465,6.40,8.10
2010.05.04 13:15:19.430,0.94455,0.9446,5.60,1.00
2010.05.04 13:15:19.780,0.94455,0.9446,1.60,1.00
2010.05.04 13:15:21.688,0.94455,0.94465,6.40,10.80
2010.05.04 13:15:21.988,0.94455,0.94465,16.00,2.40
2010.05.04 13:15:22.768,0.94455,0.94465,13.60,2.40
2010.05.04 13:15:23.775,0.94455,0.94465,13.60,2.50
2010.05.04 13:15:24.118,0.94455,0.94465,16.00,2.40
2010.05.04 13:15:24.459,0.9446,0.94465,1.00,1.60
2010.05.04 13:15:26.527,0.94455,0.94465,14.40,1.60
2010.05.04 13:15:28.159,0.94455,0.94465,10.40,5.60
2010.05.04 13:15:28.498,0.94455,0.94465,14.40,1.60
2010.05.04 13:15:29.178,0.94455,0.94465,14.40,3.30
2010.05.04 13:15:29.520,0.9445,0.9446,10.00,4.00
2010.05.04 13:15:29.870,0.94445,0.9445,5.50,9.60
2010.05.04 13:15:30.379,0.94445,0.9445,1.00,9.60
2010.05.04 13:15:30.719,0.94435,0.94445,10.80,4.00
2010.05.04 13:15:31.059,0.94435,0.94445,13.60,4.00
2010.05.04 13:15:31.397,0.94435,0.94445,9.60,8.00
2010.05.04 13:15:31.740,0.94435,0.94445,1.00,14.40
2010.05.04 13:15:32.018,0.94435,0.94445,1.00,12.00
2010.05.04 13:15:33.986,0.9443,0.9444,21.10,1.00
2010.05.04 13:15:34.209,0.9443,0.9444,8.80,4.00
2010.05.04 13:15:34.644,0.9443,0.9444,4.80,4.00
2010.05.04 13:15:34.943,0.9443,0.9444,4.80,9.60
2010.05.04 13:15:35.863,0.9443,0.9444,8.00,8.00
2010.05.04 13:15:36.214,0.9443,0.9444,8.00,6.40
2010.05.04 13:15:38.040,0.9443,0.9444,9.60,6.40
2010.05.04 13:15:38.166,0.9443,0.9444,8.00,6.40
2010.05.04 13:15:38.415,0.9443,0.9444,4.00,10.40
2010.05.04 13:15:38.545,0.9443,0.9444,8.00,6.40
2010.05.04 13:15:39.402,0.9443,0.9444,6.40,8.00
2010.05.04 13:15:39.750,0.9443,0.9444,4.80,8.10
2010.05.04 13:15:40.100,0.9443,0.94435,4.80,1.00
2010.05.04 13:15:40.607,0.94425,0.9443,4.40,1.00
2010.05.04 13:15:40.892,0.9442,0.9443,10.70,4.80
2010.05.04 13:15:41.178,0.9442,0.9443,8.30,4.80
2010.05.04 13:15:41.479,0.9442,0.9443,10.70,4.80
2010.05.04 13:15:42.367,0.9442,0.9443,10.00,4.80
2010.05.04 13:15:42.697,0.9442,0.9443,9.50,8.00
2010.05.04 13:15:43.028,0.9442,0.9443,10.70,6.40
2010.05.04 13:15:43.447,0.9442,0.9443,12.30,4.80
2010.05.04 13:15:43.966,0.9442,0.9443,11.60,4.80
2010.05.04 13:15:45.405,0.9442,0.9443,12.30,4.80
2010.05.04 13:15:46.645,0.9442,0.9443,16.30,4.80
2010.05.04 13:15:47.116,0.9442,0.9443,12.30,4.80
2010.05.04 13:15:48.259,0.94425,0.9443,1.60,4.80
2010.05.04 13:15:48.532,0.94435,0.9444,1.00,12.00
2010.05.04 13:15:48.801,0.9444,0.94445,1.00,11.20
2010.05.04 13:15:49.271,0.9444,0.9445,1.00,12.00
2010.05.04 13:15:49.623,0.9444,0.9445,2.40,13.60
2010.05.04 13:15:49.917,0.9444,0.9445,2.40,16.00
2010.05.04 13:15:50.502,0.9444,0.94445,1.60,1.00
2010.05.04 13:15:51.000,0.94435,0.9444,12.00,1.00
2010.05.04 13:15:51.354,0.9443,0.9444,13.10,1.00
2010.05.04 13:15:51.705,0.9443,0.9444,11.20,4.80
2010.05.04 13:15:52.274,0.9443,0.9444,2.40,12.00
2010.05.04 13:15:52.587,0.9443,0.9444,4.00,8.00
2010.05.04 13:15:52.891,0.9443,0.9444,6.40,8.00
2010.05.04 13:15:53.240,0.9443,0.9444,2.40,12.00
2010.05.04 13:15:53.589,0.94425,0.94435,9.90,9.20
2010.05.04 13:15:53.929,0.94425,0.94435,13.90,1.00
2010.05.04 13:15:54.471,0.94425,0.94435,14.70,1.00
2010.05.04 13:15:54.822,0.94415,0.9442,51.30,1.00
2010.05.04 13:15:55.170,0.9442,0.94425,1.00,13.60
2010.05.04 13:15:55.519,0.94415,0.94425,2.40,14.40
2010.05.04 13:15:55.860,0.9442,0.9443,2.40,16.40
2010.05.04 13:15:56.211,0.9442,0.9443,21.60,1.00
2010.05.04 13:15:56.417,0.9442,0.9443,13.60,1.00
2010.05.04 13:15:56.626,0.9442,0.9443,13.60,4.80
2010.05.04 13:15:56.838,0.9442,0.9443,17.10,1.00
2010.05.04 13:15:57.046,0.9442,0.9443,21.10,1.00
2010.05.04 13:15:58.169,0.9442,0.9443,20.00,1.00
2010.05.04 13:15:58.400,0.9442,0.9443,10.40,4.00
2010.05.04 13:15:58.739,0.9442,0.94425,1.60,1.00
2010.05.04 13:15:59.922,0.94415,0.9442,15.20,1.00
2010.05.04 13:16:00.275,0.9441,0.9442,23.10,1.00
2010.05.04 13:16:00.619,0.9441,0.9442,16.00,1.00
2010.05.04 13:16:01.639,0.9441,0.9442,9.60,1.00
2010.05.04 13:16:02.238,0.94415,0.94425,1.00,17.60
2010.05.04 13:16:02.438,0.94415,0.94425,4.80,10.40
2010.05.04 13:16:02.865,0.94415,0.94425,4.80,8.00
2010.05.04 13:16:03.214,0.94415,0.94425,9.60,8.00
2010.05.04 13:16:05.959,0.94415,0.94425,9.60,4.80
2010.05.04 13:16:06.319,0.9442,0.94425,1.00,4.00
2010.05.04 13:16:06.549,0.9442,0.9443,5.60,12.00
2010.05.04 13:16:06.770,0.9442,0.9443,10.00,8.00
2010.05.04 13:16:07.507,0.9442,0.9443,8.00,8.00
2010.05.04 13:16:08.191,0.9442,0.9443,12.00,4.00
2010.05.04 13:16:08.409,0.9442,0.9443,10.40,4.00
2010.05.04 13:16:08.954,0.9442,0.9443,12.20,4.00
2010.05.04 13:16:09.507,0.9442,0.9443,12.00,4.00
2010.05.04 13:16:09.849,0.9442,0.9443,10.40,4.10
2010.05.04 13:16:10.192,0.9442,0.9443,7.50,5.60
2010.05.04 13:16:10.850,0.9442,0.9443,12.00,2.40
2010.05.04 13:16:11.028,0.9442,0.9443,14.70,2.40
2010.05.04 13:16:11.955,0.9442,0.9443,13.60,2.40
2010.05.04 13:16:12.408,0.9442,0.9443,12.00,2.40
2010.05.04 13:16:12.620,0.94425,0.9443,1.00,3.20
2010.05.04 13:16:12.831,0.9443,0.94435,1.00,4.00
2010.05.04 13:16:13.038,0.9443,0.94435,1.00,1.60
2010.05.04 13:16:14.645,0.9443,0.94435,4.80,1.60
2010.05.04 13:16:14.817,0.9444,0.94445,1.00,22.80
2010.05.04 13:16:14.987,0.94445,0.9445,1.00,3.20
2010.05.04 13:16:15.156,0.94445,0.94455,8.80,4.00
2010.05.04 13:16:15.328,0.9445,0.94455,4.80,1.60
2010.05.04 13:16:15.566,0.9445,0.94455,1.00,1.60
2010.05.04 13:16:15.909,0.9445,0.9446,8.80,2.40
2010.05.04 13:16:17.125,0.9445,0.9446,10.40,2.40
2010.05.04 13:16:17.747,0.9445,0.94455,9.60,8.80
2010.05.04 13:16:17.878,0.94435,0.9444,44.40,1.00
2010.05.04 13:16:17.999,0.9444,0.94445,4.40,11.30
2010.05.04 13:16:18.122,0.94435,0.9444,4.00,2.40
2010.05.04 13:16:18.404,0.9443,0.94435,8.00,1.00
2010.05.04 13:16:18.528,0.9443,0.94435,4.00,1.00
2010.05.04 13:16:18.768,0.9443,0.94435,4.00,2.40
2010.05.04 13:16:20.089,0.9443,0.94435,4.80,1.60
2010.05.04 13:16:20.389,0.9443,0.9444,8.80,4.40
2010.05.04 13:16:20.896,0.94435,0.9444,1.00,1.60
2010.05.04 13:16:21.113,0.94435,0.94445,4.80,9.60
2010.05.04 13:16:21.330,0.94435,0.94445,12.00,4.00
2010.05.04 13:16:21.546,0.94435,0.94445,8.00,8.00
2010.05.04 13:16:21.970,0.94435,0.94445,12.00,4.00
2010.05.04 13:16:22.321,0.94435,0.94445,12.00,5.60
2010.05.04 13:16:22.661,0.94435,0.94445,12.00,4.00
2010.05.04 13:16:24.140,0.94435,0.94445,16.00,4.00
2010.05.04 13:16:24.743,0.9444,0.94445,4.00,2.40
2010.05.04 13:16:25.094,0.9444,0.9445,8.00,4.00
2010.05.04 13:16:25.663,0.9444,0.9445,12.00,4.00
2010.05.04 13:16:27.656,0.9444,0.9445,10.40,4.00
2010.05.04 13:16:28.056,0.9444,0.9445,10.40,4.60
2010.05.04 13:16:28.653,0.9444,0.9445,16.00,4.40
2010.05.04 13:16:29.560,0.9444,0.9445,13.60,4.40
2010.05.04 13:16:29.915,0.9444,0.9445,10.40,4.40
2010.05.04 13:16:30.257,0.9444,0.9445,12.00,4.40
2010.05.04 13:16:31.277,0.9444,0.9445,12.00,4.00
2010.05.04 13:16:31.617,0.94445,0.9445,1.60,4.00
2010.05.04 13:16:31.808,0.9444,0.9445,13.60,4.00
2010.05.04 13:16:34.585,0.94445,0.9445,1.60,4.00
2010.05.04 13:16:34.935,0.9444,0.9445,13.60,4.00
2010.05.04 13:16:35.285,0.9444,0.9445,16.00,1.00
2010.05.04 13:16:35.628,0.9444,0.9445,13.60,1.00
2010.05.04 13:16:36.899,0.9444,0.9445,12.00,4.00
2010.05.04 13:16:37.218,0.9444,0.9445,6.40,8.00
2010.05.04 13:16:37.621,0.9444,0.9445,2.40,16.00
2010.05.04 13:16:38.684,0.9444,0.9445,1.00,16.00
2010.05.04 13:16:39.367,0.9444,0.9445,1.00,16.80
2010.05.04 13:16:40.391,0.9444,0.9445,8.00,12.00
2010.05.04 13:16:40.607,0.9444,0.9445,2.40,16.00
2010.05.04 13:16:41.044,0.9444,0.9445,6.40,8.00
2010.05.04 13:16:41.481,0.9444,0.9445,6.40,16.00
2010.05.04 13:16:42.168,0.9444,0.9445,4.00,16.00
2010.05.04 13:16:42.921,0.9444,0.9445,8.00,8.00
2010.05.04 13:16:43.327,0.9444,0.9445,8.00,12.00
2010.05.04 13:16:43.530,0.9444,0.9445,4.00,16.00
2010.05.04 13:16:43.875,0.9444,0.9445,4.00,8.00
2010.05.04 13:16:44.291,0.9444,0.94445,7.20,1.00
2010.05.04 13:16:44.628,0.9444,0.9445,8.00,8.00
2010.05.04 13:16:45.906,0.9444,0.9445,6.40,8.00
2010.05.04 13:16:47.528,0.9444,0.9445,8.00,8.00
2010.05.04 13:16:50.896,0.9444,0.9445,12.00,4.00
2010.05.04 13:16:52.828,0.9444,0.9445,12.00,4.80
2010.05.04 13:16:54.776,0.9444,0.9445,12.00,4.00
2010.05.04 13:17:00.367,0.9444,0.9445,13.60,4.00
2010.05.04 13:17:01.718,0.94445,0.9445,1.60,4.00
2010.05.04 13:17:02.011,0.94445,0.9445,8.80,3.20
2010.05.04 13:17:02.304,0.9444,0.9445,13.60,4.00
2010.05.04 13:17:02.589,0.94445,0.9445,1.00,1.60
2010.05.04 13:17:02.880,0.94445,0.94455,1.00,12.80
2010.05.04 13:17:03.392,0.9445,0.94455,1.00,1.60
2010.05.04 13:17:03.693,0.9445,0.94455,4.80,1.60
2010.05.04 13:17:04.328,0.9445,0.94455,1.00,1.60
2010.05.04 13:17:05.012,0.9445,0.94455,8.80,1.60
2010.05.04 13:17:05.362,0.9445,0.9446,4.80,13.60
2010.05.04 13:17:05.709,0.9445,0.94455,4.80,1.60
2010.05.04 13:17:06.601,0.94445,0.94455,12.00,1.00
2010.05.04 13:17:07.953,0.94445,0.94455,12.00,2.40
2010.05.04 13:17:08.676,0.94445,0.94455,12.00,1.00
2010.05.04 13:17:08.926,0.94445,0.94455,13.60,1.00
2010.05.04 13:17:09.528,0.94445,0.94455,14.40,2.40
2010.05.04 13:17:10.207,0.94445,0.94455,16.00,1.00
2010.05.04 13:17:10.547,0.94445,0.94455,14.40,1.00
2010.05.04 13:17:10.903,0.94445,0.94455,16.00,1.00
2010.05.04 13:17:12.700,0.94445,0.94455,13.60,1.00
2010.05.04 13:17:13.402,0.94445,0.94455,16.00,2.40
2010.05.04 13:17:13.699,0.9445,0.94455,1.60,2.40
2010.05.04 13:17:14.002,0.94445,0.94455,13.60,2.40
2010.05.04 13:17:14.299,0.9445,0.94455,1.00,5.60
2010.05.04 13:17:14.643,0.9445,0.9446,4.40,6.40
2010.05.04 13:17:14.989,0.9445,0.9446,5.20,6.40
2010.05.04 13:17:16.229,0.9445,0.9446,5.20,12.00
2010.05.04 13:17:16.385,0.9445,0.9446,5.20,8.00
2010.05.04 13:17:16.705,0.9445,0.9446,5.20,12.00
2010.05.04 13:17:18.401,0.9445,0.9446,5.20,8.00
2010.05.04 13:17:18.622,0.9445,0.9446,11.60,4.00
2010.05.04 13:17:18.840,0.9445,0.9446,13.20,2.40
2010.05.04 13:17:19.061,0.9445,0.9446,15.60,1.00
2010.05.04 13:17:19.520,0.9445,0.9446,17.20,1.00
2010.05.04 13:17:19.859,0.9445,0.9446,6.80,1.00
2010.05.04 13:17:21.222,0.9445,0.94455,2.00,13.20
2010.05.04 13:17:21.569,0.9445,0.94455,1.60,8.80
2010.05.04 13:17:21.851,0.9445,0.94455,1.00,8.00
2010.05.04 13:17:22.141,0.9445,0.9446,1.00,12.00
2010.05.04 13:17:22.427,0.9445,0.9446,1.00,8.00
2010.05.04 13:17:22.706,0.9445,0.9446,1.00,12.00
2010.05.04 13:17:23.047,0.9445,0.9446,1.00,16.00
2010.05.04 13:17:23.388,0.9445,0.9446,1.00,12.00
2010.05.04 13:17:23.750,0.94445,0.94455,14.80,1.00
2010.05.04 13:17:24.043,0.9445,0.9446,1.00,16.40
2010.05.04 13:17:24.333,0.9445,0.94455,4.00,1.00
2010.05.04 13:17:24.620,0.9445,0.9446,1.00,16.00
2010.05.04 13:17:24.910,0.9445,0.94455,1.60,1.00
2010.05.04 13:17:25.258,0.94445,0.94455,17.20,1.00
2010.05.04 13:17:25.938,0.9445,0.9446,1.00,16.00
2010.05.04 13:17:26.311,0.9445,0.9446,4.40,14.40
2010.05.04 13:17:26.669,0.94455,0.94465,8.80,8.00
2010.05.04 13:17:27.014,0.9446,0.94465,4.00,5.60
2010.05.04 13:17:27.563,0.9446,0.94465,4.80,1.60
2010.05.04 13:17:27.915,0.94465,0.9447,4.00,4.00
2010.05.04 13:17:30.134,0.94465,0.9447,4.00,1.00
2010.05.04 13:17:30.480,0.94465,0.94475,4.80,5.20
2010.05.04 13:17:30.830,0.94475,0.9448,4.00,10.00
2010.05.04 13:17:31.178,0.9447,0.9448,17.20,8.00
2010.05.04 13:17:31.520,0.94475,0.9448,4.00,1.00
2010.05.04 13:17:32.640,0.9447,0.9448,12.00,4.00
2010.05.04 13:17:33.547,0.9447,0.94475,11.20,1.00
2010.05.04 13:17:33.882,0.9447,0.9448,12.00,4.00
2010.05.04 13:17:34.233,0.9447,0.94475,5.60,1.00
2010.05.04 13:17:34.576,0.9447,0.9448,4.80,4.00
2010.05.04 13:17:34.922,0.9447,0.9448,4.80,5.20
2010.05.04 13:17:35.269,0.9447,0.9448,4.80,4.80
2010.05.04 13:17:35.606,0.9447,0.94475,4.00,1.00
2010.05.04 13:17:36.793,0.94465,0.9447,13.60,1.00
2010.05.04 13:17:37.111,0.94465,0.9447,7.20,1.00
2010.05.04 13:17:37.279,0.94465,0.9447,3.20,8.80
2010.05.04 13:17:37.926,0.94465,0.9447,1.60,8.80
2010.05.04 13:17:38.205,0.94465,0.9447,2.40,8.00
2010.05.04 13:17:38.446,0.9447,0.94475,2.40,8.00
2010.05.04 13:17:38.683,0.94475,0.9448,8.80,2.60
2010.05.04 13:17:38.910,0.94475,0.94485,12.00,4.00
2010.05.04 13:17:39.353,0.9448,0.94485,8.80,1.60
2010.05.04 13:17:39.700,0.94475,0.94485,14.40,2.40
2010.05.04 13:17:40.047,0.94475,0.94485,8.00,6.40
2010.05.04 13:17:40.387,0.94475,0.94485,8.00,8.00
2010.05.04 13:17:40.628,0.94475,0.94485,12.00,4.00
2010.05.04 13:17:41.006,0.94475,0.94485,8.00,5.60
2010.05.04 13:17:41.254,0.94475,0.94485,8.00,8.00
2010.05.04 13:17:41.493,0.9448,0.94485,1.00,5.60
2010.05.04 13:17:41.729,0.94475,0.94485,16.00,2.40
2010.05.04 13:17:41.967,0.94475,0.94485,9.60,6.40
2010.05.04 13:17:42.468,0.94475,0.94485,17.10,2.40
2010.05.04 13:17:42.807,0.94475,0.94485,16.00,2.40
2010.05.04 13:17:43.149,0.94475,0.94485,16.90,2.40
2010.05.04 13:17:43.747,0.94475,0.94485,17.00,2.40
2010.05.04 13:17:44.007,0.94475,0.94485,10.60,6.40
2010.05.04 13:17:44.267,0.94475,0.94485,13.60,2.40
2010.05.04 13:17:46.847,0.9448,0.94485,2.40,1.60
2010.05.04 13:17:47.150,0.9448,0.9449,10.40,6.40
2010.05.04 13:17:47.452,0.9448,0.9449,13.60,4.00
2010.05.04 13:17:47.746,0.9448,0.9449,15.20,4.00
2010.05.04 13:17:48.037,0.9448,0.9449,13.60,4.00
2010.05.04 13:17:48.859,0.94485,0.9449,4.00,4.00
2010.05.04 13:17:49.608,0.9448,0.9449,13.60,4.00
2010.05.04 13:17:53.838,0.9448,0.9449,9.60,8.00
2010.05.04 13:17:54.590,0.9448,0.9449,9.60,4.00
2010.05.04 13:17:55.072,0.94485,0.9449,1.00,1.60
2010.05.04 13:17:55.423,0.9449,0.94495,8.00,4.00
2010.05.04 13:17:55.762,0.9449,0.94495,4.00,4.00
2010.05.04 13:17:56.100,0.9449,0.94495,4.00,1.00
2010.05.04 13:17:56.449,0.9449,0.94495,4.00,4.00
2010.05.04 13:17:57.279,0.94485,0.9449,11.20,1.00
2010.05.04 13:17:57.554,0.94485,0.9449,5.60,1.00
2010.05.04 13:17:58.101,0.94485,0.9449,7.20,1.00
2010.05.04 13:17:58.383,0.94485,0.9449,5.60,1.00
2010.05.04 13:17:59.042,0.94485,0.9449,1.60,1.00
2010.05.04 13:17:59.371,0.94485,0.9449,5.60,1.00
2010.05.04 13:18:00.518,0.94485,0.9449,9.60,1.00
2010.05.04 13:18:00.824,0.94485,0.9449,4.00,1.00
2010.05.04 13:18:01.121,0.94485,0.9449,8.00,1.00
2010.05.04 13:18:02.058,0.9448,0.9449,15.10,1.00
2010.05.04 13:18:02.402,0.9448,0.9449,16.30,1.00
2010.05.04 13:18:02.752,0.94485,0.9449,8.00,1.00
2010.05.04 13:18:03.081,0.9448,0.9449,8.00,2.40
2010.05.04 13:18:03.410,0.9448,0.9449,12.00,4.00
2010.05.04 13:18:03.738,0.9448,0.9449,8.00,4.00
2010.05.04 13:18:04.600,0.9448,0.9449,12.00,4.00
2010.05.04 13:18:04.952,0.9448,0.9449,8.00,4.00
2010.05.04 13:18:05.297,0.9448,0.9449,8.00,8.00
2010.05.04 13:18:06.236,0.9448,0.9449,6.40,8.00
2010.05.04 13:18:06.756,0.9448,0.9449,8.00,8.00
2010.05.04 13:18:07.018,0.9448,0.9449,6.40,9.60
2010.05.04 13:18:07.321,0.9448,0.9449,8.00,9.60
2010.05.04 13:18:09.388,0.9448,0.9449,6.40,9.60
2010.05.04 13:18:09.726,0.9448,0.9449,8.00,9.60
2010.05.04 13:18:10.945,0.9448,0.9449,4.80,9.60
2010.05.04 13:18:12.655,0.9448,0.9449,6.40,9.60
2010.05.04 13:18:13.715,0.9448,0.9449,4.80,9.60
2010.05.04 13:18:16.176,0.9448,0.9449,4.80,8.00
2010.05.04 13:18:17.046,0.9448,0.9449,6.40,4.00
2010.05.04 13:18:17.345,0.9448,0.9449,7.20,8.00
2010.05.04 13:18:17.630,0.9448,0.9449,6.40,4.00
2010.05.04 13:18:17.919,0.9448,0.9449,4.80,9.60
2010.05.04 13:18:18.377,0.9448,0.9449,6.40,12.00
2010.05.04 13:18:18.612,0.94475,0.9448,16.00,1.00
2010.05.04 13:18:18.841,0.9447,0.9448,10.80,1.00
2010.05.04 13:18:19.070,0.94475,0.9448,1.60,1.00
2010.05.04 13:18:19.879,0.94475,0.94485,1.60,22.80
2010.05.04 13:18:20.218,0.9447,0.94485,10.40,24.60
2010.05.04 13:18:20.779,0.9447,0.9448,8.80,6.40
2010.05.04 13:18:20.913,0.9447,0.9448,4.80,10.40
2010.05.04 13:18:21.256,0.9447,0.9448,8.00,8.00
2010.05.04 13:18:22.776,0.9447,0.9448,8.00,4.00
2010.05.04 13:18:24.406,0.9447,0.94475,6.40,1.00
2010.05.04 13:18:24.711,0.94465,0.94475,11.50,4.80
2010.05.04 13:18:25.020,0.94465,0.94475,14.40,1.00
2010.05.04 13:18:25.359,0.94465,0.94475,12.00,1.00
2010.05.04 13:18:26.909,0.94465,0.94475,12.10,1.00
2010.05.04 13:18:27.259,0.9447,0.9448,1.00,14.80
2010.05.04 13:18:27.718,0.9447,0.9448,6.40,4.40
2010.05.04 13:18:28.217,0.9447,0.9448,6.40,4.00
2010.05.04 13:18:29.148,0.9447,0.9448,6.40,8.00
2010.05.04 13:18:29.456,0.9447,0.9448,6.40,4.00
2010.05.04 13:18:32.251,0.9447,0.9448,8.00,4.00
2010.05.04 13:18:32.381,0.9447,0.9448,8.00,2.40
2010.05.04 13:18:34.318,0.9447,0.9448,8.00,6.40
2010.05.04 13:18:38.487,0.9447,0.9448,8.00,2.40
2010.05.04 13:18:39.266,0.9447,0.9448,9.10,2.40
2010.05.04 13:18:39.607,0.9447,0.9448,11.50,1.00
2010.05.04 13:18:39.946,0.94475,0.9448,1.60,1.00
2010.05.04 13:18:42.429,0.9448,0.94485,1.00,14.00
2010.05.04 13:18:42.609,0.94475,0.94485,8.10,8.00
2010.05.04 13:18:43.111,0.94475,0.94485,10.50,4.00
2010.05.04 13:18:43.307,0.94475,0.94485,4.00,12.00
2010.05.04 13:18:43.511,0.94475,0.94485,4.00,12.20
2010.05.04 13:18:43.715,0.9448,0.94485,1.00,7.40
2010.05.04 13:18:44.127,0.9448,0.94485,1.60,4.00
2010.05.04 13:18:44.335,0.94475,0.94485,16.10,4.20
2010.05.04 13:18:44.679,0.94475,0.94485,9.70,8.20
2010.05.04 13:18:46.997,0.94475,0.94485,13.70,4.20
2010.05.04 13:18:47.575,0.94475,0.94485,13.60,4.20
2010.05.04 13:18:48.186,0.94475,0.94485,9.60,8.20
2010.05.04 13:18:49.707,0.94475,0.94485,10.50,6.60
2010.05.04 13:18:50.076,0.94475,0.94485,10.40,5.00
2010.05.04 13:18:50.321,0.94475,0.94485,13.60,2.60
2010.05.04 13:18:51.150,0.94475,0.94485,2.40,12.20
2010.05.04 13:18:51.503,0.94475,0.94485,13.60,4.20
2010.05.04 13:18:52.190,0.9448,0.94485,4.00,4.20
2010.05.04 13:18:52.529,0.94475,0.94485,13.70,1.00
2010.05.04 13:18:52.868,0.94475,0.94485,14.70,1.00
2010.05.04 13:18:53.188,0.94475,0.94485,13.60,1.00
2010.05.04 13:18:53.508,0.94475,0.94485,13.70,1.00
2010.05.04 13:18:53.829,0.94475,0.94485,13.60,1.00
2010.05.04 13:18:56.066,0.94475,0.94485,16.00,4.00
2010.05.04 13:18:56.667,0.94475,0.94485,13.60,4.00
2010.05.04 13:18:56.966,0.94475,0.94485,16.20,4.00
2010.05.04 13:18:57.607,0.94475,0.94485,13.80,4.00
2010.05.04 13:18:57.925,0.94475,0.94485,16.20,4.00
2010.05.04 13:18:59.636,0.9448,0.94485,1.00,3.20
2010.05.04 13:18:59.982,0.9448,0.9449,10.40,4.00
2010.05.04 13:19:00.147,0.9448,0.9449,14.40,4.00
2010.05.04 13:19:00.477,0.9448,0.9449,12.00,8.00
2010.05.04 13:19:00.724,0.9448,0.9449,8.00,8.00
2010.05.04 13:19:01.549,0.9448,0.9449,12.00,4.00
2010.05.04 13:19:02.045,0.9448,0.9449,10.40,4.00
2010.05.04 13:19:04.195,0.9448,0.9449,12.80,4.00
2010.05.04 13:19:05.666,0.9448,0.9449,6.40,8.00
2010.05.04 13:19:10.608,0.94475,0.9448,13.80,1.00
2010.05.04 13:19:10.838,0.9447,0.9448,17.20,1.00
2010.05.04 13:19:11.172,0.9447,0.9448,10.80,1.00
2010.05.04 13:19:11.400,0.9447,0.9448,9.60,1.00
2010.05.04 13:19:11.737,0.9447,0.9448,9.60,2.40
2010.05.04 13:19:14.943,0.9447,0.9448,12.00,2.40
2010.05.04 13:19:15.147,0.9447,0.9448,16.00,2.40
2010.05.04 13:19:15.461,0.9447,0.9448,13.60,2.40
2010.05.04 13:19:15.668,0.9447,0.9448,9.60,2.40
2010.05.04 13:19:17.027,0.9447,0.9448,9.60,6.40
2010.05.04 13:19:20.942,0.9447,0.9448,9.60,4.80
2010.05.04 13:19:22.716,0.9447,0.9448,9.60,1.00
2010.05.04 13:19:22.998,0.9447,0.9448,9.60,4.80
2010.05.04 13:19:24.872,0.9447,0.9448,13.60,1.00
2010.05.04 13:19:25.207,0.9447,0.9448,9.60,4.80
2010.05.04 13:19:31.229,0.9447,0.94475,8.80,1.00
2010.05.04 13:19:31.467,0.9447,0.9448,8.00,6.40
2010.05.04 13:19:31.903,0.9447,0.9448,6.40,8.80
2010.05.04 13:19:32.187,0.9447,0.9448,8.00,7.20
2010.05.04 13:19:32.953,0.9447,0.94475,5.60,3.20
2010.05.04 13:19:33.305,0.94465,0.94475,10.40,5.60
2010.05.04 13:19:33.653,0.94465,0.9447,11.20,1.00
2010.05.04 13:19:34.001,0.94465,0.9447,3.20,1.00
2010.05.04 13:19:34.688,0.94465,0.9447,1.60,1.00
2010.05.04 13:19:35.029,0.94465,0.9447,1.60,8.00
2010.05.04 13:19:35.370,0.9446,0.9447,1.00,19.20
2010.05.04 13:19:35.710,0.94455,0.9446,1.60,1.00
2010.05.04 13:19:36.060,0.94455,0.94465,2.40,14.40
2010.05.04 13:19:36.399,0.94455,0.9446,1.60,1.00
2010.05.04 13:19:36.946,0.9446,0.94465,4.00,8.80
2010.05.04 13:19:37.192,0.94455,0.94465,5.60,10.40
2010.05.04 13:19:37.678,0.94455,0.94465,9.60,6.40
2010.05.04 13:19:37.965,0.94455,0.94465,5.60,10.40
2010.05.04 13:19:38.629,0.94455,0.94465,13.60,2.40
2010.05.04 13:19:39.661,0.94455,0.94465,13.60,2.40
2010.05.04 13:19:40.018,0.9446,0.94465,1.00,1.60
2010.05.04 13:19:40.189,0.9446,0.94465,2.40,1.60
2010.05.04 13:19:40.698,0.9446,0.94465,1.00,1.60
