2016.12.27 17:00:00.609,1.17518,1.17523,3.56,2.25
2016.12.27 17:00:01.114,1.17519,1.17523,1.00,1.50
2016.12.27 17:00:01.977,1.17521,1.17523,1.69,1.50
2016.12.27 17:00:02.494,1.17521,1.17524,1.25,2.62
2016.12.27 17:00:09.801,1.17521,1.17524,1.25,1.14
2016.12.27 17:00:17.751,1.17521,1.17525,1.69,2.02
2016.12.27 17:00:40.117,1.17524,1.17526,1.00,1.22
2016.12.27 17:00:40.271,1.17526,1.17529,1.69,1.37
2016.12.27 17:00:40.372,1.17526,1.1753,3.19,2.62
2016.12.27 17:00:40.491,1.17528,1.1753,1.25,2.62
2016.12.27 17:00:40.560,1.17527,1.1753,1.69,1.57
2016.12.27 17:00:40.762,1.17527,1.17531,1.69,5.62
2016.12.27 17:00:41.312,1.17528,1.17532,1.00,5.25
2016.12.27 17:00:44.882,1.17528,1.17532,1.00,1.00
2016.12.27 17:00:50.778,1.17528,1.17531,1.00,1.00
2016.12.27 17:00:51.342,1.17528,1.17532,1.50,1.00
2016.12.27 17:00:52.082,1.17528,1.17532,1.50,2.32
2016.12.27 17:00:52.927,1.17527,1.17531,2.44,2.62
2016.12.27 17:00:54.289,1.17527,1.17531,1.69,3.07
2016.12.27 17:01:35.795,1.17527,1.1753,1.25,1.98
2016.12.27 17:01:36.795,1.17527,1.1753,1.25,1.10
2016.12.27 17:01:45.918,1.17527,1.17528,1.25,1.00
2016.12.27 17:01:46.829,1.17527,1.17529,1.25,1.50
2016.12.27 17:02:17.137,1.17527,1.17528,1.25,1.00
2016.12.27 17:02:23.508,1.17526,1.17528,1.00,1.50
2016.12.27 17:02:23.609,1.17523,1.17526,1.87,4.50
2016.12.27 17:02:23.711,1.17522,1.17523,1.12,2.62
2016.12.27 17:02:23.914,1.1752,1.17522,2.44,1.00
2016.12.27 17:02:24.783,1.1752,1.17521,1.25,1.00
2016.12.27 17:02:25.288,1.1752,1.17522,1.25,1.00
2016.12.27 17:02:27.032,1.17519,1.17522,1.69,1.00
2016.12.27 17:02:27.533,1.17518,1.17522,3.19,1.00
2016.12.27 17:02:43.031,1.17519,1.17523,1.00,1.12
2016.12.27 17:02:48.796,1.1752,1.17523,1.00,1.12
2016.12.27 17:02:55.420,1.17521,1.17524,1.00,4.76
2016.12.27 17:02:56.028,1.1752,1.17524,1.50,2.06
2016.12.27 17:02:56.559,1.17521,1.17524,1.00,2.06
2016.12.27 17:02:57.064,1.1752,1.17524,1.50,2.06
2016.12.27 17:03:11.790,1.17521,1.17524,1.00,3.56
2016.12.27 17:03:13.424,1.1752,1.17524,1.50,4.31
2016.12.27 17:03:16.386,1.17522,1.17525,1.00,3.26
2016.12.27 17:03:16.916,1.17521,1.17524,1.50,1.87
2016.12.27 17:03:17.466,1.17522,1.17524,1.00,1.87
2016.12.27 17:03:18.802,1.17523,1.17525,1.00,1.68
2016.12.27 17:03:19.314,1.17523,1.17525,1.00,1.31
2016.12.27 17:03:19.517,1.17521,1.17524,1.50,2.52
2016.12.27 17:03:20.028,1.1752,1.17523,1.00,2.81
2016.12.27 17:03:35.394,1.17519,1.17523,3.19,1.12
2016.12.27 17:03:46.598,1.17519,1.17522,3.19,1.00
2016.12.27 17:03:47.129,1.17519,1.17523,1.69,2.62
2016.12.27 17:03:47.645,1.1752,1.17523,1.00,1.12
2016.12.27 17:03:54.912,1.1752,1.17522,1.00,1.00
2016.12.27 17:03:55.443,1.1752,1.17523,1.00,1.87
2016.12.27 17:03:56.011,1.17519,1.17521,1.50,1.00
2016.12.27 17:03:56.101,1.17517,1.1752,1.69,2.62
2016.12.27 17:03:56.606,1.17517,1.17519,1.25,1.00
2016.12.27 17:04:03.643,1.17515,1.17519,2.44,1.00
2016.12.27 17:04:03.711,1.17519,1.1752,1.00,1.12
2016.12.27 17:04:04.048,1.17525,1.17526,1.00,1.00
2016.12.27 17:04:04.101,1.17525,1.17528,1.00,2.62
2016.12.27 17:04:04.610,1.17526,1.17529,1.00,1.50
2016.12.27 17:04:05.135,1.17525,1.17529,1.50,3.00
2016.12.27 17:04:09.226,1.17525,1.17527,1.50,1.00
2016.12.27 17:04:10.185,1.17526,1.17527,1.00,1.00
2016.12.27 17:04:12.144,1.17525,1.17527,1.50,1.00
2016.12.27 17:04:20.419,1.17524,1.17526,1.00,3.37
2016.12.27 17:04:20.471,1.17522,1.17525,1.50,3.00
2016.12.27 17:04:20.524,1.17521,1.17523,3.00,1.00
2016.12.27 17:04:21.031,1.1752,1.17523,3.19,1.00
2016.12.27 17:04:26.098,1.17523,1.17524,1.69,1.00
2016.12.27 17:04:26.149,1.17525,1.17526,1.00,3.00
2016.12.27 17:04:26.768,1.17526,1.17527,1.69,1.00
2016.12.27 17:04:37.980,1.17526,1.17529,1.69,1.00
2016.12.27 17:05:01.201,1.17525,1.17528,1.69,1.50
2016.12.27 17:05:01.252,1.17524,1.17525,1.12,1.00
2016.12.27 17:05:01.302,1.17522,1.17524,1.00,1.00
2016.12.27 17:05:01.812,1.17521,1.17524,1.25,1.10
2016.12.27 17:05:03.740,1.17519,1.17523,2.44,1.00
2016.12.27 17:05:04.316,1.17519,1.17523,1.69,1.20
2016.12.27 17:05:05.596,1.17518,1.17522,1.31,1.00
2016.12.27 17:05:06.145,1.17519,1.17523,1.00,1.50
2016.12.27 17:05:11.417,1.17518,1.17522,2.06,1.12
2016.12.27 17:05:15.197,1.17518,1.17519,1.12,1.12
2016.12.27 17:05:15.298,1.17515,1.17518,1.69,1.34
2016.12.27 17:05:15.552,1.17513,1.17517,2.81,1.09
2016.12.27 17:05:15.839,1.17512,1.17516,2.06,1.37
2016.12.27 17:05:15.941,1.17513,1.17517,2.44,1.50
2016.12.27 17:05:17.251,1.17514,1.17517,1.00,1.12
2016.12.27 17:05:17.581,1.17512,1.17516,2.06,1.37
2016.12.27 17:05:18.126,1.17513,1.17516,1.00,1.37
2016.12.27 17:05:24.052,1.17513,1.17514,1.00,1.00
2016.12.27 17:05:24.597,1.17512,1.17515,1.25,1.87
2016.12.27 17:05:26.791,1.17512,1.17515,1.25,1.95
2016.12.27 17:05:35.921,1.17512,1.17515,1.25,1.12
2016.12.27 17:05:38.915,1.17515,1.17517,1.42,3.11
2016.12.27 17:05:39.017,1.17517,1.1752,4.39,1.75
2016.12.27 17:05:39.119,1.17519,1.17522,1.00,2.85
2016.12.27 17:05:39.625,1.17518,1.1752,1.00,1.15
2016.12.27 17:05:40.161,1.17517,1.1752,6.19,1.11
2016.12.27 17:05:40.741,1.17517,1.17519,4.50,1.61
2016.12.27 17:05:40.940,1.17514,1.17517,1.50,1.00
2016.12.27 17:05:42.207,1.17514,1.17518,1.50,3.56
2016.12.27 17:05:43.772,1.17515,1.17518,1.00,2.06
2016.12.27 17:05:50.702,1.17515,1.17519,1.50,3.94
2016.12.27 17:05:53.723,1.17515,1.17518,1.50,1.00
2016.12.27 17:05:54.238,1.17515,1.17519,1.50,3.94
2016.12.27 17:05:59.664,1.17515,1.17517,1.00,1.50
2016.12.27 17:05:59.967,1.17513,1.17517,1.69,1.87
2016.12.27 17:06:00.499,1.17515,1.17518,1.00,3.37
2016.12.27 17:06:00.651,1.17519,1.17521,1.00,1.50
2016.12.27 17:06:01.165,1.17518,1.1752,1.00,1.25
2016.12.27 17:06:01.735,1.17517,1.1752,3.37,1.19
2016.12.27 17:06:06.838,1.17518,1.17521,1.00,1.87
2016.12.27 17:06:07.347,1.17518,1.17521,1.00,2.66
2016.12.27 17:06:08.758,1.17517,1.1752,3.37,1.19
2016.12.27 17:06:15.875,1.17517,1.1752,1.20,2.06
2016.12.27 17:06:16.381,1.17518,1.17521,1.00,1.87
2016.12.27 17:06:16.583,1.17517,1.1752,1.20,1.19
2016.12.27 17:06:17.191,1.17517,1.17519,1.20,1.31
2016.12.27 17:06:17.697,1.17517,1.1752,1.20,3.19
2016.12.27 17:06:21.000,1.17518,1.17521,1.00,1.87
2016.12.27 17:06:21.103,1.17519,1.17521,1.00,1.00
2016.12.27 17:06:21.651,1.17518,1.17521,1.50,1.00
2016.12.27 17:06:29.385,1.17517,1.1752,1.00,5.85
2016.12.27 17:06:29.486,1.17516,1.17519,1.00,1.50
2016.12.27 17:06:30.108,1.17515,1.17519,1.50,3.00
2016.12.27 17:06:30.826,1.17516,1.17519,1.50,1.50
2016.12.27 17:06:30.978,1.17517,1.1752,1.95,1.00
2016.12.27 17:06:31.527,1.17517,1.1752,1.20,1.20
2016.12.27 17:06:34.297,1.17518,1.17521,1.00,2.92
2016.12.27 17:06:36.788,1.17518,1.17521,1.00,1.50
2016.12.27 17:06:40.436,1.17518,1.1752,1.00,1.50
2016.12.27 17:06:40.983,1.17518,1.17521,1.00,3.45
2016.12.27 17:06:41.336,1.17518,1.17521,1.00,3.00
2016.12.27 17:06:43.738,1.17518,1.1752,1.00,1.00
2016.12.27 17:06:44.288,1.17518,1.17521,1.00,2.25
2016.12.27 17:06:44.836,1.17517,1.1752,1.95,1.00
2016.12.27 17:06:46.085,1.17517,1.17521,1.95,3.00
2016.12.27 17:07:08.475,1.17517,1.1752,4.12,1.25
2016.12.27 17:07:08.988,1.17518,1.17521,1.50,1.12
2016.12.27 17:07:46.347,1.17519,1.17521,1.00,1.00
2016.12.27 17:07:46.398,1.1752,1.17522,1.00,5.25
2016.12.27 17:07:46.706,1.17519,1.17522,1.00,1.12
2016.12.27 17:07:48.276,1.17521,1.17524,1.00,3.37
2016.12.27 17:07:48.428,1.17522,1.17524,1.50,1.00
2016.12.27 17:07:48.732,1.17519,1.17522,1.50,1.00
2016.12.27 17:07:49.553,1.1752,1.17523,1.00,1.87
2016.12.27 17:07:50.123,1.1752,1.17523,1.00,1.87
2016.12.27 17:07:58.138,1.1752,1.17523,1.00,2.62
2016.12.27 17:07:58.681,1.17518,1.17521,1.69,1.00
2016.12.27 17:07:59.739,1.17519,1.17522,1.00,1.87
2016.12.27 17:08:00.046,1.1752,1.17523,1.00,1.50
2016.12.27 17:08:01.577,1.17519,1.17522,1.00,1.00
2016.12.27 17:08:05.147,1.17518,1.1752,2.06,1.00
2016.12.27 17:08:13.852,1.17519,1.1752,1.00,1.00
2016.12.27 17:08:17.201,1.17518,1.1752,2.06,1.00
2016.12.27 17:08:20.935,1.17519,1.1752,1.00,1.00
2016.12.27 17:08:26.945,1.17518,1.1752,2.06,1.00
2016.12.27 17:08:27.458,1.17518,1.1752,2.06,1.00
2016.12.27 17:08:28.120,1.17518,1.17519,2.06,1.00
2016.12.27 17:08:33.833,1.17518,1.1752,2.06,1.00
2016.12.27 17:08:43.553,1.17519,1.1752,1.00,1.00
2016.12.27 17:08:52.648,1.17518,1.17519,1.00,1.00
2016.12.27 17:08:55.521,1.17517,1.17519,3.37,1.00
2016.12.27 17:08:56.056,1.17517,1.17518,3.37,1.00
2016.12.27 17:08:56.260,1.17512,1.17514,1.00,1.00
2016.12.27 17:08:56.826,1.17511,1.17514,1.12,1.50
2016.12.27 17:09:16.042,1.1751,1.17513,4.74,1.00
2016.12.27 17:09:16.573,1.1751,1.17512,5.34,1.00
2016.12.27 17:09:20.952,1.1751,1.17514,9.09,1.50
2016.12.27 17:09:26.022,1.1751,1.17513,5.34,1.00
2016.12.27 17:09:34.248,1.1751,1.17513,5.71,1.50
2016.12.27 17:09:38.523,1.1751,1.17512,6.61,1.00
2016.12.27 17:10:03.195,1.17511,1.17513,1.50,1.00
2016.12.27 17:10:03.738,1.17511,1.17513,1.00,1.50
2016.12.27 17:10:03.789,1.1751,1.17512,5.30,1.00
2016.12.27 17:10:03.940,1.17509,1.17513,2.44,1.00
2016.12.27 17:10:03.991,1.1751,1.17513,1.85,1.00
2016.12.27 17:10:04.403,1.17509,1.17512,3.79,1.00
2016.12.27 17:10:05.068,1.1751,1.17513,1.25,1.00
2016.12.27 17:10:05.270,1.17509,1.17511,2.06,2.50
2016.12.27 17:10:05.372,1.17505,1.17507,2.25,1.00
2016.12.27 17:10:05.575,1.17505,1.17508,1.00,1.00
2016.12.27 17:10:05.626,1.17507,1.17509,1.35,1.00
2016.12.27 17:10:05.676,1.17509,1.17512,1.25,5.62
2016.12.27 17:10:06.182,1.1751,1.17513,1.25,1.00
2016.12.27 17:10:10.880,1.1751,1.17514,1.07,2.32
2016.12.27 17:10:11.385,1.1751,1.17513,3.43,1.00
2016.12.27 17:10:14.743,1.17511,1.17513,1.00,1.00
2016.12.27 17:10:15.248,1.1751,1.17513,4.55,1.00
2016.12.27 17:11:30.687,1.1751,1.17514,3.05,1.84
2016.12.27 17:11:40.992,1.17513,1.17516,1.00,1.65
2016.12.27 17:11:41.194,1.17515,1.17517,1.00,1.25
2016.12.27 17:11:41.704,1.17514,1.17517,1.00,1.25
2016.12.27 17:11:42.160,1.17512,1.17515,2.62,1.00
2016.12.27 17:11:42.515,1.17514,1.17516,1.00,1.09
2016.12.27 17:11:42.667,1.17512,1.17515,1.12,1.00
2016.12.27 17:11:42.768,1.17513,1.17516,1.15,1.25
2016.12.27 17:11:42.970,1.1751,1.17514,3.61,1.00
2016.12.27 17:11:43.624,1.1751,1.17514,3.24,1.00
2016.12.27 17:12:00.571,1.17515,1.17517,1.00,2.25
2016.12.27 17:12:00.819,1.17514,1.17516,1.00,1.25
2016.12.27 17:12:01.455,1.17513,1.17516,1.12,1.25
2016.12.27 17:12:03.739,1.17514,1.17518,1.00,1.84
2016.12.27 17:12:06.205,1.17514,1.17517,1.00,1.00
2016.12.27 17:12:09.715,1.17512,1.17517,3.56,1.00
2016.12.27 17:12:12.528,1.17514,1.17517,1.00,1.09
2016.12.27 17:12:13.032,1.17513,1.17517,1.12,1.69
2016.12.27 17:12:13.980,1.17514,1.17517,1.00,1.25
2016.12.27 17:12:16.389,1.17516,1.17519,1.00,1.65
2016.12.27 17:12:16.440,1.17515,1.17517,1.50,1.87
2016.12.27 17:12:16.491,1.17514,1.17515,1.50,1.69
2016.12.27 17:12:16.643,1.17512,1.17514,1.12,1.00
2016.12.27 17:12:16.694,1.1751,1.17514,1.55,1.00
2016.12.27 17:12:42.165,1.1751,1.17512,1.07,1.25
2016.12.27 17:12:42.317,1.17507,1.17511,1.00,1.69
2016.12.27 17:12:42.865,1.17509,1.17511,1.00,1.00
2016.12.27 17:12:43.118,1.17509,1.17513,1.20,4.31
2016.12.27 17:12:43.370,1.17509,1.17511,3.00,1.00
2016.12.27 17:12:43.775,1.1751,1.17512,1.60,3.94
2016.12.27 17:12:44.078,1.17507,1.17511,1.57,1.69
2016.12.27 17:12:44.129,1.17507,1.17511,1.12,1.69
2016.12.27 17:12:44.180,1.17505,1.17509,6.37,1.00
2016.12.27 17:12:44.507,1.1751,1.17513,1.07,1.00
2016.12.27 17:12:45.151,1.1751,1.17514,1.00,1.69
2016.12.27 17:12:45.454,1.1751,1.17511,1.38,1.00
2016.12.27 17:12:45.910,1.17509,1.17513,1.00,3.56
2016.12.27 17:12:46.480,1.1751,1.17514,1.40,1.69
2016.12.27 17:12:53.051,1.17511,1.17514,1.00,1.25
2016.12.27 17:12:55.705,1.1751,1.17514,1.00,1.69
2016.12.27 17:13:08.993,1.17509,1.17512,3.75,1.50
2016.12.27 17:13:09.498,1.1751,1.17513,1.00,1.50
2016.12.27 17:13:10.039,1.1751,1.17514,1.07,1.69
2016.12.27 17:13:39.702,1.1751,1.17513,1.07,1.00
2016.12.27 17:13:51.649,1.17515,1.17516,1.00,1.95
2016.12.27 17:13:51.808,1.17514,1.17518,1.12,1.50
2016.12.27 17:13:51.909,1.17514,1.17515,1.12,1.00
2016.12.27 17:13:52.061,1.17511,1.17514,3.75,1.00
2016.12.27 17:14:00.676,1.17515,1.17516,1.00,1.00
2016.12.27 17:14:00.778,1.17515,1.17519,1.80,2.62
2016.12.27 17:14:05.267,1.17516,1.17518,1.12,1.00
2016.12.27 17:14:13.225,1.17516,1.17519,1.87,1.10
2016.12.27 17:14:13.848,1.17516,1.17518,1.12,1.00
2016.12.27 17:14:15.140,1.17516,1.17519,3.56,1.00
2016.12.27 17:14:15.292,1.17517,1.1752,1.12,1.50
2016.12.27 17:14:15.494,1.17519,1.1752,1.00,1.00
2016.12.27 17:14:16.027,1.17519,1.17522,1.78,1.00
2016.12.27 17:14:18.610,1.17522,1.17523,1.00,1.00
2016.12.27 17:14:18.711,1.17522,1.17525,1.00,1.50
2016.12.27 17:14:19.237,1.17523,1.17527,1.00,2.25
2016.12.27 17:14:19.738,1.17523,1.17526,1.00,1.00
2016.12.27 17:14:20.246,1.17522,1.17525,1.39,1.00
2016.12.27 17:14:20.750,1.17521,1.17524,3.56,1.50
2016.12.27 17:14:24.120,1.17521,1.17523,2.81,1.00
2016.12.27 17:14:24.171,1.17521,1.17523,1.31,1.50
2016.12.27 17:14:25.716,1.17518,1.17521,2.86,2.62
2016.12.27 17:14:26.232,1.17518,1.1752,2.11,1.00
2016.12.27 17:14:31.428,1.17519,1.17521,1.10,1.87
2016.12.27 17:14:34.509,1.1752,1.17522,1.26,1.87
2016.12.27 17:14:36.301,1.17518,1.1752,1.18,1.00
2016.12.27 17:14:36.352,1.17517,1.17519,1.69,1.00
2016.12.27 17:14:36.970,1.17516,1.17519,1.39,1.00
2016.12.27 17:14:37.225,1.1752,1.17522,1.19,3.37
2016.12.27 17:14:37.774,1.17518,1.17521,3.84,1.12
2016.12.27 17:14:38.511,1.17518,1.17521,3.84,1.12
2016.12.27 17:14:45.458,1.17517,1.1752,1.80,1.00
2016.12.27 17:14:45.981,1.17516,1.1752,5.06,1.50
2016.12.27 17:14:46.082,1.17519,1.1752,1.25,1.50
2016.12.27 17:14:46.524,1.17517,1.1752,5.44,1.00
2016.12.27 17:14:46.912,1.1752,1.17522,1.19,1.12
2016.12.27 17:14:47.064,1.17518,1.17521,4.31,1.00
2016.12.27 17:14:47.571,1.17518,1.17521,1.12,1.00
2016.12.27 17:14:47.622,1.1752,1.17522,1.25,1.50
2016.12.27 17:14:47.775,1.17518,1.17521,4.24,1.00
2016.12.27 17:14:47.977,1.17517,1.17519,1.69,1.00
2016.12.27 17:14:48.294,1.17513,1.17516,5.44,1.00
2016.12.27 17:14:48.395,1.17512,1.17516,3.56,1.00
2016.12.27 17:14:49.032,1.17512,1.17515,3.19,1.00
2016.12.27 17:14:50.587,1.17512,1.17514,1.56,1.00
2016.12.27 17:14:51.121,1.17512,1.17513,1.25,1.00
2016.12.27 17:14:51.222,1.17511,1.17513,1.00,1.00
2016.12.27 17:14:52.104,1.1751,1.17513,1.25,1.00
2016.12.27 17:14:56.028,1.17511,1.17514,1.00,1.00
2016.12.27 17:14:56.534,1.17512,1.17515,1.69,1.00
2016.12.27 17:14:57.772,1.1751,1.17513,3.19,1.00
2016.12.27 17:15:03.196,1.17512,1.17514,1.25,1.00
2016.12.27 17:15:03.701,1.1751,1.17514,2.44,1.00
2016.12.27 17:15:04.243,1.1751,1.17514,1.69,1.00
2016.12.27 17:15:04.759,1.17511,1.17514,1.00,1.00
2016.12.27 17:15:07.512,1.17509,1.17513,7.31,1.00
2016.12.27 17:15:08.166,1.1751,1.17514,1.69,1.50
2016.12.27 17:15:08.994,1.17511,1.17514,1.00,1.00
2016.12.27 17:15:09.525,1.17511,1.17515,2.25,1.50
2016.12.27 17:15:11.314,1.17511,1.17514,1.50,1.00
2016.12.27 17:15:11.847,1.1751,1.17513,1.25,1.00
2016.12.27 17:15:13.459,1.17511,1.17514,1.00,2.25
2016.12.27 17:15:15.973,1.1751,1.17514,1.69,1.50
2016.12.27 17:15:17.472,1.17512,1.17516,1.00,2.89
2016.12.27 17:15:17.977,1.17513,1.17516,1.00,1.00
2016.12.27 17:15:25.831,1.17513,1.17517,1.00,1.12
2016.12.27 17:15:26.347,1.17512,1.17516,1.69,1.01
2016.12.27 17:15:30.800,1.17513,1.17516,1.00,1.01
2016.12.27 17:15:31.054,1.17518,1.17522,1.25,2.25
2016.12.27 17:15:31.890,1.17517,1.17521,1.69,1.00
2016.12.27 17:15:32.016,1.17517,1.17519,1.00,1.00
2016.12.27 17:15:32.935,1.17516,1.17519,3.75,1.69
2016.12.27 17:15:34.014,1.17517,1.17519,1.00,1.25
2016.12.27 17:15:35.933,1.17517,1.1752,1.00,1.00
2016.12.27 17:15:36.889,1.17516,1.17518,1.50,1.00
2016.12.27 17:15:37.163,1.17517,1.17521,1.12,3.19
2016.12.27 17:15:37.214,1.17516,1.17519,6.49,1.12
2016.12.27 17:15:37.366,1.17514,1.17517,3.37,1.25
2016.12.27 17:15:38.473,1.17515,1.17517,1.00,1.25
2016.12.27 17:15:38.643,1.17516,1.17518,1.00,1.69
2016.12.27 17:15:38.846,1.17517,1.1752,3.00,1.69
2016.12.27 17:15:39.049,1.17515,1.17519,1.50,1.27
2016.12.27 17:15:39.251,1.17515,1.17517,1.00,1.25
2016.12.27 17:15:39.302,1.17514,1.17518,1.15,2.44
2016.12.27 17:15:39.784,1.17515,1.17519,1.95,1.50
2016.12.27 17:15:42.527,1.17516,1.1752,2.62,3.19
2016.12.27 17:15:44.266,1.17514,1.17516,1.52,1.25
2016.12.27 17:15:44.368,1.17512,1.17516,1.50,2.44
2016.12.27 17:15:45.244,1.17513,1.17516,1.00,1.69
2016.12.27 17:15:45.346,1.17511,1.17514,1.99,1.00
2016.12.27 17:15:45.447,1.17512,1.17516,1.12,1.69
2016.12.27 17:15:51.856,1.17512,1.17515,1.12,1.00
2016.12.27 17:15:52.370,1.17512,1.17516,1.12,2.44
2016.12.27 17:15:55.739,1.17513,1.17516,1.00,1.69
2016.12.27 17:15:57.549,1.17515,1.17517,1.00,1.00
2016.12.27 17:15:57.701,1.17516,1.1752,2.62,3.19
2016.12.27 17:16:16.262,1.17517,1.1752,1.00,1.50
2016.12.27 17:16:22.655,1.17517,1.17521,1.50,2.44
2016.12.27 17:17:34.967,1.17516,1.1752,4.12,1.00
2016.12.27 17:17:36.829,1.17516,1.17519,2.25,1.00
2016.12.27 17:17:36.931,1.17514,1.17518,1.87,1.00
2016.12.27 17:17:37.802,1.17515,1.17518,1.00,1.00
2016.12.27 17:17:38.207,1.17516,1.1752,1.50,2.62
2016.12.27 17:17:38.805,1.17516,1.1752,1.50,2.81
2016.12.27 17:17:39.351,1.17517,1.17521,1.00,5.25
2016.12.27 17:17:39.857,1.17516,1.1752,1.50,1.08
2016.12.27 17:17:40.537,1.17515,1.17518,1.00,1.58
2016.12.27 17:17:40.840,1.17513,1.17518,1.50,1.58
2016.12.27 17:17:41.871,1.17514,1.17518,1.00,1.58
2016.12.27 17:17:42.406,1.17513,1.17517,1.50,1.08
2016.12.27 17:17:42.962,1.17513,1.17517,1.50,1.50
2016.12.27 17:17:45.131,1.17514,1.17518,1.05,3.19
2016.12.27 17:17:45.183,1.17516,1.17518,1.00,1.69
2016.12.27 17:17:45.335,1.17518,1.17521,1.50,1.50
2016.12.27 17:17:45.842,1.17518,1.17522,1.50,2.81
2016.12.27 17:17:46.957,1.17518,1.17522,1.50,3.00
2016.12.27 17:17:55.999,1.17518,1.17522,1.00,2.81
2016.12.27 17:17:56.516,1.17518,1.17522,1.00,2.25
2016.12.27 17:18:01.768,1.17518,1.17522,1.00,2.81
2016.12.27 17:18:03.839,1.17525,1.17526,2.25,13.31
2016.12.27 17:18:04.043,1.17532,1.17535,1.00,2.81
2016.12.27 17:18:04.094,1.17532,1.17534,1.69,1.00
2016.12.27 17:18:04.246,1.17529,1.17533,2.14,1.50
2016.12.27 17:18:04.298,1.17528,1.1753,1.12,1.00
2016.12.27 17:18:04.531,1.17525,1.17529,2.25,1.50
2016.12.27 17:18:04.855,1.17523,1.17527,2.62,1.60
2016.12.27 17:18:05.160,1.17519,1.17522,1.50,1.00
2016.12.27 17:18:05.678,1.17518,1.17522,1.12,1.50
2016.12.27 17:18:06.183,1.17519,1.17523,1.00,1.50
2016.12.27 17:18:07.446,1.17518,1.17522,2.06,1.00
2016.12.27 17:18:08.016,1.17518,1.17521,1.31,1.00
2016.12.27 17:18:08.522,1.17518,1.1752,1.25,1.00
2016.12.27 17:18:11.937,1.17519,1.1752,1.00,1.00
2016.12.27 17:18:12.089,1.17519,1.17522,1.00,1.00
2016.12.27 17:18:13.795,1.17517,1.1752,3.37,1.00
2016.12.27 17:18:14.401,1.17516,1.17519,7.99,1.00
2016.12.27 17:18:14.846,1.1752,1.17522,1.25,2.25
2016.12.27 17:18:14.897,1.17519,1.17522,1.69,1.05
2016.12.27 17:18:15.402,1.17519,1.17523,3.94,1.50
2016.12.27 17:18:17.306,1.17519,1.1752,1.00,1.00
2016.12.27 17:18:17.408,1.17518,1.17519,1.12,1.00
2016.12.27 17:18:17.510,1.17516,1.17519,1.31,1.50
2016.12.27 17:18:18.027,1.17516,1.17518,1.31,1.00
2016.12.27 17:18:20.261,1.17515,1.17518,3.94,1.80
2016.12.27 17:18:29.095,1.17515,1.17518,6.19,1.05
2016.12.27 17:18:29.196,1.17516,1.17519,1.87,2.55
2016.12.27 17:18:33.047,1.17516,1.17519,2.25,2.55
2016.12.27 17:18:38.070,1.17517,1.1752,1.37,3.19
2016.12.27 17:18:41.600,1.1752,1.17521,1.00,2.81
2016.12.27 17:18:41.651,1.1752,1.17523,1.50,1.50
2016.12.27 17:18:41.702,1.17521,1.17524,1.50,1.12
2016.12.27 17:18:42.006,1.17521,1.17524,1.12,1.50
2016.12.27 17:18:42.260,1.17518,1.17522,3.75,2.62
2016.12.27 17:18:43.143,1.17518,1.17521,1.87,1.00
2016.12.27 17:18:43.654,1.17519,1.17522,1.12,1.00
2016.12.27 17:18:43.806,1.17517,1.1752,6.04,1.00
2016.12.27 17:18:44.320,1.17517,1.1752,2.44,1.50
2016.12.27 17:18:44.859,1.17518,1.17522,1.12,1.50
2016.12.27 17:18:44.961,1.1752,1.17523,1.25,1.50
2016.12.27 17:18:45.266,1.17517,1.1752,1.50,1.00
2016.12.27 17:18:46.051,1.17518,1.17521,2.06,1.00
2016.12.27 17:18:46.154,1.17519,1.17523,1.12,1.50
2016.12.27 17:18:52.212,1.17518,1.17522,2.81,1.00
2016.12.27 17:18:54.721,1.17518,1.17521,1.69,1.00
2016.12.27 17:18:54.773,1.17517,1.17519,4.87,1.00
2016.12.27 17:18:54.926,1.17514,1.17517,1.05,1.50
2016.12.27 17:18:56.312,1.17513,1.17516,2.10,1.00
2016.12.27 17:18:57.467,1.17513,1.17517,2.10,1.00
2016.12.27 17:18:58.070,1.17513,1.17518,2.85,1.12
2016.12.27 17:19:06.663,1.17515,1.17519,1.00,3.75
2016.12.27 17:19:14.897,1.17516,1.17519,1.00,3.19
2016.12.27 17:19:15.816,1.17515,1.17518,1.50,1.00
2016.12.27 17:19:17.626,1.17515,1.17519,1.50,1.00
2016.12.27 17:19:28.609,1.17515,1.17518,1.00,1.00
2016.12.27 17:19:29.157,1.17514,1.17518,1.54,3.00
2016.12.27 17:19:30.443,1.17513,1.17517,1.54,1.00
2016.12.27 17:19:31.257,1.17512,1.17516,1.91,1.00
2016.12.27 17:19:31.359,1.17511,1.17515,3.19,1.12
2016.12.27 17:19:31.984,1.17513,1.17517,1.00,3.00
2016.12.27 17:19:32.035,1.17515,1.17517,1.00,2.25
2016.12.27 17:19:32.087,1.17515,1.17517,1.00,1.00
2016.12.27 17:19:33.218,1.17516,1.17517,1.00,1.00
2016.12.27 17:19:33.269,1.17516,1.17519,1.50,1.00
2016.12.27 17:19:33.779,1.17516,1.1752,1.37,2.25
2016.12.27 17:19:34.295,1.17516,1.1752,1.12,2.25
2016.12.27 17:19:34.800,1.17515,1.17519,3.75,1.87
2016.12.27 17:19:36.047,1.17516,1.17518,1.12,1.50
2016.12.27 17:19:36.150,1.17514,1.17516,1.12,1.50
2016.12.27 17:19:36.352,1.17511,1.17514,1.31,1.00
2016.12.27 17:19:41.450,1.17511,1.17515,1.69,2.25
2016.12.27 17:19:45.277,1.17515,1.17516,1.00,1.50
2016.12.27 17:19:45.430,1.17518,1.1752,1.00,2.25
2016.12.27 17:19:45.531,1.1752,1.17524,1.00,3.94
2016.12.27 17:19:45.582,1.1752,1.17524,1.00,2.06
2016.12.27 17:19:46.038,1.17519,1.17521,2.25,1.00
2016.12.27 17:19:46.603,1.17516,1.1752,4.99,1.00
2016.12.27 17:19:47.111,1.17517,1.17521,1.50,1.00
2016.12.27 17:19:47.415,1.1752,1.17524,1.37,1.50
2016.12.27 17:19:47.719,1.17516,1.1752,2.44,2.25
2016.12.27 17:19:48.252,1.17516,1.1752,2.06,2.25
2016.12.27 17:19:49.333,1.17517,1.17521,1.00,2.62
2016.12.27 17:19:53.732,1.17518,1.17521,1.00,1.12
2016.12.27 17:19:54.237,1.17517,1.17521,1.50,1.12
2016.12.27 17:19:55.158,1.1752,1.17522,1.00,1.87
2016.12.27 17:19:55.209,1.1752,1.17524,1.50,1.12
2016.12.27 17:19:56.134,1.1752,1.17523,1.00,1.00
2016.12.27 17:19:56.640,1.17519,1.17523,2.81,1.00
2016.12.27 17:19:57.178,1.1752,1.17524,1.50,1.50
2016.12.27 17:19:57.679,1.1752,1.17523,1.50,1.00
2016.12.27 17:20:00.766,1.1752,1.17524,1.50,1.50
2016.12.27 17:20:00.919,1.17523,1.17525,1.00,1.00
2016.12.27 17:20:00.995,1.17523,1.17527,1.00,3.94
2016.12.27 17:20:01.148,1.17522,1.17523,1.12,1.00
2016.12.27 17:20:01.251,1.17518,1.17522,6.56,1.87
2016.12.27 17:20:01.403,1.17518,1.17522,1.00,2.81
2016.12.27 17:20:02.078,1.17518,1.17521,1.00,1.00
2016.12.27 17:20:02.611,1.17517,1.1752,1.12,1.00
2016.12.27 17:20:03.360,1.17517,1.17521,1.50,2.81
2016.12.27 17:20:04.501,1.17516,1.17521,1.50,2.06
2016.12.27 17:20:06.412,1.17517,1.17521,1.00,1.31
2016.12.27 17:20:07.604,1.17517,1.1752,1.00,1.00
2016.12.27 17:20:08.161,1.17516,1.1752,1.50,1.50
2016.12.27 17:20:08.752,1.17516,1.1752,1.00,1.87
2016.12.27 17:20:09.258,1.17516,1.1752,1.50,1.00
2016.12.27 17:20:09.763,1.17517,1.1752,1.00,1.00
2016.12.27 17:20:10.433,1.17517,1.17521,1.00,2.81
2016.12.27 17:20:10.736,1.17515,1.1752,5.06,2.25
2016.12.27 17:20:11.284,1.17515,1.1752,5.06,2.62
2016.12.27 17:20:11.335,1.17517,1.17521,1.00,4.69
2016.12.27 17:20:11.386,1.17517,1.17521,1.00,4.31
2016.12.27 17:20:11.928,1.17517,1.1752,1.00,1.00
2016.12.27 17:20:12.485,1.17517,1.17521,1.00,2.81
2016.12.27 17:20:17.325,1.17516,1.1752,1.50,1.00
2016.12.27 17:20:17.882,1.17516,1.17521,1.00,2.81
2016.12.27 17:20:18.437,1.17515,1.17519,4.31,1.00
2016.12.27 17:20:18.791,1.17516,1.17521,1.00,2.96
2016.12.27 17:20:19.544,1.17515,1.17519,4.31,1.00
2016.12.27 17:20:20.075,1.17515,1.1752,4.31,1.87
2016.12.27 17:20:20.660,1.17516,1.1752,1.00,1.12
2016.12.27 17:20:21.174,1.17515,1.17519,3.75,1.69
2016.12.27 17:20:21.807,1.17515,1.17519,3.00,2.81
2016.12.27 17:20:22.351,1.17515,1.17519,3.00,2.44
2016.12.27 17:20:22.848,1.17514,1.17515,3.00,1.00
2016.12.27 17:20:23.005,1.1751,1.17515,6.00,2.44
2016.12.27 17:20:23.075,1.1751,1.17515,1.50,1.69
2016.12.27 17:20:24.909,1.17511,1.17515,1.00,2.81
2016.12.27 17:20:30.439,1.1751,1.17514,1.50,1.50
2016.12.27 17:20:39.494,1.1751,1.17513,1.12,1.00
2016.12.27 17:20:48.951,1.1751,1.17514,2.85,1.00
2016.12.27 17:20:53.083,1.17511,1.17514,1.00,1.00
2016.12.27 17:20:53.613,1.17512,1.17515,1.50,1.25
2016.12.27 17:21:07.338,1.17512,1.17513,1.00,1.25
2016.12.27 17:21:07.388,1.1751,1.17513,1.50,1.25
2016.12.27 17:21:11.985,1.17509,1.17513,1.00,2.44
2016.12.27 17:21:26.367,1.17508,1.1751,3.37,1.00
2016.12.27 17:21:26.671,1.17506,1.17508,1.12,1.69
2016.12.27 17:21:26.823,1.17502,1.17503,2.25,1.00
2016.12.27 17:21:27.336,1.17502,1.17504,2.62,1.00
2016.12.27 17:21:33.214,1.17503,1.17504,1.69,1.50
2016.12.27 17:21:45.137,1.17505,1.17506,1.25,1.50
2016.12.27 17:21:45.262,1.17506,1.17508,1.00,1.00
2016.12.27 17:21:45.830,1.17506,1.17507,1.00,1.00
2016.12.27 17:21:46.083,1.17507,1.17509,1.00,1.00
2016.12.27 17:21:46.611,1.17507,1.1751,1.00,1.50
2016.12.27 17:21:47.390,1.17507,1.17509,1.20,1.00
2016.12.27 17:21:50.279,1.17506,1.17508,1.31,1.50
2016.12.27 17:21:50.855,1.17506,1.17507,1.25,1.00
2016.12.27 17:21:54.687,1.17505,1.17507,1.00,1.50
2016.12.27 17:21:55.092,1.17504,1.17505,2.06,1.00
2016.12.27 17:21:55.423,1.17502,1.17503,1.69,1.00
2016.12.27 17:21:55.962,1.17501,1.17503,3.19,1.00
2016.12.27 17:22:03.331,1.17502,1.17503,1.69,1.50
2016.12.27 17:22:08.390,1.17501,1.17503,1.00,1.00
2016.12.27 17:22:13.423,1.17501,1.17504,3.94,1.50
2016.12.27 17:22:18.221,1.17501,1.17505,3.94,2.25
2016.12.27 17:22:24.018,1.17501,1.17504,2.25,1.00
2016.12.27 17:22:24.726,1.17499,1.17503,4.31,1.50
2016.12.27 17:22:27.152,1.17501,1.17503,1.00,1.00
2016.12.27 17:22:27.203,1.17501,1.17505,1.00,1.50
2016.12.27 17:22:27.747,1.17501,1.17506,1.00,3.00
2016.12.27 17:22:31.114,1.17501,1.17505,1.00,1.00
2016.12.27 17:22:31.901,1.17501,1.17506,1.00,4.50
2016.12.27 17:22:32.575,1.17501,1.17505,1.00,1.00
2016.12.27 17:22:34.125,1.175,1.17503,1.20,1.00
2016.12.27 17:22:34.445,1.17496,1.17498,4.50,2.25
2016.12.27 17:22:34.496,1.17494,1.17498,3.56,3.00
2016.12.27 17:22:35.038,1.17494,1.17497,3.19,1.00
2016.12.27 17:22:44.766,1.17494,1.17498,2.25,5.44
2016.12.27 17:22:52.476,1.17494,1.17497,2.25,1.00
2016.12.27 17:22:55.213,1.17494,1.17498,3.00,4.31
2016.12.27 17:22:56.707,1.17494,1.17498,5.44,1.50
2016.12.27 17:23:00.419,1.17495,1.17499,1.12,2.25
2016.12.27 17:23:29.423,1.17494,1.17496,4.12,1.25
2016.12.27 17:23:29.683,1.17488,1.17491,8.81,1.00
2016.12.27 17:23:30.494,1.17489,1.17493,1.12,2.25
2016.12.27 17:23:55.222,1.17488,1.1749,6.37,1.50
2016.12.27 17:23:55.324,1.17486,1.1749,1.00,3.00
2016.12.27 17:23:55.379,1.17488,1.1749,1.00,2.25
2016.12.27 17:23:55.734,1.17488,1.17492,3.00,4.50
2016.12.27 17:24:09.698,1.17488,1.17489,1.50,1.00
2016.12.27 17:24:09.851,1.17484,1.17488,3.19,1.50
2016.12.27 17:24:10.994,1.17484,1.17487,1.31,1.00
2016.12.27 17:24:17.259,1.17484,1.17486,1.25,1.00
2016.12.27 17:24:17.462,1.17482,1.17486,2.44,1.50
2016.12.27 17:24:17.967,1.17482,1.17487,2.44,2.25
2016.12.27 17:24:18.526,1.17482,1.17486,2.44,2.25
2016.12.27 17:24:20.069,1.17482,1.17485,1.69,1.50
2016.12.27 17:24:20.576,1.17482,1.17486,1.69,3.00
2016.12.27 17:24:21.082,1.17482,1.17485,1.25,1.00
2016.12.27 17:24:22.331,1.17481,1.17485,2.62,1.50
2016.12.27 17:24:22.836,1.17481,1.17484,1.87,1.15
2016.12.27 17:24:23.342,1.17481,1.17485,4.69,1.00
2016.12.27 17:24:31.669,1.17483,1.17485,1.00,1.00
2016.12.27 17:24:32.175,1.17482,1.17486,1.12,1.61
2016.12.27 17:24:32.694,1.17481,1.17485,1.50,1.50
2016.12.27 17:24:33.202,1.17481,1.17484,1.12,1.00
2016.12.27 17:24:41.766,1.1748,1.17484,1.12,1.61
2016.12.27 17:24:49.740,1.17481,1.17484,1.00,1.15
2016.12.27 17:25:00.791,1.1748,1.17484,1.00,1.61
2016.12.27 17:25:04.151,1.17481,1.17484,1.00,1.15
2016.12.27 17:25:04.808,1.17481,1.17485,1.50,2.85
2016.12.27 17:25:27.865,1.17482,1.17485,1.00,2.10
2016.12.27 17:25:30.098,1.17482,1.17484,1.00,1.00
2016.12.27 17:25:32.675,1.17481,1.17484,2.25,1.00
2016.12.27 17:25:35.774,1.17481,1.17485,2.25,2.10
2016.12.27 17:25:55.125,1.17485,1.17486,1.00,2.10
2016.12.27 17:25:55.329,1.17485,1.17488,2.62,2.25
2016.12.27 17:25:55.380,1.17485,1.17486,1.00,1.00
2016.12.27 17:25:55.481,1.17483,1.17486,2.44,1.00
2016.12.27 17:25:56.369,1.17486,1.17487,1.00,1.00
2016.12.27 17:25:56.664,1.17482,1.17485,1.37,3.00
2016.12.27 17:25:57.475,1.17482,1.17486,1.87,1.50
2016.12.27 17:25:58.347,1.17482,1.17486,1.61,1.50
2016.12.27 17:25:58.832,1.17484,1.17485,1.76,1.00
2016.12.27 17:25:58.933,1.17483,1.17485,1.00,1.00
2016.12.27 17:25:59.453,1.17483,1.17486,1.31,1.50
2016.12.27 17:25:59.960,1.17481,1.17485,4.87,1.00
2016.12.27 17:26:00.466,1.17484,1.17486,1.00,1.00
2016.12.27 17:26:00.575,1.17483,1.17487,1.61,1.00
2016.12.27 17:26:00.727,1.17483,1.17486,1.61,1.00
2016.12.27 17:26:00.954,1.17482,1.17486,2.25,2.25
2016.12.27 17:26:01.944,1.17483,1.17487,1.12,2.25
2016.12.27 17:26:02.450,1.17484,1.17488,1.00,1.50
2016.12.27 17:26:08.133,1.17483,1.17488,3.56,1.50
2016.12.27 17:26:08.638,1.17483,1.17488,3.30,1.50
2016.12.27 17:26:10.270,1.17483,1.17488,2.44,1.50
2016.12.27 17:26:10.472,1.17484,1.17488,1.11,1.50
2016.12.27 17:26:13.315,1.17483,1.17488,1.50,1.50
2016.12.27 17:26:13.822,1.17483,1.17486,1.12,1.00
2016.12.27 17:26:13.924,1.17484,1.17488,1.00,2.25
2016.12.27 17:26:14.456,1.17485,1.17487,1.15,1.50
2016.12.27 17:26:14.558,1.17483,1.17484,1.12,1.00
2016.12.27 17:26:15.125,1.17481,1.17484,4.31,1.00
2016.12.27 17:26:28.565,1.17481,1.17486,4.69,1.50
2016.12.27 17:26:28.980,1.17486,1.17488,1.00,2.25
2016.12.27 17:26:29.082,1.17486,1.1749,1.20,2.44
2016.12.27 17:26:29.234,1.17486,1.17487,1.20,1.00
2016.12.27 17:26:29.386,1.17484,1.17487,1.25,1.00
2016.12.27 17:26:30.206,1.17484,1.17488,1.69,3.25
2016.12.27 17:26:30.410,1.17486,1.17488,1.00,1.49
2016.12.27 17:26:30.946,1.17485,1.17488,1.50,1.49
2016.12.27 17:26:33.997,1.17484,1.17488,1.87,1.25
2016.12.27 17:26:39.278,1.17485,1.17488,1.50,1.69
2016.12.27 17:26:39.379,1.17486,1.1749,1.00,1.12
2016.12.27 17:26:39.430,1.17485,1.17487,1.00,1.00
2016.12.27 17:26:39.583,1.17483,1.17487,1.12,1.50
2016.12.27 17:26:40.467,1.17484,1.17488,1.00,3.75
2016.12.27 17:26:41.015,1.17484,1.17489,1.87,1.69
2016.12.27 17:26:41.876,1.17484,1.17488,1.12,1.00
2016.12.27 17:26:43.493,1.17484,1.17487,1.12,1.00
2016.12.27 17:26:44.894,1.17484,1.17488,1.87,1.50
2016.12.27 17:26:47.496,1.17485,1.17489,1.00,3.19
2016.12.27 17:26:47.700,1.17483,1.17487,5.25,1.50
2016.12.27 17:26:48.225,1.17482,1.17486,3.56,1.50
2016.12.27 17:26:48.937,1.17483,1.17487,1.87,1.00
2016.12.27 17:26:49.462,1.17484,1.17488,1.00,1.69
2016.12.27 17:26:56.499,1.17484,1.17487,1.12,1.00
2016.12.27 17:26:58.764,1.17484,1.17488,1.12,2.44
2016.12.27 17:26:59.793,1.17483,1.17487,1.00,1.50
2016.12.27 17:27:00.325,1.17482,1.17486,2.06,2.25
2016.12.27 17:27:03.326,1.17483,1.17486,1.00,1.00
2016.12.27 17:27:03.895,1.17483,1.17487,1.00,1.00
2016.12.27 17:27:14.105,1.17483,1.17488,1.00,2.44
2016.12.27 17:27:14.684,1.17483,1.17487,1.00,1.50
2016.12.27 17:27:15.487,1.17482,1.17487,3.94,1.50
2016.12.27 17:27:15.860,1.17483,1.17485,1.25,1.00
2016.12.27 17:27:16.239,1.17482,1.17484,1.00,1.00
2016.12.27 17:27:16.341,1.17483,1.17485,1.25,1.50
2016.12.27 17:27:16.392,1.17482,1.17484,1.00,1.00
2016.12.27 17:27:16.443,1.17483,1.17485,1.25,1.50
2016.12.27 17:27:16.757,1.17482,1.17484,1.00,1.00
2016.12.27 17:27:16.960,1.17483,1.17487,1.87,1.50
2016.12.27 17:27:17.465,1.17483,1.17488,1.87,1.50
2016.12.27 17:27:18.438,1.17483,1.17487,2.25,1.00
2016.12.27 17:27:23.201,1.17483,1.17488,2.25,1.50
2016.12.27 17:27:25.238,1.17483,1.17487,1.50,1.00
2016.12.27 17:27:25.743,1.17483,1.17486,1.00,1.50
2016.12.27 17:27:28.096,1.17483,1.17486,1.00,1.87
2016.12.27 17:27:28.501,1.17482,1.17483,1.69,1.00
2016.12.27 17:27:31.176,1.17482,1.17484,1.69,1.50
2016.12.27 17:27:32.668,1.17482,1.17484,1.69,1.50
2016.12.27 17:27:37.418,1.17482,1.17483,1.25,1.00
2016.12.27 17:27:37.993,1.17482,1.17484,1.25,1.50
2016.12.27 17:27:47.759,1.17482,1.17484,1.62,1.50
2016.12.27 17:27:50.047,1.17481,1.17484,3.19,1.50
2016.12.27 17:27:52.737,1.17481,1.17483,2.81,1.00
2016.12.27 17:27:53.059,1.17478,1.17479,2.44,1.00
2016.12.27 17:27:53.160,1.17476,1.17478,1.31,1.00
2016.12.27 17:27:53.263,1.17478,1.17479,1.00,1.00
2016.12.27 17:27:53.364,1.17476,1.17478,1.50,1.50
2016.12.27 17:27:53.466,1.17477,1.17479,1.00,1.50
2016.12.27 17:27:53.517,1.17478,1.1748,1.50,1.00
2016.12.27 17:27:53.568,1.17478,1.17479,1.00,1.50
2016.12.27 17:27:53.671,1.17475,1.17477,3.56,1.00
2016.12.27 17:27:53.722,1.17477,1.17479,1.00,1.00
2016.12.27 17:27:54.026,1.17478,1.1748,2.85,1.00
2016.12.27 17:27:54.127,1.17477,1.17478,1.00,1.00
2016.12.27 17:27:54.229,1.17474,1.17478,3.19,1.00
2016.12.27 17:27:54.764,1.17474,1.17477,2.44,1.50
2016.12.27 17:27:55.325,1.17474,1.17478,3.94,1.50
2016.12.27 17:28:14.056,1.17473,1.17477,4.31,1.00
2016.12.27 17:28:28.289,1.17473,1.17477,2.44,1.50
2016.12.27 17:28:32.419,1.17473,1.17478,3.19,1.50
2016.12.27 17:28:35.075,1.17473,1.17474,1.50,1.00
2016.12.27 17:28:35.277,1.17469,1.17474,4.16,1.50
2016.12.27 17:28:35.656,1.17469,1.17473,2.66,1.00
2016.12.27 17:28:36.203,1.17469,1.17474,2.66,1.50
2016.12.27 17:28:36.812,1.1747,1.17474,1.00,1.50
2016.12.27 17:28:37.900,1.17469,1.17472,1.31,1.00
2016.12.27 17:28:38.420,1.17469,1.17473,2.06,1.50
2016.12.27 17:28:39.360,1.17469,1.17472,1.31,1.00
2016.12.27 17:28:39.925,1.17469,1.17473,2.06,2.25
2016.12.27 17:28:49.024,1.17469,1.17472,1.69,1.00
2016.12.27 17:28:49.736,1.17469,1.17473,1.69,3.00
2016.12.27 17:28:58.242,1.17469,1.17474,2.29,3.37
2016.12.27 17:29:00.134,1.17472,1.17474,1.00,1.87
2016.12.27 17:29:00.488,1.17472,1.17477,5.06,1.00
2016.12.27 17:29:00.590,1.17472,1.17477,5.06,1.22
2016.12.27 17:29:16.130,1.17473,1.17477,1.00,1.22
2016.12.27 17:29:16.383,1.17473,1.17477,1.00,1.00
2016.12.27 17:29:16.484,1.17472,1.17475,4.31,1.15
2016.12.27 17:29:22.376,1.17473,1.17477,1.00,1.61
2016.12.27 17:29:22.912,1.17474,1.17478,1.00,1.61
2016.12.27 17:29:23.200,1.17474,1.17478,1.00,1.00
2016.12.27 17:29:24.232,1.17474,1.17479,1.00,6.56
2016.12.27 17:29:25.000,1.17474,1.17478,1.50,1.00
2016.12.27 17:29:29.307,1.17474,1.17477,1.00,1.00
2016.12.27 17:29:29.865,1.17473,1.17477,1.50,1.00
2016.12.27 17:29:30.563,1.17474,1.17478,1.00,1.50
2016.12.27 17:29:33.101,1.17474,1.17477,1.50,1.00
2016.12.27 17:29:33.701,1.17474,1.17475,1.00,1.00
2016.12.27 17:29:33.803,1.17472,1.17476,1.50,2.25
2016.12.27 17:29:34.345,1.17472,1.17476,1.50,3.00
2016.12.27 17:29:51.053,1.17473,1.17475,1.00,1.00
2016.12.27 17:29:51.185,1.17474,1.17477,1.00,1.00
2016.12.27 17:29:51.694,1.17473,1.17476,1.00,1.87
2016.12.27 17:29:51.758,1.17471,1.17472,1.50,1.00
2016.12.27 17:29:51.860,1.1747,1.17472,1.00,2.25
2016.12.27 17:29:51.962,1.17469,1.17471,1.50,1.00
2016.12.27 17:29:52.507,1.17468,1.17471,1.50,1.00
2016.12.27 17:29:53.013,1.17468,1.17472,1.50,1.50
2016.12.27 17:29:53.624,1.17468,1.17471,1.50,1.00
2016.12.27 17:29:56.906,1.17467,1.17469,1.12,1.00
2016.12.27 17:29:58.133,1.17467,1.17468,1.00,1.00
2016.12.27 17:30:00.148,1.17467,1.17469,1.00,2.25
2016.12.27 17:30:05.502,1.17467,1.1747,1.00,1.25
2016.12.27 17:30:11.721,1.17466,1.1747,1.87,1.69
2016.12.27 17:30:13.278,1.17465,1.17469,2.62,1.50
2016.12.27 17:30:13.683,1.17464,1.17469,3.82,3.00
2016.12.27 17:30:14.189,1.17464,1.17468,3.37,1.00
2016.12.27 17:30:14.883,1.17465,1.17469,1.00,3.00
2016.12.27 17:30:17.420,1.17464,1.17468,3.19,1.00
2016.12.27 17:30:20.576,1.17464,1.17469,3.19,2.25
2016.12.27 17:30:27.747,1.17465,1.17469,1.00,2.25
2016.12.27 17:30:31.328,1.17465,1.1747,1.12,6.04
2016.12.27 17:30:32.200,1.17465,1.17469,1.00,1.00
2016.12.27 17:30:32.805,1.17465,1.1747,1.00,7.54
2016.12.27 17:30:33.535,1.17464,1.17467,1.31,1.00
2016.12.27 17:30:33.738,1.17462,1.17466,1.31,1.00
2016.12.27 17:30:36.542,1.17463,1.17467,1.00,1.50
2016.12.27 17:30:36.593,1.17465,1.17467,1.00,1.00
2016.12.27 17:30:36.644,1.17465,1.17469,1.00,2.25
2016.12.27 17:30:40.037,1.17465,1.17469,3.00,1.00
2016.12.27 17:30:40.539,1.17465,1.17469,2.25,1.50
2016.12.27 17:30:44.373,1.17465,1.17469,4.31,1.00
2016.12.27 17:30:44.944,1.17465,1.1747,5.06,1.50
2016.12.27 17:30:45.716,1.17465,1.17469,5.44,1.00
2016.12.27 17:30:46.282,1.17465,1.17469,4.69,2.25
2016.12.27 17:30:48.347,1.17465,1.17468,2.25,1.00
2016.12.27 17:30:48.398,1.17465,1.17466,1.50,1.50
2016.12.27 17:30:48.449,1.17462,1.17466,1.87,3.00
2016.12.27 17:30:49.043,1.17461,1.17465,2.81,1.00
2016.12.27 17:30:49.637,1.17461,1.17465,2.44,1.00
2016.12.27 17:30:50.365,1.17463,1.17465,1.50,1.00
2016.12.27 17:30:50.896,1.17462,1.17466,1.12,1.50
2016.12.27 17:30:51.419,1.17461,1.17465,4.31,1.00
2016.12.27 17:30:52.041,1.17462,1.17466,1.00,3.00
2016.12.27 17:30:52.855,1.17461,1.17465,2.06,2.25
2016.12.27 17:30:53.162,1.17464,1.17466,1.20,1.00
2016.12.27 17:30:53.365,1.1746,1.17464,2.62,2.25
2016.12.27 17:31:01.380,1.1746,1.17463,1.50,1.00
2016.12.27 17:31:01.825,1.17458,1.17463,8.06,3.75
2016.12.27 17:31:02.081,1.17458,1.17461,3.56,1.00
2016.12.27 17:31:05.345,1.17458,1.17462,3.94,1.50
2016.12.27 17:31:05.801,1.17458,1.17463,5.06,6.00
2016.12.27 17:31:07.078,1.17458,1.17462,5.06,1.00
2016.12.27 17:31:08.298,1.17458,1.17462,3.94,1.50
2016.12.27 17:31:21.210,1.17458,1.17462,3.19,1.00
2016.12.27 17:31:24.158,1.17458,1.17463,3.19,5.25
2016.12.27 17:31:33.360,1.17458,1.17462,3.19,1.00
2016.12.27 17:31:33.925,1.17458,1.17462,4.31,1.00
2016.12.27 17:31:38.757,1.17458,1.17463,4.31,3.75
2016.12.27 17:31:47.828,1.17458,1.17463,3.19,3.75
2016.12.27 17:31:50.132,1.17458,1.17463,4.31,3.75
2016.12.27 17:31:50.646,1.17458,1.17462,3.94,1.00
2016.12.27 17:31:51.000,1.17458,1.17459,2.25,2.10
2016.12.27 17:31:51.102,1.17454,1.17457,5.25,1.50
2016.12.27 17:31:51.153,1.17454,1.17457,1.00,1.00
2016.12.27 17:31:51.665,1.17453,1.17457,1.87,2.25
2016.12.27 17:31:56.289,1.17453,1.17456,1.07,1.00
2016.12.27 17:32:00.127,1.17452,1.17457,1.87,4.50
2016.12.27 17:32:00.639,1.17452,1.17456,1.87,1.00
2016.12.27 17:32:07.283,1.17452,1.17456,1.50,1.00
2016.12.27 17:32:10.064,1.17454,1.17457,1.12,1.50
2016.12.27 17:32:10.571,1.17453,1.17458,3.00,3.94
2016.12.27 17:32:11.144,1.17453,1.17457,3.00,1.00
2016.12.27 17:32:13.186,1.17454,1.17458,1.31,5.25
2016.12.27 17:32:14.665,1.17453,1.17458,2.25,3.00
2016.12.27 17:32:15.173,1.17453,1.17457,1.50,1.00
2016.12.27 17:32:16.555,1.17457,1.17459,1.00,1.50
2016.12.27 17:32:16.859,1.17453,1.17456,6.37,1.00
2016.12.27 17:32:16.960,1.17452,1.17456,2.25,1.00
2016.12.27 17:32:17.856,1.17453,1.17457,1.00,1.25
2016.12.27 17:32:20.195,1.17453,1.17456,1.12,1.00
2016.12.27 17:32:21.048,1.17453,1.17457,1.12,1.69
2016.12.27 17:32:23.078,1.17453,1.17456,1.00,1.00
2016.12.27 17:32:23.996,1.17452,1.17455,1.37,1.00
2016.12.27 17:32:24.301,1.17451,1.17454,1.69,1.50
2016.12.27 17:32:24.840,1.17451,1.17453,1.31,1.00
2016.12.27 17:32:25.373,1.17451,1.17454,1.31,1.50
2016.12.27 17:32:25.904,1.17451,1.17453,1.25,1.50
2016.12.27 17:32:27.501,1.17451,1.17454,1.31,1.50
2016.12.27 17:32:28.227,1.17451,1.17454,1.69,1.50
2016.12.27 17:32:33.386,1.17451,1.17455,2.81,2.25
2016.12.27 17:32:41.029,1.17451,1.17455,3.19,1.50
2016.12.27 17:32:42.607,1.17451,1.17456,2.06,4.12
2016.12.27 17:32:46.670,1.17451,1.17456,2.44,2.25
2016.12.27 17:32:51.046,1.17451,1.17455,3.56,1.00
2016.12.27 17:32:55.441,1.17451,1.17456,3.56,2.25
2016.12.27 17:32:59.969,1.17451,1.17456,2.06,2.62
2016.12.27 17:33:00.790,1.17451,1.17456,2.81,2.25
2016.12.27 17:33:01.863,1.17451,1.17455,2.81,1.00
2016.12.27 17:33:02.408,1.17451,1.17456,2.81,3.00
2016.12.27 17:33:32.307,1.17451,1.17455,2.81,1.00
2016.12.27 17:33:47.336,1.17451,1.17456,3.56,2.25
2016.12.27 17:33:47.942,1.17451,1.17455,3.56,1.00
2016.12.27 17:33:48.696,1.17451,1.17456,2.81,2.25
2016.12.27 17:33:49.216,1.17451,1.17455,2.81,1.00
2016.12.27 17:33:50.537,1.17451,1.17456,2.81,2.25
2016.12.27 17:33:53.488,1.17451,1.17456,2.06,3.37
2016.12.27 17:33:54.043,1.17451,1.17455,1.31,1.00
2016.12.27 17:33:54.095,1.1745,1.17453,4.12,1.00
2016.12.27 17:33:54.247,1.17451,1.17455,1.00,1.87
2016.12.27 17:33:54.399,1.17451,1.17454,2.62,1.00
2016.12.27 17:33:54.501,1.17451,1.17454,1.72,1.00
2016.12.27 17:33:55.030,1.17451,1.17454,1.87,1.00
2016.12.27 17:33:55.534,1.17451,1.17455,1.87,1.00
2016.12.27 17:33:57.285,1.17456,1.17457,1.00,2.25
2016.12.27 17:33:57.431,1.17458,1.1746,2.44,1.00
2016.12.27 17:33:57.482,1.17459,1.17462,2.06,1.00
2016.12.27 17:33:57.634,1.17457,1.17461,3.94,1.50
2016.12.27 17:33:58.155,1.17457,1.1746,2.06,1.00
2016.12.27 17:33:58.843,1.17457,1.17462,3.90,3.00
2016.12.27 17:33:59.096,1.17458,1.17462,1.37,2.25
2016.12.27 17:33:59.643,1.17458,1.17463,1.84,3.56
2016.12.27 17:34:03.245,1.17459,1.17462,1.12,1.00
2016.12.27 17:34:09.741,1.17458,1.17462,2.40,1.00
2016.12.27 17:34:10.096,1.1746,1.17464,1.00,1.00
2016.12.27 17:34:10.400,1.17455,1.17458,1.69,1.00
2016.12.27 17:34:10.907,1.17455,1.17459,4.27,1.00
2016.12.27 17:34:13.268,1.17456,1.17459,1.00,1.00
2016.12.27 17:34:13.774,1.17456,1.1746,1.00,1.00
2016.12.27 17:34:15.730,1.17456,1.17461,1.00,2.06
2016.12.27 17:34:16.109,1.17458,1.17463,1.00,5.06
2016.12.27 17:34:16.614,1.17458,1.17463,2.21,3.19
2016.12.27 17:34:31.231,1.17459,1.17464,1.12,4.87
2016.12.27 17:34:32.374,1.17459,1.17463,1.12,1.00
2016.12.27 17:34:42.704,1.17459,1.17462,1.12,1.00
2016.12.27 17:34:42.806,1.1746,1.17464,1.00,2.25
2016.12.27 17:34:43.059,1.17458,1.17462,5.44,1.50
2016.12.27 17:34:43.363,1.17457,1.1746,1.00,1.00
2016.12.27 17:34:47.109,1.17457,1.17461,1.00,1.12
2016.12.27 17:34:47.515,1.17459,1.17462,1.00,1.50
2016.12.27 17:34:48.763,1.1746,1.17462,1.00,1.00
2016.12.27 17:34:49.218,1.17461,1.17464,1.00,1.50
2016.12.27 17:34:49.746,1.17459,1.17464,3.90,2.62
2016.12.27 17:34:50.345,1.17461,1.17466,2.96,6.00
2016.12.27 17:34:50.446,1.17463,1.17466,1.12,1.00
2016.12.27 17:34:50.771,1.17465,1.17467,1.25,1.00
2016.12.27 17:34:51.283,1.17464,1.17467,1.00,1.00
2016.12.27 17:34:52.233,1.17465,1.17468,1.00,2.25
2016.12.27 17:34:52.386,1.17466,1.17471,1.00,3.00
2016.12.27 17:34:57.788,1.17467,1.17471,1.00,1.00
2016.12.27 17:34:58.301,1.17466,1.17471,1.50,1.50
2016.12.27 17:34:58.678,1.17468,1.17472,1.00,1.00
2016.12.27 17:34:59.655,1.17468,1.17471,1.00,1.00
2016.12.27 17:35:00.160,1.17467,1.17471,1.87,1.00
2016.12.27 17:35:08.371,1.17466,1.17471,3.94,1.00
2016.12.27 17:35:12.092,1.17467,1.17471,1.00,1.50
2016.12.27 17:35:16.013,1.17466,1.17471,5.44,1.50
2016.12.27 17:35:19.469,1.17467,1.17471,1.00,1.00
2016.12.27 17:35:20.000,1.17468,1.17472,1.00,1.00
2016.12.27 17:35:20.304,1.17466,1.17471,2.81,1.50
2016.12.27 17:35:25.708,1.17467,1.17471,1.00,1.50
2016.12.27 17:35:26.084,1.17466,1.17469,1.00,2.25
2016.12.27 17:35:26.338,1.17459,1.17464,2.62,1.00
2016.12.27 17:35:26.845,1.1746,1.17465,1.00,1.00
2016.12.27 17:35:27.552,1.17461,1.17466,1.00,7.31
2016.12.27 17:35:28.123,1.17462,1.17466,1.00,4.12
2016.12.27 17:35:28.635,1.17462,1.17467,1.00,3.75
2016.12.27 17:35:38.214,1.17461,1.17466,1.50,1.50
2016.12.27 17:35:42.544,1.17462,1.17467,1.00,4.50
2016.12.27 17:35:57.885,1.17462,1.17466,1.25,1.00
2016.12.27 17:35:57.987,1.17461,1.17464,1.12,1.00
2016.12.27 17:35:58.493,1.1746,1.17465,3.19,1.00
2016.12.27 17:36:02.261,1.1746,1.17464,3.00,1.00
2016.12.27 17:36:03.284,1.1746,1.17465,3.00,1.50
2016.12.27 17:36:03.813,1.17461,1.17466,1.00,2.44
2016.12.27 17:36:04.678,1.17461,1.17466,2.25,2.44
2016.12.27 17:36:11.400,1.17464,1.17467,1.00,1.00
2016.12.27 17:36:11.602,1.17466,1.17471,1.00,2.44
2016.12.27 17:36:13.499,1.17465,1.17469,1.12,1.00
2016.12.27 17:36:14.048,1.17465,1.1747,1.12,1.50
2016.12.27 17:36:14.591,1.17466,1.17471,1.12,1.50
2016.12.27 17:36:15.807,1.17465,1.17466,1.12,1.00
2016.12.27 17:36:16.030,1.1746,1.17465,3.56,1.50
2016.12.27 17:36:16.566,1.1746,1.17464,3.56,1.50
2016.12.27 17:36:17.096,1.1746,1.17465,3.56,1.50
2016.12.27 17:36:17.797,1.17461,1.17465,1.00,1.00
2016.12.27 17:36:18.100,1.1746,1.17463,1.12,3.56
2016.12.27 17:36:18.404,1.17453,1.17457,4.12,1.50
2016.12.27 17:36:18.455,1.17452,1.17457,3.94,1.50
2016.12.27 17:36:19.384,1.17452,1.17456,2.06,1.00
2016.12.27 17:36:19.889,1.17451,1.17455,3.19,1.50
2016.12.27 17:36:22.219,1.17452,1.17456,1.50,1.50
2016.12.27 17:36:40.234,1.17452,1.17455,1.00,1.00
2016.12.27 17:36:40.749,1.1745,1.17455,5.81,1.50
2016.12.27 17:36:44.296,1.17452,1.17455,1.00,1.00
2016.12.27 17:36:44.398,1.17452,1.17457,1.50,4.09
2016.12.27 17:36:48.270,1.17452,1.17457,1.12,4.09
2016.12.27 17:36:54.157,1.17451,1.17456,1.87,1.00
2016.12.27 17:36:54.662,1.17451,1.17456,1.12,1.57
2016.12.27 17:36:55.167,1.17452,1.17456,1.00,1.10
2016.12.27 17:36:57.988,1.17452,1.17457,1.50,3.26
2016.12.27 17:36:58.518,1.17452,1.17457,1.50,4.76
2016.12.27 17:37:03.618,1.17451,1.17456,3.15,1.00
2016.12.27 17:37:03.670,1.17451,1.17456,1.65,1.00
2016.12.27 17:37:07.643,1.17452,1.17456,1.00,1.50
2016.12.27 17:37:14.917,1.17451,1.17456,1.87,1.50
2016.12.27 17:37:16.045,1.1745,1.17455,7.50,1.50
2016.12.27 17:37:16.707,1.17451,1.17456,1.87,2.62
2016.12.27 17:37:17.227,1.17452,1.17456,1.12,1.50
2016.12.27 17:37:18.956,1.17452,1.17457,2.25,1.50
2016.12.27 17:37:19.419,1.17453,1.17457,2.74,1.00
2016.12.27 17:37:19.520,1.17453,1.17457,1.87,1.00
2016.12.27 17:37:19.723,1.17453,1.17458,2.74,1.69
2016.12.27 17:37:19.824,1.17453,1.17457,1.87,1.00
2016.12.27 17:37:19.925,1.17453,1.17458,2.74,2.44
2016.12.27 17:37:20.844,1.17456,1.17459,1.95,1.00
2016.12.27 17:37:20.945,1.17458,1.17462,1.69,1.50
2016.12.27 17:37:21.480,1.17457,1.17462,3.49,1.25
2016.12.27 17:37:30.542,1.17458,1.17462,1.50,1.25
2016.12.27 17:37:33.147,1.17458,1.17462,1.99,1.25
2016.12.27 17:37:33.716,1.17458,1.17462,1.24,1.25
2016.12.27 17:37:34.233,1.17458,1.17462,1.52,1.69
2016.12.27 17:37:43.597,1.17461,1.17465,1.00,5.06
2016.12.27 17:37:44.031,1.17461,1.17462,1.00,1.00
2016.12.27 17:37:44.133,1.17459,1.17462,1.00,1.00
2016.12.27 17:37:45.060,1.17459,1.17463,1.52,1.65
2016.12.27 17:37:45.569,1.17459,1.17464,1.61,1.50
2016.12.27 17:37:47.046,1.1746,1.17465,1.37,2.06
2016.12.27 17:37:47.553,1.1746,1.17464,1.37,1.00
2016.12.27 17:37:51.072,1.17461,1.17466,1.12,1.50
2016.12.27 17:37:51.578,1.17461,1.17465,1.50,1.00
2016.12.27 17:37:59.675,1.17464,1.17467,1.00,1.00
2016.12.27 17:37:59.727,1.17465,1.17469,1.00,6.37
2016.12.27 17:38:00.235,1.17465,1.1747,1.24,1.00
2016.12.27 17:38:03.808,1.17466,1.17471,1.00,1.12
2016.12.27 17:38:03.858,1.17468,1.17472,1.00,6.19
2016.12.27 17:38:04.380,1.17468,1.17472,1.12,2.44
2016.12.27 17:38:07.464,1.1747,1.17472,1.00,1.25
2016.12.27 17:38:08.009,1.17469,1.17472,1.00,1.25
2016.12.27 17:38:10.890,1.17468,1.17471,1.15,1.00
2016.12.27 17:38:11.418,1.17467,1.17472,1.99,2.44
2016.12.27 17:38:19.468,1.17469,1.17472,1.00,1.25
2016.12.27 17:38:25.545,1.17469,1.17473,1.50,1.00
2016.12.27 17:38:25.751,1.17467,1.17472,2.25,1.50
2016.12.27 17:38:26.257,1.17467,1.17471,2.25,1.25
2016.12.27 17:38:27.102,1.17467,1.17471,2.62,1.25
2016.12.27 17:38:27.607,1.17467,1.17471,2.25,1.69
2016.12.27 17:38:28.711,1.17467,1.17472,2.25,3.00
2016.12.27 17:38:31.515,1.17467,1.17469,1.50,1.00
2016.12.27 17:38:31.819,1.17462,1.17465,1.00,1.19
2016.12.27 17:38:32.358,1.17461,1.17465,1.99,1.19
2016.12.27 17:38:32.674,1.17461,1.17466,1.99,1.25
2016.12.27 17:38:32.977,1.17462,1.17467,1.00,4.80
2016.12.27 17:38:33.079,1.17461,1.17466,2.25,1.25
2016.12.27 17:38:33.282,1.17463,1.17467,1.00,1.80
2016.12.27 17:38:33.383,1.17463,1.17467,1.00,2.44
2016.12.27 17:38:33.517,1.1746,1.17462,2.62,1.19
2016.12.27 17:38:33.619,1.17458,1.17462,5.25,2.44
2016.12.27 17:38:33.721,1.17457,1.17462,1.87,2.44
2016.12.27 17:38:34.485,1.17458,1.1746,1.00,1.25
2016.12.27 17:38:35.014,1.17459,1.1746,1.12,1.25
2016.12.27 17:38:35.489,1.17459,1.17462,1.12,1.25
2016.12.27 17:38:40.047,1.17459,1.17462,2.62,1.25
2016.12.27 17:38:40.550,1.17459,1.17462,2.25,1.25
2016.12.27 17:38:41.334,1.17461,1.17464,1.00,1.00
2016.12.27 17:38:41.835,1.1746,1.17461,1.12,1.25
2016.12.27 17:38:41.936,1.17458,1.17461,2.62,1.25
2016.12.27 17:38:42.484,1.17458,1.17462,1.87,1.69
2016.12.27 17:38:42.955,1.17459,1.17464,2.25,1.69
2016.12.27 17:38:44.209,1.17461,1.17464,1.00,1.25
2016.12.27 17:38:44.668,1.17461,1.17462,1.12,1.25
2016.12.27 17:38:44.719,1.17458,1.17462,2.62,1.25
2016.12.27 17:38:45.276,1.17458,1.17462,1.87,1.25
2016.12.27 17:38:45.781,1.17459,1.17463,1.00,1.00
2016.12.27 17:38:49.238,1.17459,1.17464,1.12,1.69
2016.12.27 17:38:49.743,1.1746,1.17464,1.87,1.25
2016.12.27 17:38:54.616,1.1746,1.17465,4.12,1.00
2016.12.27 17:38:55.745,1.17462,1.17466,1.50,1.87
2016.12.27 17:38:56.049,1.17465,1.17467,1.50,4.68
2016.12.27 17:38:56.150,1.17462,1.17467,3.75,5.05
2016.12.27 17:38:56.201,1.17462,1.17464,3.75,1.00
2016.12.27 17:38:57.040,1.17461,1.17464,4.12,1.00
2016.12.27 17:38:57.560,1.17461,1.17465,3.75,1.25
2016.12.27 17:38:57.986,1.17462,1.17467,1.50,2.06
2016.12.27 17:38:59.151,1.17463,1.17467,1.00,1.31
2016.12.27 17:39:17.676,1.17464,1.17468,1.69,1.12
2016.12.27 17:39:17.828,1.17465,1.1747,1.50,3.94
2016.12.27 17:39:17.879,1.17465,1.17466,1.50,1.00
2016.12.27 17:39:18.031,1.17461,1.17465,6.37,1.69
2016.12.27 17:39:18.082,1.17461,1.17465,2.62,1.69
2016.12.27 17:39:18.880,1.17462,1.17466,1.00,2.25
2016.12.27 17:39:19.398,1.17462,1.17467,2.25,1.69
2016.12.27 17:39:20.840,1.17463,1.17467,1.00,1.25
2016.12.27 17:39:21.975,1.17462,1.17467,1.50,2.06
2016.12.27 17:39:22.482,1.17462,1.17467,1.00,3.19
2016.12.27 17:39:24.027,1.17462,1.17467,1.00,3.56
2016.12.27 17:39:25.038,1.17462,1.17466,1.00,1.00
2016.12.27 17:39:26.706,1.17461,1.17466,3.75,2.25
2016.12.27 17:39:29.117,1.17462,1.17466,1.00,2.25
2016.12.27 17:39:29.653,1.17462,1.17465,1.00,1.00
2016.12.27 17:39:30.569,1.17461,1.17465,3.75,1.00
2016.12.27 17:39:31.610,1.17462,1.17465,1.00,1.00
2016.12.27 17:39:35.631,1.17461,1.17465,3.75,1.00
2016.12.27 17:39:36.661,1.17462,1.17465,1.00,1.00
2016.12.27 17:39:37.179,1.17462,1.17466,1.00,1.00
2016.12.27 17:39:38.912,1.17461,1.17466,2.25,2.25
2016.12.27 17:39:40.452,1.17462,1.17466,1.00,1.00
2016.12.27 17:39:51.368,1.17463,1.17467,1.00,2.81
2016.12.27 17:40:05.495,1.17463,1.17466,1.50,1.00
2016.12.27 17:40:06.000,1.17462,1.17466,2.25,1.00
2016.12.27 17:40:08.076,1.17462,1.17465,1.50,1.00
2016.12.27 17:40:08.607,1.17461,1.17465,2.25,1.00
2016.12.27 17:40:19.711,1.17461,1.17466,1.50,1.87
2016.12.27 17:40:21.266,1.17462,1.17467,1.00,2.44
2016.12.27 17:40:24.219,1.17461,1.17467,2.25,4.69
2016.12.27 17:40:27.817,1.17461,1.17466,2.25,1.00
2016.12.27 17:40:28.337,1.17461,1.17466,1.87,1.00
2016.12.27 17:40:43.237,1.17462,1.17466,1.00,1.00
2016.12.27 17:40:43.643,1.17462,1.17464,1.00,1.50
2016.12.27 17:40:43.846,1.17456,1.1746,1.50,2.06
2016.12.27 17:40:43.947,1.17455,1.1746,2.25,2.06
2016.12.27 17:40:44.426,1.17458,1.1746,1.00,1.25
2016.12.27 17:40:44.527,1.17457,1.17463,2.81,3.19
2016.12.27 17:40:44.780,1.17459,1.17463,1.00,1.25
2016.12.27 17:40:45.300,1.17459,1.17465,1.50,2.25
2016.12.27 17:40:54.985,1.17459,1.17463,1.50,1.00
2016.12.27 17:41:00.934,1.17458,1.17463,1.87,1.00
2016.12.27 17:41:04.023,1.17459,1.17463,1.00,2.25
2016.12.27 17:41:05.093,1.17459,1.17464,1.87,2.25
2016.12.27 17:41:06.493,1.17461,1.17464,1.00,2.25
2016.12.27 17:41:06.898,1.17458,1.17463,2.06,1.00
2016.12.27 17:41:07.668,1.17458,1.17464,2.06,5.44
2016.12.27 17:41:07.770,1.1746,1.17464,1.00,1.69
2016.12.27 17:41:08.178,1.17461,1.17466,1.69,1.12
2016.12.27 17:41:14.703,1.17462,1.17467,1.00,5.06
2016.12.27 17:41:14.905,1.17462,1.17464,1.00,1.50
2016.12.27 17:41:15.007,1.17459,1.17463,1.37,1.69
2016.12.27 17:41:16.025,1.17459,1.17464,3.19,3.00
2016.12.27 17:41:16.569,1.1746,1.17465,1.87,1.69
2016.12.27 17:41:17.095,1.17461,1.17466,1.25,1.12
2016.12.27 17:41:18.538,1.17461,1.17465,1.25,2.25
2016.12.27 17:41:18.589,1.17459,1.17464,2.44,1.00
2016.12.27 17:41:19.127,1.17459,1.17463,1.31,1.00
2016.12.27 17:41:19.735,1.17458,1.17464,4.31,2.06
2016.12.27 17:41:20.464,1.17458,1.17463,4.69,1.00
2016.12.27 17:41:21.211,1.17458,1.17464,3.94,1.69
2016.12.27 17:41:23.626,1.17459,1.17464,1.00,1.69
2016.12.27 17:41:24.573,1.17459,1.17463,1.00,1.00
2016.12.27 17:41:25.098,1.17459,1.17464,1.50,1.69
2016.12.27 17:41:27.774,1.17459,1.17463,1.00,1.00
2016.12.27 17:41:28.323,1.17458,1.17462,2.44,1.10
2016.12.27 17:41:28.798,1.17459,1.17464,1.00,1.69
2016.12.27 17:41:29.119,1.17459,1.17462,1.00,1.00
2016.12.27 17:41:29.423,1.17456,1.1746,1.50,1.00
2016.12.27 17:41:30.164,1.17456,1.17461,2.25,1.65
2016.12.27 17:41:30.468,1.17459,1.17464,1.50,1.50
2016.12.27 17:41:30.773,1.17457,1.17461,1.57,1.00
2016.12.27 17:41:30.823,1.17456,1.17461,2.06,1.20
2016.12.27 17:41:31.731,1.17456,1.17462,3.56,1.50
2016.12.27 17:41:32.505,1.17458,1.17462,1.00,1.00
2016.12.27 17:41:32.838,1.17456,1.1746,1.12,1.00
2016.12.27 17:41:33.730,1.17456,1.17461,1.12,3.19
2016.12.27 17:41:34.034,1.17459,1.17463,1.00,1.00
2016.12.27 17:41:34.236,1.17456,1.17461,2.44,2.14
2016.12.27 17:41:35.044,1.17457,1.17461,1.00,1.20
2016.12.27 17:41:35.196,1.17458,1.17463,1.00,3.75
2016.12.27 17:41:35.348,1.17458,1.17461,2.62,1.69
2016.12.27 17:41:35.552,1.17455,1.17461,5.44,3.19
2016.12.27 17:41:36.414,1.17457,1.17462,1.00,3.19
2016.12.27 17:41:36.667,1.17459,1.17464,1.00,3.19
2016.12.27 17:41:36.819,1.17456,1.17461,1.37,3.19
2016.12.27 17:41:37.349,1.17455,1.17461,4.31,3.94
2016.12.27 17:41:37.865,1.17458,1.17462,2.44,1.12
2016.12.27 17:41:37.967,1.17458,1.17464,1.69,6.19
2016.12.27 17:41:39.110,1.17458,1.17462,1.00,2.25
2016.12.27 17:41:39.313,1.17455,1.1746,2.62,1.69
2016.12.27 17:41:40.132,1.17457,1.17461,1.00,3.37
2016.12.27 17:41:40.233,1.17458,1.17463,3.56,1.12
2016.12.27 17:41:40.335,1.17458,1.17461,1.12,1.25
2016.12.27 17:41:40.538,1.17456,1.17461,1.12,3.94
2016.12.27 17:41:41.463,1.17456,1.17462,3.19,3.56
2016.12.27 17:41:41.676,1.17458,1.17463,1.69,3.37
2016.12.27 17:41:41.979,1.17458,1.17464,2.81,2.06
2016.12.27 17:41:46.569,1.17458,1.17462,2.06,1.00
2016.12.27 17:41:47.075,1.17458,1.17463,1.31,1.50
2016.12.27 17:41:55.757,1.17458,1.17462,1.31,1.50
2016.12.27 17:41:56.260,1.17457,1.17461,1.12,1.00
2016.12.27 17:42:18.575,1.17456,1.17461,1.12,1.50
2016.12.27 17:42:20.077,1.17459,1.17461,1.35,1.00
2016.12.27 17:42:20.230,1.1746,1.17464,1.12,1.00
2016.12.27 17:42:20.484,1.17458,1.17461,2.62,1.00
2016.12.27 17:42:21.001,1.17458,1.17461,1.00,2.62
2016.12.27 17:42:38.835,1.17458,1.17462,1.00,2.44
2016.12.27 17:42:39.353,1.17457,1.17462,1.20,2.06
2016.12.27 17:42:40.078,1.17457,1.17461,1.20,1.00
2016.12.27 17:42:46.782,1.17456,1.17461,1.25,4.12
2016.12.27 17:43:04.218,1.17456,1.17459,1.25,1.50
2016.12.27 17:43:04.725,1.17455,1.17458,1.50,1.00
2016.12.27 17:43:05.129,1.17455,1.1746,1.00,2.44
2016.12.27 17:43:05.635,1.17456,1.1746,1.00,1.69
2016.12.27 17:43:08.218,1.17456,1.1746,1.00,1.19
2016.12.27 17:43:18.431,1.17455,1.1746,1.50,2.25
2016.12.27 17:43:18.990,1.17454,1.17459,1.50,2.25
2016.12.27 17:43:20.253,1.17453,1.17458,2.25,2.25
2016.12.27 17:43:20.755,1.17452,1.17458,2.25,3.75
2016.12.27 17:43:22.074,1.17452,1.17457,1.50,1.00
2016.12.27 17:43:25.638,1.17452,1.17458,1.50,4.12
2016.12.27 17:43:26.511,1.17452,1.17457,1.50,1.00
2016.12.27 17:43:27.021,1.17452,1.17458,1.50,4.12
2016.12.27 17:43:27.558,1.17452,1.17457,1.50,1.00
2016.12.27 17:43:28.128,1.17452,1.17458,1.50,3.37
2016.12.27 17:43:29.323,1.17452,1.17457,1.50,1.00
2016.12.27 17:43:49.770,1.17454,1.17457,1.00,1.00
2016.12.27 17:43:49.821,1.17454,1.17459,1.00,2.81
2016.12.27 17:43:49.923,1.17454,1.17457,1.00,1.00
2016.12.27 17:43:50.126,1.17452,1.17457,1.50,3.75
2016.12.27 17:43:51.061,1.17452,1.17457,1.50,2.62
2016.12.27 17:43:51.588,1.17452,1.17457,2.25,3.00
2016.12.27 17:44:07.279,1.17452,1.17456,1.50,1.00
2016.12.27 17:44:08.060,1.17452,1.17457,2.25,1.50
2016.12.27 17:44:08.566,1.17451,1.17456,3.37,1.12
2016.12.27 17:44:09.083,1.17452,1.17457,1.87,2.25
2016.12.27 17:44:28.238,1.17452,1.17457,1.87,1.00
2016.12.27 17:44:41.538,1.17452,1.17456,1.50,1.00
2016.12.27 17:44:41.842,1.1745,1.17454,5.47,1.50
2016.12.27 17:44:41.994,1.17448,1.17453,3.75,1.00
2016.12.27 17:44:45.632,1.17449,1.17454,1.87,1.00
2016.12.27 17:44:48.888,1.17449,1.17455,1.87,4.31
2016.12.27 17:44:52.294,1.17451,1.17455,1.00,1.87
2016.12.27 17:44:52.483,1.17452,1.17457,1.00,5.06
2016.12.27 17:44:52.538,1.17451,1.17455,1.87,1.50
2016.12.27 17:44:52.842,1.17446,1.1745,1.37,1.50
2016.12.27 17:44:53.376,1.17446,1.17449,1.37,1.00
2016.12.27 17:44:53.477,1.17445,1.17449,1.30,1.69
2016.12.27 17:44:54.824,1.17445,1.1745,2.44,1.00
2016.12.27 17:45:03.284,1.17446,1.1745,1.25,1.50
2016.12.27 17:45:15.948,1.17445,1.17449,2.25,1.00
2016.12.27 17:45:16.457,1.17445,1.1745,1.12,3.19
2016.12.27 17:45:18.730,1.17444,1.17447,1.87,2.44
2016.12.27 17:45:18.882,1.17441,1.17447,2.81,2.25
2016.12.27 17:45:18.983,1.1744,1.17445,4.87,1.00
2016.12.27 17:45:19.495,1.1744,1.17445,1.00,1.00
2016.12.27 17:45:20.023,1.17439,1.17445,3.56,1.00
2016.12.27 17:45:20.554,1.1744,1.17445,1.87,1.00
2016.12.27 17:45:21.100,1.1744,1.17446,1.87,3.00
2016.12.27 17:45:27.015,1.17441,1.17446,1.00,4.50
2016.12.27 17:45:32.028,1.1744,1.17446,1.87,4.50
2016.12.27 17:45:43.818,1.1744,1.17445,1.50,1.00
2016.12.27 17:45:44.338,1.1744,1.17446,1.50,4.87
2016.12.27 17:45:47.437,1.1744,1.17445,1.50,1.00
2016.12.27 17:45:56.277,1.1744,1.17445,1.50,1.00
2016.12.27 17:45:56.815,1.17441,1.17446,1.12,1.12
2016.12.27 17:46:07.340,1.1744,1.17445,5.44,1.50
2016.12.27 17:46:08.215,1.1744,1.17445,3.19,3.75
2016.12.27 17:46:13.800,1.17443,1.17446,1.00,2.62
2016.12.27 17:46:14.106,1.17445,1.1745,3.79,2.62
2016.12.27 17:46:14.656,1.17445,1.1745,2.29,3.75
2016.12.27 17:46:17.636,1.17445,1.17449,3.41,1.00
2016.12.27 17:46:21.005,1.17446,1.17448,1.00,1.00
2016.12.27 17:46:21.207,1.17444,1.17448,1.50,1.00
2016.12.27 17:46:24.663,1.17445,1.17448,1.69,1.00
2016.12.27 17:46:25.610,1.17445,1.17449,1.31,2.25
2016.12.27 17:46:29.086,1.17444,1.17448,2.81,1.50
2016.12.27 17:46:33.994,1.17445,1.17449,1.00,4.35
2016.12.27 17:46:35.182,1.17444,1.17448,2.06,1.00
2016.12.27 17:46:36.190,1.17444,1.17449,2.81,2.25
2016.12.27 17:46:36.696,1.17444,1.17448,2.81,1.00
2016.12.27 17:46:39.513,1.17445,1.17448,1.00,1.00
2016.12.27 17:46:41.903,1.17445,1.17449,1.50,1.50
2016.12.27 17:46:51.638,1.17446,1.17449,1.25,1.00
2016.12.27 17:46:55.751,1.17445,1.17448,3.56,1.00
2016.12.27 17:46:56.257,1.17444,1.17448,5.06,1.00
2016.12.27 17:47:00.524,1.17445,1.17447,1.00,1.00
2016.12.27 17:47:00.612,1.17443,1.17447,1.87,1.00
2016.12.27 17:47:01.136,1.17441,1.17446,5.44,1.00
2016.12.27 17:47:01.649,1.17443,1.17445,1.50,1.00
2016.12.27 17:47:01.902,1.17444,1.17447,1.50,1.00
2016.12.27 17:47:02.054,1.17445,1.17449,2.25,1.50
2016.12.27 17:47:02.582,1.17446,1.17449,1.87,1.25
2016.12.27 17:47:05.029,1.17446,1.17448,1.87,1.00
2016.12.27 17:47:06.169,1.17446,1.17447,1.12,1.69
2016.12.27 17:47:06.523,1.17442,1.17446,2.62,1.00
2016.12.27 17:47:07.960,1.17441,1.17445,3.19,1.00
2016.12.27 17:47:08.470,1.17442,1.17446,2.25,1.00
2016.12.27 17:47:08.988,1.17443,1.17447,1.50,3.19
2016.12.27 17:47:10.086,1.17442,1.17447,1.87,3.94
2016.12.27 17:47:12.157,1.17442,1.17446,1.87,1.00
2016.12.27 17:47:12.708,1.17442,1.17447,1.87,3.94
2016.12.27 17:47:12.910,1.17444,1.17447,1.00,1.50
2016.12.27 17:47:13.456,1.17443,1.17447,1.50,1.00
2016.12.27 17:47:13.963,1.17442,1.17447,2.25,1.00
2016.12.27 17:47:14.465,1.17442,1.17448,3.37,3.00
2016.12.27 17:47:14.984,1.17442,1.17447,3.37,1.00
2016.12.27 17:47:15.648,1.17444,1.17447,1.00,1.00
2016.12.27 17:47:20.442,1.17445,1.17447,1.00,1.00
2016.12.27 17:47:28.697,1.17445,1.17448,3.00,1.00
2016.12.27 17:47:29.242,1.17445,1.17448,1.50,1.00
2016.12.27 17:47:30.616,1.17445,1.17447,1.50,1.00
2016.12.27 17:47:32.106,1.17444,1.17447,2.25,1.00
2016.12.27 17:47:32.615,1.17444,1.17448,2.25,1.00
2016.12.27 17:47:33.661,1.17445,1.17448,1.00,1.00
2016.12.27 17:47:41.666,1.17445,1.17447,1.00,1.00
2016.12.27 17:47:42.177,1.17444,1.17447,2.25,1.00
2016.12.27 17:47:47.849,1.17444,1.17448,2.62,1.00
2016.12.27 17:47:50.257,1.17445,1.17448,1.00,1.00
2016.12.27 17:47:50.812,1.17444,1.17448,1.87,1.00
2016.12.27 17:48:13.067,1.17444,1.17449,3.00,1.87
2016.12.27 17:48:13.642,1.17445,1.17449,2.62,1.12
2016.12.27 17:48:16.007,1.17444,1.17449,3.37,1.12
2016.12.27 17:48:17.515,1.17444,1.17448,2.62,1.00
2016.12.27 17:48:20.474,1.17445,1.17448,1.50,1.00
2016.12.27 17:48:24.116,1.17445,1.17448,1.00,1.00
2016.12.27 17:48:24.621,1.17444,1.17447,1.87,1.00
2016.12.27 17:48:26.258,1.17445,1.17447,1.12,1.00
2016.12.27 17:48:26.777,1.17445,1.17447,2.62,1.00
2016.12.27 17:48:28.519,1.17444,1.17447,3.82,1.00
2016.12.27 17:48:29.271,1.17447,1.17449,1.50,1.12
2016.12.27 17:48:29.524,1.17449,1.17452,1.87,1.00
2016.12.27 17:48:29.930,1.1745,1.17451,1.20,1.00
2016.12.27 17:48:30.032,1.17447,1.1745,2.62,1.00
2016.12.27 17:48:30.936,1.17448,1.1745,1.00,1.00
2016.12.27 17:48:31.461,1.17447,1.1745,1.12,1.00
2016.12.27 17:48:31.965,1.17448,1.17451,1.00,1.00
2016.12.27 17:48:32.471,1.17449,1.17452,1.50,1.00
2016.12.27 17:48:37.450,1.17448,1.17452,1.50,1.00
2016.12.27 17:48:40.456,1.17448,1.17451,1.50,1.00
2016.12.27 17:48:43.149,1.17448,1.1745,1.50,1.00
2016.12.27 17:48:52.210,1.17448,1.17451,1.87,1.00
2016.12.27 17:49:00.667,1.17448,1.17452,1.87,1.50
2016.12.27 17:49:02.460,1.17448,1.17451,1.87,1.00
2016.12.27 17:49:03.138,1.17448,1.17452,1.87,1.50
2016.12.27 17:49:08.036,1.17448,1.17452,1.12,1.08
2016.12.27 17:49:09.533,1.17448,1.17453,1.87,1.12
2016.12.27 17:49:27.336,1.17448,1.17452,1.12,1.00
2016.12.27 17:49:32.140,1.17447,1.17451,2.25,1.00
2016.12.27 17:49:32.965,1.17447,1.17451,1.00,1.00
2016.12.27 17:49:34.957,1.17447,1.17452,2.25,1.87
2016.12.27 17:49:37.683,1.17448,1.17453,1.12,1.87
2016.12.27 17:49:38.189,1.17449,1.17453,1.00,1.00
2016.12.27 17:49:42.330,1.17449,1.17454,2.25,1.31
2016.12.27 17:49:42.381,1.17451,1.17455,1.50,1.50
2016.12.27 17:49:42.885,1.1745,1.17455,7.12,1.00
2016.12.27 17:49:44.173,1.1745,1.17456,6.75,2.25
2016.12.27 17:49:45.175,1.1745,1.17456,5.25,2.25
2016.12.27 17:49:45.500,1.1745,1.17453,2.32,1.00
2016.12.27 17:49:46.209,1.1745,1.17454,2.32,1.69
2016.12.27 17:49:46.514,1.17448,1.17453,1.50,2.55
2016.12.27 17:49:47.472,1.17448,1.17453,1.00,2.25
2016.12.27 17:49:48.231,1.17448,1.17452,2.25,1.00
2016.12.27 17:49:48.585,1.17446,1.17452,3.00,3.00
2016.12.27 17:49:54.203,1.17447,1.17452,1.00,1.50
2016.12.27 17:50:03.485,1.17448,1.17452,1.00,1.00
2016.12.27 17:50:05.308,1.17447,1.17452,2.62,1.50
2016.12.27 17:50:07.166,1.17448,1.17452,1.00,1.00
2016.12.27 17:50:20.701,1.1745,1.17452,1.00,1.00
2016.12.27 17:50:20.802,1.1745,1.17454,3.37,1.00
2016.12.27 17:50:21.156,1.1745,1.17455,4.87,1.00
2016.12.27 17:50:23.093,1.1745,1.17454,5.32,1.00
2016.12.27 17:50:23.609,1.1745,1.17454,4.57,1.00
2016.12.27 17:50:28.274,1.1745,1.17454,5.70,1.00
2016.12.27 17:50:33.315,1.1745,1.17455,5.70,1.00
2016.12.27 17:50:39.389,1.1745,1.17454,5.70,1.00
2016.12.27 17:50:42.284,1.1745,1.17454,4.57,1.00
2016.12.27 17:50:42.835,1.1745,1.17455,9.00,1.00
2016.12.27 17:50:43.365,1.1745,1.17454,9.00,1.00
2016.12.27 17:50:43.658,1.17451,1.17456,2.25,1.00
2016.12.27 17:50:43.861,1.17453,1.17458,1.87,10.12
2016.12.27 17:50:44.694,1.17453,1.17457,1.12,1.00
2016.12.27 17:50:45.208,1.17452,1.17458,3.37,1.50
2016.12.27 17:50:46.455,1.17452,1.17457,2.62,1.00
2016.12.27 17:50:48.884,1.17453,1.17458,2.62,1.25
2016.12.27 17:50:48.935,1.17455,1.17459,1.25,3.37
2016.12.27 17:50:49.037,1.17453,1.17459,2.62,4.31
2016.12.27 17:50:49.696,1.17455,1.17459,1.25,4.12
2016.12.27 17:50:49.747,1.17453,1.17459,2.62,5.06
2016.12.27 17:50:49.798,1.17455,1.17459,1.25,4.12
2016.12.27 17:50:50.002,1.17452,1.17457,1.50,3.19
2016.12.27 17:50:50.874,1.17451,1.17457,7.87,2.44
2016.12.27 17:50:51.347,1.17456,1.17458,1.50,1.00
2016.12.27 17:50:51.399,1.17457,1.17459,1.20,1.50
2016.12.27 17:50:51.501,1.17458,1.17462,1.00,1.50
2016.12.27 17:50:52.023,1.17458,1.17462,2.25,1.00
2016.12.27 17:50:53.401,1.17458,1.17463,2.25,3.56
2016.12.27 17:50:55.761,1.17458,1.17462,2.25,1.00
2016.12.27 17:50:57.105,1.17458,1.17463,3.00,1.50
2016.12.27 17:50:57.793,1.17458,1.17462,1.12,1.00
2016.12.27 17:50:58.345,1.17459,1.17462,1.00,1.50
2016.12.27 17:51:04.712,1.17459,1.17461,1.50,1.00
2016.12.27 17:51:05.529,1.17459,1.17462,1.50,1.00
2016.12.27 17:51:10.184,1.1746,1.17462,1.00,1.00
2016.12.27 17:51:15.767,1.1746,1.17463,1.00,1.50
2016.12.27 17:51:21.043,1.1746,1.17462,1.00,1.00
2016.12.27 17:51:42.129,1.17461,1.17462,1.00,1.00
2016.12.27 17:51:42.231,1.17462,1.17465,1.00,1.12
2016.12.27 17:51:42.736,1.17462,1.17464,1.00,1.00
2016.12.27 17:51:44.304,1.17461,1.17464,1.50,1.00
2016.12.27 17:51:47.041,1.17463,1.17465,1.00,1.87
2016.12.27 17:51:47.344,1.17466,1.17468,1.00,1.00
2016.12.27 17:51:48.200,1.17465,1.17467,1.00,1.50
2016.12.27 17:51:48.454,1.17461,1.17464,1.00,1.00
2016.12.27 17:51:48.707,1.17462,1.17466,1.00,1.50
2016.12.27 17:51:49.815,1.17461,1.17466,3.56,1.00
2016.12.27 17:51:50.465,1.17462,1.17466,1.00,1.00
2016.12.27 17:51:51.206,1.17461,1.17466,3.56,1.00
2016.12.27 17:51:51.744,1.17462,1.17466,1.00,1.00
2016.12.27 17:51:51.834,1.17464,1.17469,3.19,4.50
2016.12.27 17:51:51.885,1.17464,1.17469,3.19,3.75
2016.12.27 17:51:51.936,1.17465,1.1747,2.25,2.86
2016.12.27 17:51:52.139,1.17464,1.1747,6.19,3.61
2016.12.27 17:51:52.392,1.17465,1.17468,1.12,1.00
2016.12.27 17:51:52.905,1.17464,1.17468,5.14,1.00
2016.12.27 17:51:53.429,1.17465,1.17468,1.00,1.00
2016.12.27 17:52:06.519,1.17464,1.17468,4.76,1.00
2016.12.27 17:52:07.024,1.17465,1.17468,1.00,1.00
2016.12.27 17:52:13.403,1.17465,1.17469,1.50,1.00
2016.12.27 17:52:16.602,1.17465,1.17468,1.00,1.00
2016.12.27 17:52:19.411,1.17465,1.17467,1.00,1.00
2016.12.27 17:52:19.963,1.17464,1.17467,1.95,1.00
2016.12.27 17:52:21.046,1.17464,1.17465,1.20,1.00
2016.12.27 17:52:21.198,1.17461,1.17464,1.12,1.12
2016.12.27 17:52:21.736,1.17462,1.17465,2.25,1.00
2016.12.27 17:52:22.256,1.17463,1.17466,1.00,1.69
2016.12.27 17:52:25.133,1.17464,1.17467,1.50,1.50
2016.12.27 17:52:25.658,1.17465,1.17467,1.50,1.00
2016.12.27 17:52:27.238,1.17465,1.17468,2.62,1.50
2016.12.27 17:52:27.742,1.17465,1.17469,1.50,1.80
2016.12.27 17:52:32.567,1.17465,1.17468,1.87,1.00
2016.12.27 17:52:33.436,1.17465,1.17469,1.87,1.80
2016.12.27 17:52:33.945,1.17465,1.17469,2.25,1.37
2016.12.27 17:52:34.327,1.17464,1.17465,2.25,1.00
2016.12.27 17:52:34.429,1.17462,1.17465,1.87,2.25
2016.12.27 17:52:37.596,1.17463,1.17465,1.50,1.00
2016.12.27 17:52:37.686,1.17465,1.17468,1.50,2.25
2016.12.27 17:52:38.200,1.17465,1.17469,2.25,3.19
2016.12.27 17:52:38.723,1.17465,1.17469,3.37,2.44
2016.12.27 17:52:39.256,1.17465,1.17469,2.25,1.69
2016.12.27 17:52:39.718,1.17465,1.17467,1.00,1.00
2016.12.27 17:52:40.313,1.17464,1.17466,2.62,1.00
2016.12.27 17:52:45.036,1.17464,1.17465,1.87,1.00
2016.12.27 17:52:45.238,1.17461,1.17463,2.06,1.00
2016.12.27 17:52:55.008,1.17462,1.17464,1.00,1.50
2016.12.27 17:53:09.504,1.17463,1.17465,1.00,1.00
2016.12.27 17:53:10.010,1.17464,1.17466,1.20,1.00
2016.12.27 17:53:10.518,1.17464,1.17466,1.57,1.00
2016.12.27 17:53:11.035,1.17463,1.17467,2.14,1.00
2016.12.27 17:53:16.307,1.17464,1.17466,1.50,1.00
2016.12.27 17:53:16.510,1.17462,1.17466,1.00,2.25
2016.12.27 17:53:17.016,1.17462,1.17465,1.00,1.50
2016.12.27 17:53:17.579,1.17461,1.17465,2.06,2.25
2016.12.27 17:53:18.755,1.17461,1.17464,3.56,1.00
2016.12.27 17:53:20.035,1.17461,1.17463,1.87,1.00
2016.12.27 17:53:20.549,1.1746,1.17463,1.12,1.00
2016.12.27 17:53:32.549,1.1746,1.17464,3.97,1.50
2016.12.27 17:53:33.068,1.1746,1.17464,5.85,1.50
2016.12.27 17:53:40.115,1.17461,1.17464,1.50,1.00
2016.12.27 17:53:55.922,1.17461,1.17465,3.94,1.00
2016.12.27 17:54:01.138,1.17461,1.17464,4.69,1.00
2016.12.27 17:54:03.835,1.17461,1.17465,3.94,1.00
2016.12.27 17:54:04.855,1.17461,1.17464,3.19,1.00
2016.12.27 17:54:08.560,1.17461,1.17463,3.19,1.00
2016.12.27 17:54:09.095,1.17461,1.17464,2.44,1.00
2016.12.27 17:54:16.137,1.1746,1.17463,4.12,1.00
2016.12.27 17:54:19.291,1.17461,1.17464,1.00,1.00
2016.12.27 17:54:19.817,1.17461,1.17464,2.25,1.00
2016.12.27 17:54:20.357,1.17461,1.17463,2.25,1.00
2016.12.27 17:54:23.269,1.17461,1.17465,2.25,2.25
2016.12.27 17:54:33.868,1.17461,1.17464,3.00,1.00
2016.12.27 17:54:35.431,1.17461,1.17463,1.00,1.00
2016.12.27 17:54:35.949,1.1746,1.17463,1.00,1.00
2016.12.27 17:54:40.971,1.17459,1.17463,3.79,1.00
2016.12.27 17:54:41.599,1.17459,1.17463,4.54,1.00
2016.12.27 17:54:53.007,1.1746,1.17464,1.50,2.25
2016.12.27 17:54:54.034,1.17461,1.17464,3.41,1.00
2016.12.27 17:54:54.136,1.17463,1.17465,1.00,2.25
2016.12.27 17:54:55.185,1.17462,1.17465,2.25,1.00
2016.12.27 17:54:56.507,1.17463,1.17465,1.00,1.00
2016.12.27 17:54:57.248,1.17462,1.17465,2.25,1.00
2016.12.27 17:54:57.806,1.17464,1.17466,1.00,1.00
2016.12.27 17:54:58.236,1.17461,1.17464,1.95,1.00
2016.12.27 17:54:58.338,1.1746,1.17462,2.06,1.00
2016.12.27 17:54:58.844,1.17461,1.17463,1.12,1.00
2016.12.27 17:55:01.766,1.1746,1.17463,2.06,1.00
2016.12.27 17:55:06.031,1.1746,1.17462,1.69,1.00
2016.12.27 17:55:36.384,1.1746,1.17463,1.69,1.00
2016.12.27 17:55:36.890,1.1746,1.17463,3.97,1.00
2016.12.27 17:55:37.511,1.17459,1.17462,4.69,1.00
2016.12.27 17:55:38.017,1.1746,1.17463,5.06,1.00
2016.12.27 17:55:43.848,1.1746,1.17463,4.31,1.00
2016.12.27 17:55:44.051,1.17459,1.17463,4.31,1.50
2016.12.27 17:55:45.036,1.17459,1.17461,3.41,1.00
2016.12.27 17:55:45.590,1.17459,1.17462,4.54,1.00
2016.12.27 17:55:48.269,1.17459,1.17462,4.54,1.00
2016.12.27 17:55:54.182,1.17459,1.17461,4.16,1.00
2016.12.27 17:55:59.897,1.17459,1.17461,5.29,1.00
2016.12.27 17:56:00.419,1.17459,1.17461,4.31,1.00
2016.12.27 17:56:02.636,1.17459,1.1746,1.50,1.00
2016.12.27 17:56:02.784,1.17456,1.17459,3.37,2.04
2016.12.27 17:56:02.937,1.17455,1.17457,2.81,1.00
2016.12.27 17:56:04.198,1.17455,1.17458,2.36,1.50
2016.12.27 17:56:04.502,1.17457,1.17459,1.00,1.00
2016.12.27 17:56:08.658,1.17457,1.1746,2.32,1.00
2016.12.27 17:56:09.590,1.17458,1.17459,1.00,1.00
2016.12.27 17:56:10.091,1.17457,1.17459,2.70,1.00
2016.12.27 17:56:11.204,1.17457,1.1746,4.39,1.00
2016.12.27 17:56:12.120,1.17458,1.1746,1.50,1.00
2016.12.27 17:56:12.643,1.17457,1.1746,2.02,1.00
2016.12.27 17:56:14.240,1.17457,1.17459,2.02,1.00
2016.12.27 17:56:14.777,1.17456,1.17459,1.50,1.00
2016.12.27 17:56:15.314,1.17457,1.1746,1.07,1.00
2016.12.27 17:56:18.197,1.17459,1.1746,1.00,1.00
2016.12.27 17:56:18.702,1.17458,1.1746,3.82,1.00
2016.12.27 17:56:19.790,1.17459,1.1746,1.00,1.00
2016.12.27 17:56:21.995,1.17459,1.17461,5.25,1.00
2016.12.27 17:56:22.306,1.17461,1.17463,2.25,1.00
2016.12.27 17:56:28.546,1.17461,1.17464,3.07,1.50
2016.12.27 17:56:29.490,1.17462,1.17464,1.00,1.50
2016.12.27 17:56:30.313,1.17462,1.17463,1.00,1.00
2016.12.27 17:56:30.849,1.17461,1.17463,3.07,1.00
2016.12.27 17:56:34.250,1.17461,1.17464,3.07,1.50
2016.12.27 17:56:34.818,1.17461,1.17463,3.07,1.00
2016.12.27 17:56:38.809,1.17462,1.17464,1.50,1.00
2016.12.27 17:56:38.961,1.17464,1.17467,3.90,2.25
2016.12.27 17:56:40.382,1.17464,1.17467,4.31,1.00
2016.12.27 17:56:45.093,1.17464,1.17467,6.94,1.00
2016.12.27 17:56:45.610,1.17465,1.17468,3.94,1.00
2016.12.27 17:56:46.128,1.17465,1.17469,4.54,1.50
2016.12.27 17:56:57.298,1.17465,1.17469,3.00,1.50
2016.12.27 17:56:59.602,1.17466,1.17469,1.50,1.50
2016.12.27 17:57:07.028,1.17465,1.17469,3.37,1.50
2016.12.27 17:57:24.676,1.17466,1.17469,1.00,1.50
2016.12.27 17:57:27.817,1.17465,1.17469,3.00,1.50
2016.12.27 17:57:31.662,1.17466,1.17469,1.00,1.50
2016.12.27 17:57:33.797,1.17465,1.17469,3.00,1.50
2016.12.27 17:57:34.755,1.17465,1.17469,4.50,1.50
2016.12.27 17:57:42.476,1.17465,1.17469,4.12,1.50
2016.12.27 17:57:50.927,1.17466,1.17469,1.00,1.50
2016.12.27 17:57:52.414,1.17465,1.17469,3.75,1.50
2016.12.27 17:57:52.812,1.17466,1.17469,3.45,1.00
2016.12.27 17:57:53.339,1.17467,1.17469,3.37,1.00
2016.12.27 17:57:56.733,1.17466,1.17469,3.56,1.00
2016.12.27 17:58:00.874,1.17464,1.17467,6.30,2.25
2016.12.27 17:58:00.983,1.17464,1.17467,1.00,2.25
2016.12.27 17:58:01.504,1.17463,1.17466,3.00,1.50
2016.12.27 17:58:01.606,1.17462,1.17464,1.12,1.50
2016.12.27 17:58:01.708,1.1746,1.17463,3.56,1.00
2016.12.27 17:58:02.184,1.17458,1.17462,3.94,1.50
2016.12.27 17:58:08.489,1.17458,1.17461,1.25,1.00
2016.12.27 17:58:10.296,1.17457,1.17461,3.07,1.00
2016.12.27 17:58:10.398,1.17455,1.17459,6.41,1.50
2016.12.27 17:58:10.551,1.17453,1.17456,1.00,1.00
2016.12.27 17:58:17.183,1.17452,1.17457,3.56,1.00
2016.12.27 17:58:18.200,1.17452,1.17455,3.56,1.00
2016.12.27 17:58:18.724,1.17453,1.17456,1.12,1.00
2016.12.27 17:58:19.230,1.17453,1.17457,1.12,1.50
2016.12.27 17:58:19.858,1.17452,1.17456,3.56,1.00
2016.12.27 17:58:34.927,1.17453,1.17457,1.12,2.25
2016.12.27 17:58:35.790,1.17452,1.17456,3.19,1.00
2016.12.27 17:58:40.384,1.17453,1.17457,1.87,1.50
2016.12.27 17:58:41.810,1.17456,1.17458,1.00,2.62
2016.12.27 17:58:42.114,1.1746,1.17462,1.00,1.00
2016.12.27 17:58:47.873,1.1746,1.17462,1.59,1.00
2016.12.27 17:58:50.759,1.1746,1.17463,1.09,1.00
2016.12.27 17:58:51.651,1.1746,1.17462,1.50,1.00
2016.12.27 17:58:52.172,1.1746,1.17463,1.00,1.00
2016.12.27 17:58:52.828,1.1746,1.17464,1.00,3.56
2016.12.27 17:58:53.364,1.1746,1.17463,1.00,1.00
2016.12.27 17:59:00.706,1.17461,1.17463,1.00,1.00
2016.12.27 17:59:01.234,1.1746,1.17463,3.00,1.00
2016.12.27 17:59:03.131,1.17461,1.17463,1.00,1.00
2016.12.27 17:59:03.660,1.1746,1.17463,3.00,1.00
2016.12.27 17:59:04.203,1.17461,1.17463,1.00,1.00
2016.12.27 17:59:04.745,1.17461,1.17464,1.00,2.44
2016.12.27 17:59:05.353,1.17461,1.17463,1.50,1.00
2016.12.27 17:59:12.443,1.17461,1.17464,1.50,1.00
2016.12.27 17:59:12.970,1.17461,1.17465,1.50,1.12
2016.12.27 17:59:14.474,1.1746,1.17465,2.25,1.12
2016.12.27 17:59:15.564,1.1746,1.17464,1.50,1.00
2016.12.27 17:59:16.139,1.17459,1.17464,1.12,1.00
2016.12.27 17:59:19.835,1.17458,1.17461,3.56,1.00
2016.12.27 17:59:20.011,1.17457,1.17461,1.50,1.87
2016.12.27 17:59:20.067,1.17457,1.17459,1.50,1.00
2016.12.27 17:59:24.134,1.17457,1.1746,1.50,1.00
2016.12.27 17:59:24.681,1.17458,1.1746,1.00,1.00
2016.12.27 17:59:25.620,1.17458,1.1746,1.00,1.00
2016.12.27 17:59:27.938,1.17458,1.17462,1.00,1.00
2016.12.27 17:59:28.477,1.17458,1.17461,1.00,1.00
2016.12.27 17:59:29.502,1.17458,1.1746,1.00,1.00
2016.12.27 17:59:30.737,1.17458,1.17461,1.00,1.00
2016.12.27 17:59:31.286,1.17458,1.1746,1.00,1.00
2016.12.27 17:59:38.295,1.17458,1.17461,1.12,1.00
2016.12.27 17:59:38.825,1.17458,1.1746,1.00,1.00
2016.12.27 17:59:39.449,1.17457,1.1746,2.51,1.00
2016.12.27 17:59:39.959,1.17457,1.1746,3.07,1.00
2016.12.27 17:59:41.646,1.17457,1.1746,2.89,1.00
2016.12.27 17:59:42.161,1.17458,1.1746,1.00,1.00
2016.12.27 17:59:42.703,1.17457,1.1746,1.95,1.00
2016.12.27 17:59:46.358,1.17458,1.17461,1.00,1.00
2016.12.27 17:59:46.662,1.17455,1.17459,2.62,1.00
2016.12.27 17:59:46.763,1.17454,1.17459,1.87,2.25
2016.12.27 17:59:47.268,1.17455,1.17458,1.00,1.00
2016.12.27 17:59:47.817,1.17454,1.17458,1.87,1.00
2016.12.27 17:59:48.323,1.17454,1.17459,1.12,3.00
2016.12.27 17:59:49.232,1.17454,1.17458,1.00,1.00
2016.12.27 17:59:50.127,1.17454,1.17457,1.00,1.50
2016.12.27 17:59:50.632,1.17453,1.17457,2.81,1.00
2016.12.27 17:59:51.149,1.17454,1.17457,1.00,1.00
2016.12.27 17:59:51.750,1.17453,1.17457,2.81,1.00
2016.12.27 17:59:52.264,1.17454,1.17457,1.00,1.00
2016.12.27 17:59:53.658,1.17454,1.17458,1.00,1.50
2016.12.27 17:59:54.163,1.17454,1.17457,1.00,1.00
2016.12.27 17:59:54.668,1.17455,1.17458,1.00,1.00
2016.12.27 17:59:55.174,1.17454,1.17458,1.50,1.00
2016.12.27 17:59:59.494,1.17455,1.17458,1.00,1.00
2016.12.27 17:59:59.859,1.17453,1.17458,4.31,1.50
