2016.12.26 09:00:00.212,1.17021,1.17048,2.25,2.25
2016.12.26 09:00:50.193,1.17028,1.17048,2.25,2.25
2016.12.26 09:00:50.294,1.17028,1.1705,2.25,2.25
2016.12.26 09:00:52.362,1.17028,1.17052,2.25,2.25
2016.12.26 09:01:20.964,1.17028,1.17051,2.25,2.25
2016.12.26 09:01:29.308,1.17028,1.17052,2.25,2.25
2016.12.26 09:01:30.094,1.17028,1.1705,2.25,2.25
2016.12.26 09:01:30.578,1.17028,1.17048,2.25,2.25
2016.12.26 09:01:34.513,1.17028,1.17048,2.25,2.28
2016.12.26 09:01:37.298,1.17028,1.17049,2.25,2.25
2016.12.26 09:01:40.664,1.17028,1.1705,2.25,2.25
2016.12.26 09:01:42.860,1.1703,1.17049,2.25,2.25
2016.12.26 09:01:44.521,1.17031,1.17049,2.25,2.25
2016.12.26 09:01:46.933,1.17048,1.17058,2.25,1.00
2016.12.26 09:01:47.034,1.17049,1.17063,2.25,1.30
2016.12.26 09:01:47.085,1.17049,1.17058,2.25,1.00
2016.12.26 09:01:47.136,1.17049,1.17062,2.25,1.00
2016.12.26 09:01:48.287,1.17049,1.17058,2.18,1.00
2016.12.26 09:01:48.913,1.17049,1.17063,2.25,1.30
2016.12.26 09:01:52.298,1.17044,1.17053,0.45,2.25
2016.12.26 09:01:52.450,1.17028,1.17051,2.70,2.25
2016.12.26 09:01:52.551,1.17026,1.17044,2.25,2.25
2016.12.26 09:01:54.841,1.17027,1.17045,2.25,2.29
2016.12.26 09:01:54.942,1.17028,1.17047,2.25,2.29
2016.12.26 09:02:00.238,1.17028,1.17046,2.25,2.29
2016.12.26 09:02:07.834,1.17028,1.17047,2.25,2.29
2016.12.26 09:03:01.923,1.17028,1.17046,2.25,2.25
2016.12.26 09:03:13.376,1.17028,1.17047,2.25,2.29
2016.12.26 09:03:42.752,1.17028,1.17049,2.25,2.29
2016.12.26 09:03:48.584,1.1703,1.1705,2.25,2.29
2016.12.26 09:03:55.852,1.17031,1.1705,2.25,2.29
2016.12.26 09:04:29.843,1.17033,1.17073,6.00,2.29
2016.12.26 09:04:38.309,1.17034,1.17057,2.25,2.29
2016.12.26 09:04:38.856,1.17033,1.17053,2.25,2.29
2016.12.26 09:04:39.643,1.17034,1.17054,2.25,2.29
2016.12.26 09:04:40.972,1.17035,1.17054,2.25,2.29
2016.12.26 09:04:46.426,1.17035,1.17063,2.25,5.03
2016.12.26 09:04:48.401,1.17035,1.17056,2.25,2.02
2016.12.26 09:04:49.318,1.1703,1.17063,2.25,2.77
2016.12.26 09:04:49.696,1.1703,1.17074,3.75,4.50
2016.12.26 09:04:49.750,1.1703,1.17074,4.20,4.50
2016.12.26 09:04:49.851,1.17032,1.17076,3.97,1.12
2016.12.26 09:04:50.459,1.17032,1.17077,4.72,3.75
2016.12.26 09:04:50.993,1.17032,1.17078,1.30,1.30
2016.12.26 09:04:53.997,1.17035,1.17079,3.75,1.57
2016.12.26 09:04:58.002,1.17033,1.17078,3.75,4.72
2016.12.26 09:05:07.067,1.17035,1.17078,2.25,4.72
2016.12.26 09:05:07.634,1.17036,1.1708,2.25,5.70
2016.12.26 09:05:13.196,1.17036,1.17074,2.25,2.25
2016.12.26 09:05:14.275,1.17038,1.17072,2.25,2.25
2016.12.26 09:06:18.410,1.17038,1.1707,2.25,2.25
2016.12.26 09:06:18.712,1.17038,1.17067,2.25,2.25
2016.12.26 09:06:19.735,1.1704,1.17068,2.25,2.25
2016.12.26 09:06:40.048,1.17041,1.17066,2.25,2.25
2016.12.26 09:07:05.171,1.17041,1.17073,2.25,1.30
2016.12.26 09:07:05.272,1.17036,1.17077,2.25,2.62
2016.12.26 09:07:06.138,1.17038,1.17076,5.25,2.25
2016.12.26 09:07:08.037,1.17039,1.1707,2.25,2.25
2016.12.26 09:07:08.339,1.17039,1.17065,2.25,2.25
2016.12.26 09:07:08.665,1.17041,1.17065,2.25,2.25
2016.12.26 09:07:11.310,1.17037,1.17072,3.45,3.97
2016.12.26 09:07:13.152,1.17038,1.1707,3.45,1.00
2016.12.26 09:07:13.473,1.17031,1.17057,2.25,2.25
2016.12.26 09:07:14.025,1.17031,1.17056,2.25,2.25
2016.12.26 09:09:13.182,1.17041,1.17059,2.25,2.25
2016.12.26 09:09:36.060,1.17032,1.17056,1.45,2.25
2016.12.26 09:09:47.290,1.17031,1.17062,2.25,2.25
2016.12.26 09:10:09.746,1.17031,1.17059,2.25,2.25
2016.12.26 09:10:10.297,1.17031,1.17058,2.25,2.25
2016.12.26 09:10:14.358,1.17031,1.17063,2.25,3.00
2016.12.26 09:10:20.055,1.1704,1.17062,2.25,2.25
2016.12.26 09:11:12.439,1.17043,1.17063,2.25,1.45
2016.12.26 09:11:12.762,1.17045,1.17063,2.25,1.52
2016.12.26 09:11:15.631,1.17046,1.17061,1.52,2.25
2016.12.26 09:12:07.417,1.1704,1.17058,2.25,2.25
2016.12.26 09:12:17.120,1.17041,1.17065,2.25,1.00
2016.12.26 09:12:17.222,1.17038,1.17065,2.28,1.00
2016.12.26 09:12:17.373,1.17038,1.17076,2.28,2.25
2016.12.26 09:12:17.754,1.17046,1.17076,2.25,2.25
2016.12.26 09:12:19.396,1.17046,1.17061,2.25,1.00
2016.12.26 09:12:19.699,1.17045,1.17055,2.25,1.00
2016.12.26 09:12:20.991,1.17045,1.17056,2.25,1.00
2016.12.26 09:12:21.245,1.17045,1.17058,2.25,1.00
2016.12.26 09:12:21.396,1.17045,1.17055,2.25,1.00
2016.12.26 09:12:29.413,1.17042,1.17055,2.25,1.00
2016.12.26 09:12:37.033,1.17043,1.17055,2.25,1.00
2016.12.26 09:12:42.292,1.17044,1.17055,2.25,1.00
2016.12.26 09:12:46.220,1.17044,1.17057,2.25,1.00
2016.12.26 09:12:46.321,1.17036,1.17056,2.28,1.00
2016.12.26 09:12:46.371,1.17038,1.17056,2.28,2.25
2016.12.26 09:12:46.472,1.17034,1.17055,2.28,2.25
2016.12.26 09:12:56.705,1.1703,1.17053,2.28,2.25
2016.12.26 09:13:02.447,1.1703,1.17055,2.28,2.25
2016.12.26 09:13:51.294,1.17034,1.17062,1.48,1.00
2016.12.26 09:13:51.495,1.17034,1.17073,1.48,2.17
2016.12.26 09:13:51.556,1.17034,1.17073,1.48,1.42
2016.12.26 09:13:53.177,1.17033,1.17052,2.28,1.00
2016.12.26 09:13:53.479,1.1703,1.17052,2.28,3.00
2016.12.26 09:13:54.130,1.1703,1.17051,2.28,2.25
2016.12.26 09:14:42.863,1.1703,1.17051,2.25,3.00
2016.12.26 09:15:53.341,1.1703,1.17045,2.25,1.00
2016.12.26 09:15:53.645,1.17014,1.17031,2.25,1.52
2016.12.26 09:15:57.663,1.17013,1.17031,3.07,3.00
2016.12.26 09:15:59.783,1.17014,1.17031,2.25,1.52
2016.12.26 09:16:00.667,1.17014,1.17031,2.25,1.45
2016.12.26 09:16:02.478,1.17018,1.17032,1.30,2.25
2016.12.26 09:16:02.528,1.1702,1.17038,2.25,2.70
2016.12.26 09:16:02.730,1.17014,1.17033,2.25,1.30
2016.12.26 09:16:02.894,1.17014,1.17031,2.25,1.30
2016.12.26 09:16:03.427,1.17014,1.17031,2.32,1.30
2016.12.26 09:16:13.228,1.17014,1.17031,2.36,1.45
2016.12.26 09:16:13.278,1.17012,1.17031,2.36,1.45
2016.12.26 09:16:31.601,1.17012,1.17031,2.29,1.45
2016.12.26 09:16:40.431,1.17012,1.17031,2.36,1.45
2016.12.26 09:16:41.127,1.1701,1.17031,2.36,1.45
2016.12.26 09:16:42.972,1.17011,1.17031,2.36,1.45
2016.12.26 09:17:37.220,1.1701,1.17022,2.36,1.00
2016.12.26 09:18:16.867,1.1701,1.1702,2.36,1.00
2016.12.26 09:18:17.186,1.1701,1.17022,2.36,1.00
2016.12.26 09:18:17.286,1.1701,1.17019,2.36,1.00
2016.12.26 09:18:56.677,1.1701,1.17031,2.36,2.25
2016.12.26 09:18:56.743,1.17031,1.17038,1.00,1.00
2016.12.26 09:18:56.844,1.17031,1.17054,1.00,2.62
2016.12.26 09:18:56.945,1.17031,1.17061,1.00,1.00
2016.12.26 09:18:57.331,1.17031,1.17061,1.11,1.00
2016.12.26 09:19:43.775,1.17031,1.17061,1.00,1.00
2016.12.26 09:19:44.175,1.17031,1.17061,1.11,1.00
2016.12.26 09:20:44.272,1.17031,1.17072,1.00,2.47
2016.12.26 09:20:48.177,1.17026,1.17073,2.25,1.20
2016.12.26 09:20:57.875,1.17031,1.17066,1.00,1.00
2016.12.26 09:20:58.271,1.17031,1.17066,1.00,1.75
2016.12.26 09:21:08.221,1.17031,1.17067,1.00,1.75
2016.12.26 09:21:41.322,1.17027,1.17058,2.25,2.25
2016.12.26 09:21:41.625,1.17027,1.17052,2.25,2.25
2016.12.26 09:21:41.935,1.17027,1.17049,2.25,2.25
2016.12.26 09:21:43.532,1.17037,1.17059,3.00,3.00
2016.12.26 09:21:43.684,1.17037,1.17072,3.00,2.17
2016.12.26 09:21:43.748,1.17037,1.17072,3.00,2.17
2016.12.26 09:21:43.950,1.17038,1.17072,3.00,1.30
2016.12.26 09:22:48.639,1.17035,1.17072,1.00,1.30
2016.12.26 09:22:54.016,1.17037,1.17072,3.00,1.30
2016.12.26 09:22:54.615,1.17032,1.17072,3.00,1.30
2016.12.26 09:23:54.731,1.17031,1.17072,1.00,1.30
2016.12.26 09:24:08.176,1.17029,1.17076,3.45,2.62
2016.12.26 09:24:39.122,1.17032,1.17073,1.00,1.52
2016.12.26 09:24:39.680,1.17031,1.17072,1.30,1.52
2016.12.26 09:24:42.247,1.17032,1.17072,1.00,1.52
2016.12.26 09:25:13.267,1.17031,1.17072,1.30,1.52
2016.12.26 09:25:35.282,1.17029,1.1707,1.45,1.00
2016.12.26 09:25:55.433,1.17028,1.17069,1.45,1.00
2016.12.26 09:26:46.348,1.17027,1.17068,3.00,1.00
2016.12.26 09:28:48.175,1.17027,1.17069,2.25,1.00
2016.12.26 09:28:49.187,1.17027,1.17072,2.25,1.20
2016.12.26 09:30:01.518,1.17028,1.17064,1.45,1.00
2016.12.26 09:30:01.846,1.1703,1.17063,1.20,1.75
2016.12.26 09:31:37.490,1.17027,1.17068,3.37,3.00
2016.12.26 09:31:37.541,1.17027,1.17068,3.00,1.00
2016.12.26 09:32:21.186,1.17027,1.17066,2.25,1.00
2016.12.26 09:32:21.490,1.17026,1.17062,2.25,1.52
2016.12.26 09:32:22.336,1.17026,1.17062,2.25,3.00
2016.12.26 09:32:29.017,1.17026,1.17062,2.25,1.52
2016.12.26 09:32:45.660,1.17034,1.17064,2.25,4.20
2016.12.26 09:32:46.183,1.17035,1.17065,2.25,2.25
2016.12.26 09:32:50.281,1.17026,1.17062,2.25,1.52
2016.12.26 09:32:50.395,1.17026,1.17059,2.25,1.00
2016.12.26 09:32:50.742,1.17026,1.17058,2.25,2.25
2016.12.26 09:32:58.756,1.17026,1.17055,2.25,2.25
2016.12.26 09:33:16.571,1.1703,1.17054,2.25,2.25
2016.12.26 09:33:17.211,1.17031,1.17054,2.25,2.25
2016.12.26 09:33:20.642,1.17026,1.17054,2.25,2.25
2016.12.26 09:34:59.310,1.17031,1.1706,2.25,2.25
2016.12.26 09:34:59.411,1.17024,1.17055,2.25,2.25
2016.12.26 09:34:59.569,1.17026,1.17055,2.25,2.25
2016.12.26 09:35:36.261,1.17035,1.17057,2.25,2.25
2016.12.26 09:35:37.128,1.17035,1.17058,2.25,2.25
2016.12.26 09:35:41.738,1.17034,1.17056,2.25,2.25
2016.12.26 09:35:42.295,1.17026,1.17056,2.25,2.25
2016.12.26 09:36:47.738,1.17026,1.17056,2.32,2.25
2016.12.26 09:36:50.238,1.17026,1.17056,2.25,2.25
2016.12.26 09:36:50.771,1.17026,1.17056,2.32,2.25
2016.12.26 09:36:52.268,1.17026,1.17056,2.25,2.25
2016.12.26 09:36:52.824,1.17026,1.17056,2.32,2.25
2016.12.26 09:36:54.277,1.17026,1.17056,2.25,2.25
2016.12.26 09:36:55.111,1.17026,1.17056,2.32,2.25
2016.12.26 09:36:56.667,1.17026,1.17056,2.25,2.25
2016.12.26 09:36:57.075,1.17026,1.17056,2.32,2.25
2016.12.26 09:37:11.202,1.17021,1.17057,2.25,2.25
2016.12.26 09:37:11.717,1.17021,1.17057,2.32,2.25
2016.12.26 09:37:12.950,1.17023,1.17057,3.07,2.25
2016.12.26 09:37:14.046,1.17019,1.17057,3.07,2.25
2016.12.26 09:37:14.097,1.17019,1.17057,3.00,2.25
2016.12.26 09:37:14.575,1.17022,1.17057,2.25,2.25
2016.12.26 09:37:15.382,1.17019,1.17057,3.00,2.25
2016.12.26 09:37:15.483,1.17021,1.17057,2.25,2.25
2016.12.26 09:37:15.998,1.17023,1.17057,1.52,2.25
2016.12.26 09:37:16.520,1.17021,1.17057,2.25,2.25
2016.12.26 09:37:16.703,1.17019,1.17057,3.00,2.25
2016.12.26 09:37:17.347,1.1702,1.17057,2.25,2.25
2016.12.26 09:37:18.129,1.17021,1.17057,2.25,2.25
2016.12.26 09:37:18.551,1.17019,1.17057,1.45,2.25
2016.12.26 09:37:18.653,1.17021,1.17057,2.25,2.25
2016.12.26 09:37:19.345,1.17022,1.17057,2.25,2.25
2016.12.26 09:37:19.792,1.17019,1.17057,3.00,2.25
2016.12.26 09:37:19.994,1.17021,1.17057,2.25,2.25
2016.12.26 09:37:20.529,1.17019,1.17057,3.00,2.25
2016.12.26 09:37:20.630,1.17021,1.17057,2.25,2.25
2016.12.26 09:37:21.145,1.17022,1.17057,1.52,2.25
2016.12.26 09:37:21.666,1.17023,1.17057,2.25,2.25
2016.12.26 09:37:21.768,1.17022,1.17057,1.52,2.25
2016.12.26 09:37:21.839,1.17022,1.17057,3.00,2.25
2016.12.26 09:37:23.136,1.17022,1.17044,2.32,1.00
2016.12.26 09:37:23.463,1.17018,1.17056,3.75,2.25
2016.12.26 09:37:23.514,1.17022,1.17058,4.20,2.25
2016.12.26 09:37:23.818,1.17025,1.17058,2.25,2.25
2016.12.26 09:37:24.187,1.17027,1.17058,2.25,2.25
2016.12.26 09:37:27.268,1.1704,1.17058,2.25,2.25
2016.12.26 09:37:27.369,1.17027,1.17058,2.32,2.25
2016.12.26 09:37:28.240,1.17029,1.17058,2.25,2.25
2016.12.26 09:37:34.077,1.17036,1.17058,1.00,2.25
2016.12.26 09:37:34.178,1.17036,1.17069,1.30,4.50
2016.12.26 09:37:34.329,1.17036,1.17076,1.30,2.25
2016.12.26 09:37:35.307,1.17036,1.17076,1.37,2.25
2016.12.26 09:37:36.138,1.17036,1.17076,1.30,2.25
2016.12.26 09:37:36.613,1.17036,1.17076,1.37,2.25
2016.12.26 09:37:37.157,1.17036,1.17076,4.72,2.25
2016.12.26 09:37:37.613,1.17036,1.17076,1.37,2.25
2016.12.26 09:37:38.358,1.17036,1.17076,4.72,2.25
2016.12.26 09:37:39.127,1.17036,1.17076,1.37,2.25
2016.12.26 09:37:39.673,1.17036,1.17061,1.37,1.00
2016.12.26 09:37:39.774,1.17036,1.1707,1.07,2.25
2016.12.26 09:37:39.876,1.17036,1.17076,1.07,2.25
2016.12.26 09:37:40.535,1.17036,1.17076,4.50,2.25
2016.12.26 09:37:41.141,1.17035,1.17072,4.72,1.30
2016.12.26 09:37:44.574,1.17033,1.17054,4.95,0.75
2016.12.26 09:37:44.726,1.17034,1.17052,4.20,1.30
2016.12.26 09:37:44.827,1.17033,1.17043,3.97,0.75
2016.12.26 09:37:44.980,1.17033,1.17056,1.30,2.25
2016.12.26 09:37:45.030,1.17035,1.17056,1.00,2.25
2016.12.26 09:37:45.081,1.17035,1.17063,1.30,1.00
2016.12.26 09:37:45.132,1.17035,1.17069,1.30,1.00
2016.12.26 09:37:45.434,1.17035,1.17067,1.30,1.00
2016.12.26 09:37:45.485,1.17035,1.17069,1.30,1.00
2016.12.26 09:37:46.203,1.17035,1.17072,1.30,1.30
2016.12.26 09:37:46.254,1.17035,1.1707,1.30,1.00
2016.12.26 09:37:47.114,1.17035,1.17064,1.30,1.00
2016.12.26 09:37:47.681,1.17035,1.17065,1.30,1.00
2016.12.26 09:37:48.761,1.17035,1.17066,1.30,1.00
2016.12.26 09:37:49.011,1.17035,1.17068,1.30,1.00
2016.12.26 09:37:49.062,1.17035,1.17065,1.30,1.00
2016.12.26 09:37:50.167,1.17035,1.17068,1.30,1.00
2016.12.26 09:37:50.218,1.17035,1.17066,1.30,1.00
2016.12.26 09:37:50.767,1.17035,1.17065,1.30,1.00
2016.12.26 09:37:51.268,1.17035,1.17066,1.30,1.00
2016.12.26 09:37:51.521,1.17035,1.17072,1.30,1.30
2016.12.26 09:38:02.804,1.17034,1.17062,1.52,1.00
2016.12.26 09:38:02.917,1.17034,1.17066,1.52,1.00
2016.12.26 09:38:03.018,1.17034,1.1706,1.52,2.25
2016.12.26 09:38:03.119,1.17034,1.17074,1.52,1.45
2016.12.26 09:38:48.688,1.17036,1.17076,1.00,2.25
2016.12.26 09:38:50.494,1.17037,1.17076,1.00,2.25
2016.12.26 09:38:53.730,1.17037,1.17076,1.45,2.25
2016.12.26 09:42:11.944,1.17038,1.17076,2.25,2.25
2016.12.26 09:54:38.061,1.17045,1.17075,2.25,2.25
2016.12.26 09:54:41.821,1.17039,1.17075,2.25,2.25
2016.12.26 09:58:36.460,1.17039,1.17058,2.25,0.75
2016.12.26 09:58:36.763,1.1703,1.17048,2.25,2.25
2016.12.26 09:58:37.281,1.17029,1.17047,2.25,2.25
2016.12.26 09:59:35.501,1.17029,1.17056,1.00,1.45
2016.12.26 09:59:35.552,1.17031,1.17066,1.00,1.20
2016.12.26 09:59:35.603,1.17037,1.17073,1.00,1.20
2016.12.26 09:59:35.654,1.17037,1.17076,1.00,2.25
2016.12.26 09:59:36.162,1.17042,1.17074,2.25,2.25
