2017.03.03 07:00:00.023,1.14113,1.14118,1.00,3.94
2017.03.03 07:00:00.564,1.14112,1.14117,1.45,3.19
2017.03.03 07:00:00.918,1.1411,1.14114,3.89,1.25
2017.03.03 07:00:01.437,1.14112,1.14116,1.00,3.56
2017.03.03 07:00:01.742,1.14115,1.14118,1.50,2.06
2017.03.03 07:00:02.248,1.14117,1.14118,1.00,1.31
2017.03.03 07:00:03.037,1.14115,1.14118,1.12,1.19
2017.03.03 07:00:03.341,1.14116,1.14118,1.50,1.25
2017.03.03 07:00:03.544,1.14116,1.14119,1.50,1.00
2017.03.03 07:00:03.731,1.14116,1.14121,2.06,1.69
2017.03.03 07:00:04.035,1.14119,1.14121,1.00,2.44
2017.03.03 07:00:04.542,1.14116,1.14121,1.69,2.44
2017.03.03 07:00:05.047,1.14117,1.14121,1.12,1.69
2017.03.03 07:00:05.661,1.14118,1.14121,1.00,1.69
2017.03.03 07:00:06.233,1.14117,1.14121,1.12,1.25
2017.03.03 07:00:07.946,1.14119,1.14121,1.00,1.25
2017.03.03 07:00:08.460,1.14118,1.14122,1.12,1.19
2017.03.03 07:00:10.944,1.14119,1.14122,1.00,1.69
2017.03.03 07:00:11.459,1.14119,1.14122,1.50,1.00
2017.03.03 07:00:12.432,1.14121,1.14123,1.00,1.69
2017.03.03 07:00:12.635,1.14124,1.14127,1.50,1.69
2017.03.03 07:00:12.686,1.14126,1.14128,1.00,1.87
2017.03.03 07:00:12.989,1.14128,1.1413,1.12,1.19
2017.03.03 07:00:15.862,1.14127,1.1413,2.25,1.19
2017.03.03 07:00:20.103,1.14128,1.1413,1.00,1.19
2017.03.03 07:00:21.019,1.14127,1.1413,3.09,1.19
2017.03.03 07:00:22.018,1.14125,1.14126,2.34,1.25
2017.03.03 07:00:22.069,1.14121,1.14124,2.62,1.19
2017.03.03 07:00:22.121,1.14124,1.14126,1.00,2.44
2017.03.03 07:00:22.364,1.14125,1.14128,1.57,1.31
2017.03.03 07:00:22.869,1.14124,1.14128,2.62,1.19
2017.03.03 07:00:23.174,1.14122,1.14126,1.00,1.31
2017.03.03 07:00:25.174,1.14123,1.14127,1.00,5.06
2017.03.03 07:00:25.653,1.14125,1.14129,1.50,7.31
2017.03.03 07:00:26.162,1.14125,1.14129,1.87,1.31
2017.03.03 07:00:26.923,1.14125,1.14126,1.12,1.25
2017.03.03 07:00:27.024,1.14121,1.14126,1.39,1.31
2017.03.03 07:00:29.229,1.14122,1.14125,1.10,1.00
2017.03.03 07:00:29.740,1.14122,1.14126,2.32,1.31
2017.03.03 07:00:30.902,1.14121,1.14125,1.76,1.00
2017.03.03 07:00:31.408,1.14122,1.14126,1.10,4.69
2017.03.03 07:00:31.950,1.14121,1.14125,1.76,1.00
2017.03.03 07:00:32.335,1.14121,1.14124,1.07,1.19
2017.03.03 07:00:32.487,1.1412,1.14124,1.12,1.69
2017.03.03 07:00:32.588,1.14122,1.14124,1.00,1.69
2017.03.03 07:00:32.639,1.1412,1.14124,2.62,1.19
2017.03.03 07:00:33.165,1.14121,1.14124,1.00,1.19
2017.03.03 07:00:38.321,1.1412,1.14124,3.37,1.19
2017.03.03 07:00:39.637,1.14121,1.14124,1.00,1.19
2017.03.03 07:00:39.890,1.14124,1.14126,2.25,4.31
2017.03.03 07:00:40.042,1.14125,1.14128,2.25,2.06
2017.03.03 07:00:42.123,1.14126,1.14128,1.00,1.19
2017.03.03 07:00:42.275,1.14127,1.1413,1.00,1.25
2017.03.03 07:00:43.248,1.14128,1.14131,1.00,2.44
2017.03.03 07:00:45.534,1.14127,1.14131,1.12,4.31
2017.03.03 07:00:50.814,1.14128,1.14131,1.00,2.44
2017.03.03 07:00:54.917,1.14129,1.14131,1.00,1.25
2017.03.03 07:00:55.069,1.1413,1.14133,1.00,5.06
2017.03.03 07:00:55.221,1.14131,1.14134,2.85,1.50
2017.03.03 07:00:55.388,1.14134,1.14136,1.00,1.19
2017.03.03 07:00:55.742,1.14134,1.14136,1.50,1.19
2017.03.03 07:00:56.200,1.14136,1.14138,1.00,2.06
2017.03.03 07:00:56.302,1.14136,1.14138,1.00,1.19
2017.03.03 07:00:56.808,1.14137,1.14138,1.50,1.25
2017.03.03 07:00:57.262,1.14138,1.14141,1.00,3.94
2017.03.03 07:00:57.313,1.1414,1.14141,1.00,2.25
2017.03.03 07:00:57.617,1.14142,1.14143,1.00,1.25
2017.03.03 07:00:58.132,1.14141,1.14143,1.50,1.19
2017.03.03 07:00:58.755,1.14142,1.14145,1.00,5.06
2017.03.03 07:00:59.931,1.14142,1.14145,1.00,4.50
2017.03.03 07:01:00.502,1.14143,1.14145,1.00,3.00
2017.03.03 07:01:04.498,1.14144,1.14146,1.00,1.19
2017.03.03 07:01:05.071,1.14143,1.14146,1.12,1.69
2017.03.03 07:01:05.684,1.14142,1.14146,1.50,3.56
2017.03.03 07:01:06.190,1.14143,1.14146,1.12,2.81
2017.03.03 07:01:07.934,1.14142,1.14146,1.87,2.81
2017.03.03 07:01:08.086,1.14141,1.14143,1.10,1.19
2017.03.03 07:01:09.437,1.14143,1.14144,1.00,1.25
2017.03.03 07:01:09.488,1.14143,1.14145,1.37,1.25
2017.03.03 07:01:10.038,1.14143,1.14146,1.50,1.19
2017.03.03 07:01:13.763,1.14144,1.14146,1.50,1.19
2017.03.03 07:01:15.080,1.14144,1.14146,1.00,1.25
2017.03.03 07:01:15.384,1.14143,1.14146,2.62,1.19
2017.03.03 07:01:16.947,1.14144,1.14146,1.00,1.19
2017.03.03 07:01:17.469,1.14143,1.14146,1.12,1.19
2017.03.03 07:01:17.975,1.14143,1.14147,2.25,1.69
2017.03.03 07:01:21.563,1.14142,1.14145,2.62,1.00
2017.03.03 07:01:22.069,1.14142,1.14146,2.62,1.69
2017.03.03 07:01:22.574,1.14142,1.14146,2.25,1.25
2017.03.03 07:01:23.079,1.14143,1.14146,1.00,1.25
2017.03.03 07:01:25.284,1.14142,1.14146,2.25,1.25
2017.03.03 07:01:26.587,1.14143,1.14146,1.00,1.25
2017.03.03 07:01:27.201,1.14143,1.14145,1.00,1.00
2017.03.03 07:01:28.314,1.14142,1.14145,1.87,1.87
2017.03.03 07:01:31.318,1.14141,1.14145,2.14,2.62
2017.03.03 07:01:36.336,1.14142,1.14145,1.00,1.50
2017.03.03 07:01:37.134,1.14143,1.14144,1.00,1.00
2017.03.03 07:01:37.641,1.14142,1.14144,1.00,1.00
2017.03.03 07:01:38.161,1.14142,1.14145,1.00,7.87
2017.03.03 07:01:41.766,1.14142,1.14145,1.00,10.87
2017.03.03 07:01:44.731,1.14142,1.14145,1.00,8.62
2017.03.03 07:01:45.338,1.14143,1.14145,1.00,5.25
2017.03.03 07:01:46.262,1.14143,1.14146,1.00,8.81
2017.03.03 07:01:47.037,1.14142,1.14146,1.12,8.81
2017.03.03 07:01:47.543,1.14143,1.14145,1.00,1.00
2017.03.03 07:01:48.336,1.14143,1.14146,1.12,6.19
2017.03.03 07:01:50.391,1.14144,1.14147,1.00,9.94
2017.03.03 07:01:52.218,1.14142,1.14146,1.87,1.25
2017.03.03 07:01:58.316,1.14142,1.14145,1.87,1.00
2017.03.03 07:01:58.821,1.14142,1.14146,2.25,1.69
2017.03.03 07:01:59.377,1.14142,1.14145,2.25,1.00
2017.03.03 07:02:02.063,1.14144,1.14145,1.87,1.00
2017.03.03 07:02:02.216,1.14144,1.14147,2.25,1.00
2017.03.03 07:02:02.722,1.14143,1.14146,1.69,1.00
2017.03.03 07:02:03.245,1.14143,1.14147,1.69,7.50
2017.03.03 07:02:03.748,1.14142,1.14146,1.50,1.31
2017.03.03 07:02:04.988,1.14144,1.14147,1.00,3.00
2017.03.03 07:02:05.602,1.14144,1.14147,3.00,1.50
2017.03.03 07:02:06.111,1.14144,1.14148,3.00,2.81
2017.03.03 07:02:07.515,1.14144,1.14145,3.00,1.00
2017.03.03 07:02:08.444,1.14144,1.14147,1.50,1.50
2017.03.03 07:02:08.699,1.14143,1.14146,1.00,9.19
2017.03.03 07:02:09.206,1.14141,1.14145,1.69,8.62
2017.03.03 07:02:09.610,1.1414,1.14143,5.25,1.25
2017.03.03 07:02:09.813,1.14138,1.14141,1.50,1.69
2017.03.03 07:02:10.373,1.14139,1.14141,1.00,2.44
2017.03.03 07:02:10.881,1.1414,1.14141,1.12,1.00
2017.03.03 07:02:11.447,1.14141,1.14142,1.12,2.25
2017.03.03 07:02:11.600,1.14141,1.14144,1.12,7.31
2017.03.03 07:02:12.813,1.14142,1.14144,1.00,1.69
2017.03.03 07:02:13.316,1.14142,1.14144,1.00,1.69
2017.03.03 07:02:13.876,1.14142,1.14144,1.00,1.69
2017.03.03 07:02:14.896,1.14144,1.14146,1.00,3.00
2017.03.03 07:02:14.997,1.14145,1.14147,1.00,3.00
2017.03.03 07:02:16.604,1.14145,1.14148,1.00,2.81
2017.03.03 07:02:27.931,1.14145,1.14149,1.25,2.62
2017.03.03 07:02:31.858,1.14146,1.14149,1.00,2.62
2017.03.03 07:02:38.245,1.14146,1.1415,1.00,4.69
2017.03.03 07:02:38.783,1.14147,1.1415,1.25,3.00
2017.03.03 07:02:38.885,1.14149,1.1415,2.06,1.50
2017.03.03 07:02:38.936,1.14149,1.14152,3.19,1.50
2017.03.03 07:02:39.441,1.1415,1.14153,1.12,2.25
2017.03.03 07:02:39.988,1.14151,1.14155,2.25,6.19
2017.03.03 07:02:40.495,1.14152,1.14155,2.44,5.25
2017.03.03 07:02:40.647,1.14154,1.14156,2.06,2.25
2017.03.03 07:02:40.952,1.14161,1.14162,2.06,1.50
2017.03.03 07:02:41.003,1.14161,1.14163,2.81,2.25
2017.03.03 07:02:41.206,1.14162,1.14165,1.50,6.75
2017.03.03 07:02:43.093,1.14163,1.14165,1.00,3.00
2017.03.03 07:02:43.247,1.14164,1.14167,1.25,7.50
2017.03.03 07:02:44.411,1.14165,1.14167,1.00,4.50
2017.03.03 07:02:44.962,1.14164,1.14167,4.69,4.50
2017.03.03 07:02:45.468,1.14164,1.14166,3.94,1.00
2017.03.03 07:02:45.995,1.14164,1.14167,3.19,5.25
2017.03.03 07:02:46.855,1.14164,1.14168,4.69,3.75
2017.03.03 07:02:47.668,1.14164,1.14167,2.44,1.00
2017.03.03 07:02:52.259,1.14164,1.14168,1.25,4.87
2017.03.03 07:02:53.904,1.14166,1.14168,1.00,2.25
2017.03.03 07:02:54.107,1.14167,1.1417,1.25,3.00
2017.03.03 07:02:54.618,1.14167,1.14171,1.31,2.25
2017.03.03 07:02:57.560,1.14167,1.1417,1.31,1.00
2017.03.03 07:02:58.107,1.14168,1.14171,1.00,1.50
2017.03.03 07:02:58.581,1.14168,1.14173,4.78,3.75
2017.03.03 07:03:00.224,1.14169,1.14174,2.81,4.69
2017.03.03 07:03:00.479,1.14171,1.14174,1.00,3.19
2017.03.03 07:03:00.985,1.1417,1.14174,3.60,2.44
2017.03.03 07:03:02.102,1.14171,1.14174,1.19,1.50
2017.03.03 07:03:02.682,1.14171,1.14175,1.69,1.12
2017.03.03 07:03:05.388,1.14172,1.14176,1.25,3.00
2017.03.03 07:03:07.589,1.14172,1.14175,1.25,1.00
2017.03.03 07:03:09.599,1.14172,1.14176,1.25,2.62
2017.03.03 07:03:10.192,1.14171,1.14175,6.19,1.00
2017.03.03 07:03:10.737,1.14171,1.14176,6.19,3.37
2017.03.03 07:03:11.377,1.14171,1.14176,5.25,4.31
2017.03.03 07:03:11.889,1.14171,1.14175,4.50,1.00
2017.03.03 07:03:12.500,1.1417,1.14174,2.81,1.00
2017.03.03 07:03:13.014,1.1417,1.14175,2.81,1.50
2017.03.03 07:03:13.631,1.1417,1.14174,2.81,1.57
2017.03.03 07:03:14.136,1.14169,1.14173,1.12,2.29
2017.03.03 07:03:15.775,1.1417,1.14173,1.00,1.31
2017.03.03 07:03:16.946,1.14169,1.14173,1.87,2.29
2017.03.03 07:03:17.776,1.1417,1.14173,1.00,2.29
2017.03.03 07:03:20.186,1.14169,1.14173,1.87,2.29
2017.03.03 07:03:21.099,1.14167,1.14172,5.06,1.63
2017.03.03 07:03:21.605,1.1417,1.14173,1.00,2.76
2017.03.03 07:03:23.435,1.14171,1.14173,1.00,1.31
2017.03.03 07:03:23.536,1.14171,1.14175,1.50,3.51
2017.03.03 07:03:24.042,1.14172,1.14176,1.12,3.79
2017.03.03 07:03:24.549,1.14173,1.14176,1.00,3.04
2017.03.03 07:03:25.571,1.14172,1.14175,2.62,1.16
2017.03.03 07:03:25.725,1.1417,1.14175,2.44,1.91
2017.03.03 07:03:26.231,1.1417,1.14173,2.06,1.00
2017.03.03 07:03:26.383,1.14172,1.14173,1.00,1.00
2017.03.03 07:03:29.727,1.14172,1.14174,1.00,1.00
2017.03.03 07:03:31.637,1.14171,1.14172,2.62,1.25
2017.03.03 07:03:31.739,1.14168,1.14171,1.50,4.44
2017.03.03 07:03:32.143,1.14168,1.14169,1.12,1.00
2017.03.03 07:03:33.546,1.14166,1.14168,1.50,1.00
2017.03.03 07:03:34.052,1.14166,1.14169,1.50,1.54
2017.03.03 07:03:35.859,1.14166,1.14169,1.87,1.25
2017.03.03 07:03:43.814,1.14169,1.1417,1.00,1.00
2017.03.03 07:03:43.915,1.14169,1.14172,4.69,1.12
2017.03.03 07:03:44.068,1.14171,1.14173,1.00,1.00
2017.03.03 07:03:44.583,1.14172,1.14175,1.00,3.41
2017.03.03 07:03:44.887,1.14174,1.14175,1.00,1.00
2017.03.03 07:03:45.433,1.14173,1.14177,2.25,4.54
2017.03.03 07:03:46.040,1.14174,1.14177,1.00,3.04
2017.03.03 07:03:46.610,1.14173,1.14176,2.25,1.25
2017.03.03 07:03:47.136,1.14174,1.14176,1.00,1.25
2017.03.03 07:03:47.860,1.14173,1.14176,3.00,1.25
2017.03.03 07:03:48.400,1.14174,1.14176,1.00,1.25
2017.03.03 07:03:50.105,1.14175,1.14177,1.00,1.35
2017.03.03 07:03:50.358,1.14176,1.14178,1.00,1.50
2017.03.03 07:03:51.218,1.14175,1.14178,2.62,1.00
2017.03.03 07:03:51.471,1.14174,1.14176,2.44,1.00
2017.03.03 07:03:52.449,1.14173,1.14175,2.62,1.00
2017.03.03 07:03:52.981,1.14173,1.14175,1.50,1.00
2017.03.03 07:04:00.376,1.14173,1.14176,1.50,1.54
2017.03.03 07:04:10.540,1.14175,1.14178,2.25,1.87
2017.03.03 07:04:11.047,1.14175,1.14178,5.25,1.00
2017.03.03 07:04:12.358,1.14176,1.14179,1.00,1.69
2017.03.03 07:04:12.904,1.14176,1.14178,2.25,1.12
2017.03.03 07:04:13.503,1.14176,1.1418,3.00,2.44
2017.03.03 07:04:14.008,1.14179,1.1418,1.00,1.12
2017.03.03 07:04:14.262,1.14179,1.14183,4.50,1.69
2017.03.03 07:04:14.667,1.14181,1.14183,1.50,1.00
2017.03.03 07:04:15.170,1.14181,1.14184,3.22,1.00
2017.03.03 07:04:17.768,1.14182,1.14184,1.50,1.00
2017.03.03 07:04:18.279,1.14182,1.14185,1.50,2.06
2017.03.03 07:04:18.808,1.14182,1.14184,1.50,1.00
2017.03.03 07:04:19.619,1.14182,1.14185,1.50,1.31
2017.03.03 07:04:20.642,1.14183,1.14186,1.00,1.69
2017.03.03 07:04:21.575,1.14182,1.14186,2.62,1.69
2017.03.03 07:04:22.148,1.14183,1.14186,1.00,1.50
2017.03.03 07:04:22.688,1.14184,1.14186,1.00,1.00
2017.03.03 07:04:23.245,1.14184,1.14187,1.00,2.44
2017.03.03 07:04:23.959,1.14184,1.14187,2.44,1.12
2017.03.03 07:04:24.111,1.14186,1.14189,1.00,2.62
2017.03.03 07:04:26.144,1.14187,1.14189,1.00,1.00
2017.03.03 07:04:26.651,1.14186,1.14189,1.50,1.00
2017.03.03 07:04:28.106,1.14187,1.14189,1.12,1.00
2017.03.03 07:04:28.556,1.14188,1.14191,2.25,1.00
2017.03.03 07:04:29.062,1.14188,1.1419,2.25,1.00
2017.03.03 07:04:30.420,1.14187,1.1419,1.31,1.59
2017.03.03 07:04:30.572,1.14188,1.14192,1.00,2.16
2017.03.03 07:04:30.674,1.14189,1.14191,2.06,1.00
2017.03.03 07:04:30.978,1.14189,1.14192,1.69,1.50
2017.03.03 07:04:33.479,1.14189,1.14191,1.69,1.00
2017.03.03 07:04:34.430,1.14189,1.14192,1.19,2.62
2017.03.03 07:04:35.309,1.14189,1.14191,1.19,1.50
2017.03.03 07:04:35.411,1.14188,1.14191,1.12,2.25
2017.03.03 07:04:35.916,1.14187,1.14191,1.31,2.25
2017.03.03 07:04:37.130,1.14187,1.1419,1.31,1.00
2017.03.03 07:04:37.637,1.14187,1.14191,1.31,1.00
2017.03.03 07:04:37.890,1.1419,1.14192,1.00,2.44
2017.03.03 07:04:38.345,1.1419,1.14194,3.79,4.50
2017.03.03 07:04:39.658,1.14191,1.14194,1.00,3.75
2017.03.03 07:04:40.207,1.14191,1.14193,1.50,1.00
2017.03.03 07:04:40.741,1.1419,1.14194,1.25,3.00
2017.03.03 07:04:41.421,1.1419,1.14193,1.25,1.00
2017.03.03 07:04:43.793,1.14189,1.14191,3.56,1.00
2017.03.03 07:04:43.844,1.14188,1.1419,3.00,1.00
2017.03.03 07:04:43.946,1.14186,1.14188,1.12,1.00
2017.03.03 07:04:44.857,1.14185,1.14188,2.06,1.00
2017.03.03 07:04:45.666,1.14185,1.14187,1.25,1.00
2017.03.03 07:04:45.970,1.14183,1.14186,1.25,2.25
2017.03.03 07:04:46.517,1.14183,1.14185,1.25,1.12
2017.03.03 07:04:47.082,1.14183,1.14186,1.25,3.00
2017.03.03 07:04:47.606,1.14183,1.14184,1.00,1.00
2017.03.03 07:04:47.656,1.1418,1.14183,2.06,1.00
2017.03.03 07:04:51.392,1.1418,1.14184,1.69,3.00
2017.03.03 07:04:58.550,1.14181,1.14185,1.25,1.50
2017.03.03 07:04:59.985,1.14182,1.14185,1.00,1.00
2017.03.03 07:05:00.507,1.14181,1.14185,1.41,1.00
2017.03.03 07:05:01.017,1.14182,1.14185,1.00,1.00
2017.03.03 07:05:02.009,1.14181,1.14185,1.41,1.00
2017.03.03 07:05:03.193,1.14181,1.14185,1.41,1.00
2017.03.03 07:05:03.698,1.14182,1.14187,4.26,2.25
2017.03.03 07:05:03.800,1.14184,1.14187,1.69,1.50
2017.03.03 07:05:03.902,1.14185,1.1419,1.31,3.79
2017.03.03 07:05:04.503,1.14185,1.14189,2.81,1.00
2017.03.03 07:05:05.011,1.14185,1.1419,2.81,1.91
2017.03.03 07:05:05.454,1.14188,1.1419,1.00,1.72
2017.03.03 07:05:05.960,1.14186,1.1419,1.31,2.47
2017.03.03 07:05:06.771,1.14185,1.14189,1.62,2.25
2017.03.03 07:05:07.075,1.14184,1.14188,3.19,2.25
2017.03.03 07:05:08.471,1.14185,1.14189,5.06,1.00
2017.03.03 07:05:08.997,1.14186,1.1419,1.69,1.30
2017.03.03 07:05:13.012,1.14188,1.1419,1.00,1.30
2017.03.03 07:05:13.527,1.14187,1.14191,1.31,1.22
2017.03.03 07:05:15.716,1.14188,1.1419,1.00,1.30
2017.03.03 07:05:18.946,1.14189,1.14193,1.00,3.56
2017.03.03 07:05:19.583,1.14189,1.14193,5.44,1.87
2017.03.03 07:05:20.625,1.14192,1.14195,1.19,3.84
2017.03.03 07:05:25.425,1.14192,1.14195,1.19,1.59
2017.03.03 07:05:28.766,1.14192,1.14194,1.19,1.50
2017.03.03 07:05:28.868,1.1419,1.14193,1.69,1.87
2017.03.03 07:05:29.373,1.14189,1.14192,1.19,1.00
2017.03.03 07:05:31.970,1.14189,1.14193,5.44,1.12
2017.03.03 07:05:32.475,1.14189,1.14193,3.19,2.25
2017.03.03 07:05:38.289,1.14189,1.14194,4.69,2.25
2017.03.03 07:05:39.477,1.1419,1.14195,2.81,3.19
2017.03.03 07:05:40.009,1.1419,1.14194,2.06,1.00
2017.03.03 07:05:42.080,1.1419,1.14195,2.06,3.28
2017.03.03 07:05:42.788,1.1419,1.14194,1.31,1.00
2017.03.03 07:05:45.268,1.14191,1.14194,1.00,1.00
2017.03.03 07:05:45.622,1.14192,1.14194,1.31,1.00
2017.03.03 07:05:45.876,1.14192,1.14196,2.16,10.12
2017.03.03 07:05:46.405,1.14192,1.14196,1.19,10.22
2017.03.03 07:05:46.558,1.14195,1.14197,1.69,8.62
2017.03.03 07:05:46.660,1.14197,1.14199,1.00,2.25
2017.03.03 07:05:46.712,1.14198,1.142,1.31,1.00
2017.03.03 07:05:46.763,1.14198,1.14201,1.31,2.62
2017.03.03 07:05:47.272,1.14199,1.14201,1.25,1.12
2017.03.03 07:05:47.785,1.14199,1.14202,1.25,1.00
2017.03.03 07:05:49.354,1.14199,1.14203,1.25,3.37
2017.03.03 07:05:49.960,1.14199,1.14203,3.94,1.50
2017.03.03 07:05:50.546,1.14199,1.14202,2.81,1.00
2017.03.03 07:05:52.266,1.14199,1.14202,2.81,1.00
2017.03.03 07:05:52.734,1.14199,1.142,1.25,1.00
2017.03.03 07:05:55.524,1.14198,1.14201,1.19,4.12
2017.03.03 07:05:58.359,1.14198,1.14202,2.81,1.12
2017.03.03 07:05:58.910,1.14198,1.14203,3.94,4.12
2017.03.03 07:06:02.309,1.142,1.14203,1.19,1.87
2017.03.03 07:06:03.199,1.14202,1.14203,3.00,1.87
2017.03.03 07:06:03.534,1.14205,1.14208,1.19,3.37
2017.03.03 07:06:04.615,1.14205,1.14209,1.19,4.87
2017.03.03 07:06:05.124,1.14205,1.14208,1.19,3.37
2017.03.03 07:06:05.631,1.14205,1.14207,1.19,3.37
2017.03.03 07:06:06.228,1.14205,1.14206,1.25,1.50
2017.03.03 07:06:06.734,1.14205,1.14207,1.19,4.57
2017.03.03 07:06:07.239,1.14203,1.14206,1.69,1.87
2017.03.03 07:06:07.781,1.14203,1.14205,1.19,1.00
2017.03.03 07:06:09.416,1.14203,1.14204,1.25,1.00
2017.03.03 07:06:09.467,1.142,1.14204,3.66,1.00
2017.03.03 07:06:10.024,1.14202,1.14204,1.00,1.12
2017.03.03 07:06:10.541,1.14201,1.14204,1.25,1.12
2017.03.03 07:06:11.084,1.142,1.14203,1.69,3.00
2017.03.03 07:06:12.791,1.142,1.14202,1.19,1.50
2017.03.03 07:06:14.161,1.142,1.14203,1.19,2.25
2017.03.03 07:06:14.869,1.142,1.14202,1.19,1.00
2017.03.03 07:06:15.021,1.142,1.14202,1.19,1.00
2017.03.03 07:06:15.073,1.142,1.14202,1.19,1.00
2017.03.03 07:06:15.275,1.142,1.14204,1.31,1.95
2017.03.03 07:06:18.236,1.142,1.14205,6.56,3.45
2017.03.03 07:06:18.791,1.142,1.14204,6.56,1.00
2017.03.03 07:06:20.141,1.142,1.14205,8.06,1.20
2017.03.03 07:06:20.850,1.14203,1.14205,2.44,1.00
2017.03.03 07:06:20.952,1.14205,1.14208,1.00,3.37
2017.03.03 07:06:22.974,1.14205,1.14207,1.12,1.50
2017.03.03 07:06:23.510,1.14203,1.14206,2.81,1.11
2017.03.03 07:06:23.763,1.14201,1.14204,2.62,1.25
2017.03.03 07:06:23.966,1.142,1.14204,1.12,2.81
2017.03.03 07:06:25.008,1.142,1.14204,4.69,1.00
2017.03.03 07:06:25.573,1.14201,1.14205,2.44,1.00
2017.03.03 07:06:25.827,1.14204,1.14207,1.12,3.00
2017.03.03 07:06:26.346,1.14204,1.14208,3.00,3.19
2017.03.03 07:06:28.210,1.14205,1.14207,1.12,1.00
2017.03.03 07:06:28.793,1.14205,1.14207,2.62,1.00
2017.03.03 07:06:30.897,1.14205,1.14207,1.50,1.00
2017.03.03 07:06:31.402,1.14205,1.14206,1.00,1.00
2017.03.03 07:06:31.554,1.14203,1.14206,1.25,1.00
2017.03.03 07:06:32.084,1.14202,1.14205,4.69,1.00
2017.03.03 07:06:33.512,1.14202,1.14205,3.37,1.00
2017.03.03 07:06:34.480,1.14201,1.14205,3.28,1.12
2017.03.03 07:06:35.109,1.14204,1.14205,1.00,1.12
2017.03.03 07:06:35.160,1.14204,1.14208,2.25,3.56
2017.03.03 07:06:35.665,1.14205,1.14207,3.00,1.00
2017.03.03 07:06:38.013,1.14204,1.14207,2.25,1.00
2017.03.03 07:06:39.626,1.14205,1.14208,1.87,1.69
2017.03.03 07:06:40.998,1.14204,1.14208,4.82,1.69
2017.03.03 07:06:41.575,1.14205,1.14208,1.35,1.25
2017.03.03 07:06:43.743,1.14205,1.14209,1.59,4.31
2017.03.03 07:06:44.702,1.14208,1.14209,1.00,1.87
2017.03.03 07:06:44.855,1.14211,1.14213,4.12,1.00
2017.03.03 07:06:45.370,1.14212,1.14213,4.12,1.00
2017.03.03 07:06:47.096,1.14211,1.14213,6.75,1.00
2017.03.03 07:06:47.501,1.14209,1.1421,1.12,1.00
2017.03.03 07:06:47.663,1.14206,1.14208,8.34,1.00
2017.03.03 07:06:47.714,1.14204,1.14208,5.53,1.50
2017.03.03 07:06:48.230,1.14205,1.14209,6.69,1.25
2017.03.03 07:06:48.885,1.14206,1.14209,1.97,1.25
2017.03.03 07:06:49.813,1.14208,1.14209,1.69,1.00
2017.03.03 07:06:50.015,1.14209,1.14212,1.12,1.00
2017.03.03 07:06:50.302,1.14209,1.14211,1.00,4.31
2017.03.03 07:06:50.404,1.14205,1.14208,2.85,1.69
2017.03.03 07:06:50.909,1.14206,1.14209,1.50,1.00
2017.03.03 07:06:52.973,1.14208,1.14209,1.00,1.00
2017.03.03 07:06:53.540,1.14208,1.1421,1.00,1.31
2017.03.03 07:06:59.558,1.14207,1.14209,1.00,1.00
2017.03.03 07:06:59.659,1.14205,1.14209,2.81,2.25
2017.03.03 07:07:00.165,1.14206,1.14208,1.00,1.00
2017.03.03 07:07:00.982,1.14205,1.14208,1.00,1.25
2017.03.03 07:07:02.987,1.14206,1.14208,1.00,1.25
2017.03.03 07:07:03.567,1.14205,1.14208,1.00,1.25
2017.03.03 07:07:04.093,1.14205,1.14207,1.00,1.00
2017.03.03 07:07:04.619,1.14205,1.14208,1.00,2.44
2017.03.03 07:07:05.321,1.14205,1.14207,1.00,1.00
2017.03.03 07:07:08.002,1.14204,1.14207,1.00,2.25
2017.03.03 07:07:08.575,1.14204,1.14206,1.00,1.00
2017.03.03 07:07:09.103,1.14204,1.14207,1.00,3.00
2017.03.03 07:07:10.365,1.14204,1.14207,1.00,3.00
2017.03.03 07:07:12.099,1.14205,1.14207,1.00,1.00
2017.03.03 07:07:12.610,1.14204,1.14205,1.00,1.25
2017.03.03 07:07:12.711,1.14202,1.14204,1.00,1.00
2017.03.03 07:07:13.219,1.14201,1.14204,1.12,1.00
2017.03.03 07:07:13.933,1.14201,1.14204,1.00,3.56
2017.03.03 07:07:14.289,1.142,1.14201,1.00,1.00
2017.03.03 07:07:14.391,1.14198,1.14201,1.37,3.56
2017.03.03 07:07:14.897,1.14198,1.14202,9.56,1.50
2017.03.03 07:07:15.100,1.14198,1.14202,10.31,1.50
2017.03.03 07:07:16.399,1.14201,1.14202,1.00,1.00
2017.03.03 07:07:16.938,1.14201,1.14203,1.00,1.31
2017.03.03 07:07:18.602,1.142,1.14203,1.00,1.31
2017.03.03 07:07:19.116,1.14201,1.14203,1.00,1.31
2017.03.03 07:07:23.827,1.142,1.14203,1.00,1.25
2017.03.03 07:07:24.911,1.142,1.14202,1.00,1.00
2017.03.03 07:07:25.417,1.14201,1.14203,1.00,1.25
2017.03.03 07:07:28.024,1.142,1.14203,3.75,1.25
2017.03.03 07:07:28.786,1.14201,1.14203,1.00,1.00
2017.03.03 07:07:29.292,1.14201,1.14204,1.00,1.00
2017.03.03 07:07:36.067,1.14201,1.14203,1.00,1.00
2017.03.03 07:07:38.036,1.14202,1.14203,1.00,1.00
2017.03.03 07:07:38.390,1.14202,1.14205,1.00,3.56
2017.03.03 07:07:39.332,1.14203,1.14205,1.00,3.56
2017.03.03 07:07:39.930,1.14202,1.14205,1.00,2.81
2017.03.03 07:07:40.436,1.14202,1.14204,1.00,1.00
2017.03.03 07:07:40.967,1.14201,1.14203,1.00,1.00
2017.03.03 07:07:42.673,1.14201,1.14202,1.00,1.00
2017.03.03 07:07:43.303,1.142,1.14202,1.12,3.00
2017.03.03 07:07:44.840,1.14201,1.14202,1.00,1.00
2017.03.03 07:07:45.662,1.142,1.14202,1.12,1.00
2017.03.03 07:07:46.195,1.142,1.14204,2.91,1.00
2017.03.03 07:07:47.877,1.14201,1.14204,1.50,1.50
2017.03.03 07:07:48.406,1.14202,1.14205,1.00,3.94
2017.03.03 07:07:49.404,1.14203,1.14205,1.00,2.81
2017.03.03 07:07:53.281,1.14203,1.14204,1.00,1.25
2017.03.03 07:07:53.433,1.14201,1.14204,2.62,1.25
2017.03.03 07:07:55.673,1.14202,1.14204,1.00,1.69
2017.03.03 07:07:55.724,1.14201,1.14203,1.00,1.19
2017.03.03 07:07:55.775,1.14199,1.14203,4.22,1.69
2017.03.03 07:07:56.337,1.142,1.14202,1.12,1.25
2017.03.03 07:07:57.273,1.14199,1.14202,2.25,1.25
2017.03.03 07:07:57.324,1.14198,1.14199,3.00,1.00
2017.03.03 07:07:57.375,1.14194,1.14197,1.50,6.56
2017.03.03 07:07:57.477,1.14192,1.14195,1.50,1.69
2017.03.03 07:07:57.579,1.14191,1.14194,1.50,1.87
2017.03.03 07:07:57.781,1.14191,1.14192,1.12,1.00
2017.03.03 07:07:58.297,1.14191,1.14193,1.12,1.00
2017.03.03 07:07:58.803,1.1419,1.14192,3.94,1.00
2017.03.03 07:07:59.056,1.14192,1.14194,1.87,1.00
2017.03.03 07:08:00.243,1.14193,1.14194,1.00,1.00
2017.03.03 07:08:00.751,1.14193,1.14195,3.00,1.25
2017.03.03 07:08:01.005,1.14195,1.14197,1.12,1.25
2017.03.03 07:08:01.309,1.14193,1.14197,2.25,2.44
2017.03.03 07:08:01.839,1.14194,1.14197,2.62,1.25
2017.03.03 07:08:03.860,1.14194,1.14198,4.12,2.44
2017.03.03 07:08:04.113,1.14197,1.14198,1.00,2.44
2017.03.03 07:08:04.215,1.14197,1.14199,1.12,1.50
2017.03.03 07:08:05.634,1.14195,1.14199,3.64,1.50
2017.03.03 07:08:06.139,1.14197,1.14199,3.09,1.00
2017.03.03 07:08:07.027,1.14197,1.14198,1.12,1.00
2017.03.03 07:08:07.532,1.14194,1.14197,1.00,3.19
2017.03.03 07:08:07.634,1.14192,1.14195,3.28,1.00
2017.03.03 07:08:08.125,1.1419,1.14191,5.34,1.25
2017.03.03 07:08:08.372,1.14186,1.1419,1.87,3.19
2017.03.03 07:08:08.880,1.14186,1.14188,1.12,1.00
2017.03.03 07:08:09.134,1.14188,1.1419,1.00,1.00
2017.03.03 07:08:09.641,1.14188,1.14191,1.12,1.25
2017.03.03 07:08:09.945,1.14185,1.14188,1.97,1.00
2017.03.03 07:08:10.473,1.14185,1.14188,3.47,1.00
2017.03.03 07:08:14.189,1.14187,1.14188,1.87,1.00
2017.03.03 07:08:14.695,1.14187,1.1419,2.25,1.69
2017.03.03 07:08:15.404,1.14187,1.14191,3.75,1.25
2017.03.03 07:08:15.943,1.1419,1.14191,1.00,1.25
2017.03.03 07:08:16.145,1.1419,1.14193,2.25,1.00
2017.03.03 07:08:16.651,1.1419,1.14192,1.50,1.00
2017.03.03 07:08:17.669,1.1419,1.14193,1.50,1.00
2017.03.03 07:08:19.991,1.1419,1.14192,1.87,1.00
2017.03.03 07:08:20.194,1.14188,1.1419,1.87,2.44
2017.03.03 07:08:20.245,1.14188,1.1419,1.12,3.56
2017.03.03 07:08:20.346,1.14185,1.1419,3.37,6.94
2017.03.03 07:08:20.867,1.14185,1.14188,4.12,1.00
2017.03.03 07:08:21.778,1.14184,1.14187,4.31,1.00
2017.03.03 07:08:22.365,1.14185,1.14188,1.25,1.50
2017.03.03 07:08:22.921,1.14184,1.14187,3.56,1.00
2017.03.03 07:08:23.426,1.14184,1.14186,1.12,1.00
2017.03.03 07:08:23.860,1.14183,1.14184,1.87,1.25
2017.03.03 07:08:23.961,1.14181,1.14184,1.87,1.25
2017.03.03 07:08:24.063,1.1418,1.14183,1.00,1.87
2017.03.03 07:08:24.417,1.14182,1.14184,1.00,1.31
2017.03.03 07:08:25.337,1.14181,1.14184,4.87,1.25
2017.03.03 07:08:25.886,1.14182,1.14185,1.31,1.00
2017.03.03 07:08:26.754,1.14181,1.14185,2.62,4.31
2017.03.03 07:08:27.272,1.14181,1.14183,2.25,1.00
2017.03.03 07:08:27.804,1.1418,1.14183,1.12,1.50
2017.03.03 07:08:28.350,1.14179,1.14182,7.31,1.00
2017.03.03 07:08:29.038,1.14179,1.14183,2.81,1.12
2017.03.03 07:08:29.544,1.14178,1.14182,2.81,2.74
2017.03.03 07:08:29.848,1.14177,1.14179,1.00,3.19
2017.03.03 07:08:29.900,1.14174,1.14178,3.75,1.25
2017.03.03 07:08:29.951,1.14174,1.14178,2.62,2.06
2017.03.03 07:08:30.194,1.14177,1.14178,1.12,1.31
2017.03.03 07:08:30.295,1.14177,1.1418,2.62,1.12
2017.03.03 07:08:30.398,1.14179,1.14182,1.00,2.44
2017.03.03 07:08:31.462,1.14179,1.14182,1.87,1.00
2017.03.03 07:08:31.988,1.14179,1.14183,1.87,2.92
2017.03.03 07:08:32.494,1.14179,1.14181,1.12,1.00
2017.03.03 07:08:33.000,1.14179,1.14182,1.50,1.00
2017.03.03 07:08:33.507,1.14179,1.14183,2.62,1.31
2017.03.03 07:08:34.402,1.1418,1.14184,1.50,3.30
2017.03.03 07:08:34.706,1.14182,1.14186,1.12,2.06
2017.03.03 07:08:34.959,1.1418,1.14184,2.81,1.00
2017.03.03 07:08:35.263,1.14179,1.14182,2.25,1.00
2017.03.03 07:08:35.804,1.14179,1.14183,2.25,1.25
2017.03.03 07:08:36.209,1.14179,1.14181,1.00,1.00
2017.03.03 07:08:36.741,1.14177,1.14182,5.06,2.36
2017.03.03 07:08:37.256,1.14178,1.14183,1.69,5.44
2017.03.03 07:08:37.600,1.14178,1.14183,3.56,1.69
2017.03.03 07:08:38.134,1.14179,1.14182,1.50,1.00
2017.03.03 07:08:38.286,1.14178,1.14182,2.81,1.12
2017.03.03 07:08:38.791,1.14179,1.14183,1.87,1.25
2017.03.03 07:08:39.558,1.1418,1.14183,1.00,1.25
2017.03.03 07:08:40.079,1.14179,1.14183,1.50,2.44
2017.03.03 07:08:40.392,1.14178,1.14181,2.44,1.00
2017.03.03 07:08:41.405,1.14178,1.14182,2.44,2.25
2017.03.03 07:08:41.949,1.14179,1.14182,1.00,1.00
2017.03.03 07:08:42.354,1.14178,1.14179,3.00,1.00
2017.03.03 07:08:42.507,1.14177,1.14178,1.12,2.06
2017.03.03 07:08:42.659,1.14175,1.14177,1.00,1.00
2017.03.03 07:08:42.812,1.14173,1.14174,1.00,1.00
2017.03.03 07:08:42.864,1.14171,1.14173,6.00,3.81
2017.03.03 07:08:43.067,1.1417,1.14172,1.00,1.50
2017.03.03 07:08:43.310,1.14168,1.1417,6.75,1.19
2017.03.03 07:08:43.465,1.14162,1.14165,1.00,2.10
2017.03.03 07:08:43.516,1.14162,1.14164,1.00,1.69
2017.03.03 07:08:43.618,1.1416,1.14163,2.62,1.25
2017.03.03 07:08:43.771,1.14161,1.14163,1.00,1.69
2017.03.03 07:08:44.075,1.14159,1.1416,1.00,1.00
2017.03.03 07:08:44.385,1.1416,1.14162,3.19,1.00
2017.03.03 07:08:44.436,1.1416,1.14164,3.94,1.87
2017.03.03 07:08:44.894,1.14162,1.14165,1.19,1.50
2017.03.03 07:08:45.099,1.14165,1.14168,1.00,1.87
2017.03.03 07:08:45.453,1.14162,1.14165,2.44,1.00
2017.03.03 07:08:45.993,1.14163,1.14168,1.25,3.56
2017.03.03 07:08:46.500,1.14163,1.14167,1.25,1.12
2017.03.03 07:08:46.905,1.14165,1.14168,1.19,2.62
2017.03.03 07:08:47.007,1.14166,1.14169,1.69,1.12
2017.03.03 07:08:47.142,1.14167,1.1417,1.19,1.15
2017.03.03 07:08:47.658,1.14167,1.14171,2.06,1.12
2017.03.03 07:08:48.058,1.1417,1.14172,1.00,1.50
2017.03.03 07:08:48.565,1.14169,1.14172,1.00,1.87
2017.03.03 07:08:49.064,1.14171,1.14173,1.00,1.12
2017.03.03 07:08:49.419,1.14169,1.14171,1.50,1.00
2017.03.03 07:08:49.875,1.14167,1.14171,2.44,3.45
2017.03.03 07:08:50.027,1.14168,1.14171,1.25,1.20
2017.03.03 07:08:50.129,1.14167,1.14171,1.69,1.87
2017.03.03 07:08:50.230,1.14167,1.14171,1.19,2.70
2017.03.03 07:08:50.831,1.14167,1.14171,1.19,2.62
2017.03.03 07:08:51.080,1.14169,1.14173,1.69,3.00
2017.03.03 07:08:51.591,1.14169,1.14173,2.81,1.87
2017.03.03 07:08:51.894,1.14172,1.14175,1.69,1.12
2017.03.03 07:08:52.047,1.14173,1.14177,2.06,1.12
2017.03.03 07:08:53.074,1.14173,1.14175,2.06,1.00
2017.03.03 07:08:53.378,1.14171,1.14173,1.00,1.00
2017.03.03 07:08:53.907,1.14171,1.14174,1.00,2.25
2017.03.03 07:08:54.212,1.14173,1.14174,1.25,1.50
2017.03.03 07:08:54.314,1.14174,1.14176,1.00,1.12
2017.03.03 07:08:54.417,1.14176,1.14178,1.00,3.00
2017.03.03 07:08:54.998,1.14178,1.14179,1.31,1.00
2017.03.03 07:08:55.050,1.14179,1.14181,1.25,1.50
2017.03.03 07:08:55.101,1.14181,1.14182,1.25,1.00
2017.03.03 07:08:55.254,1.14182,1.14184,1.00,1.50
2017.03.03 07:08:55.358,1.1418,1.14182,1.00,1.00
2017.03.03 07:08:55.410,1.14179,1.14182,2.81,1.00
2017.03.03 07:08:55.975,1.14181,1.14182,1.25,1.00
2017.03.03 07:08:56.077,1.14182,1.14185,1.00,3.37
2017.03.03 07:08:56.586,1.14182,1.14185,1.00,2.25
2017.03.03 07:08:57.600,1.14182,1.14184,1.00,1.00
2017.03.03 07:08:58.145,1.14181,1.14184,1.31,1.87
2017.03.03 07:08:58.652,1.14181,1.14183,1.25,2.25
2017.03.03 07:08:59.676,1.14181,1.14183,1.00,1.50
2017.03.03 07:09:01.381,1.14181,1.14183,1.25,1.00
2017.03.03 07:09:01.971,1.14181,1.14183,1.00,1.00
2017.03.03 07:09:02.493,1.14182,1.14184,1.00,1.87
2017.03.03 07:09:06.791,1.14182,1.14184,1.00,1.87
2017.03.03 07:09:10.349,1.14182,1.14184,1.00,1.12
2017.03.03 07:09:10.876,1.14182,1.14184,1.00,1.12
2017.03.03 07:09:11.540,1.14185,1.14186,1.50,1.50
2017.03.03 07:09:11.591,1.14187,1.14189,2.85,1.12
2017.03.03 07:09:11.643,1.14189,1.1419,1.25,1.00
2017.03.03 07:09:11.694,1.14188,1.14191,1.69,1.12
2017.03.03 07:09:11.745,1.1419,1.14191,1.00,1.00
2017.03.03 07:09:11.847,1.14189,1.1419,1.25,1.50
2017.03.03 07:09:12.365,1.14191,1.14193,2.06,6.75
2017.03.03 07:09:12.621,1.14189,1.14191,1.25,3.09
2017.03.03 07:09:13.127,1.14188,1.1419,1.19,1.00
2017.03.03 07:09:14.016,1.14188,1.14191,1.19,4.59
2017.03.03 07:09:14.320,1.14187,1.1419,1.25,1.12
2017.03.03 07:09:14.827,1.14186,1.14189,2.81,1.00
2017.03.03 07:09:15.990,1.14188,1.14189,1.25,1.00
2017.03.03 07:09:16.041,1.14189,1.14191,1.19,2.62
2017.03.03 07:09:16.143,1.14188,1.1419,1.65,1.50
2017.03.03 07:09:16.295,1.14187,1.14188,1.31,1.00
2017.03.03 07:09:16.801,1.14186,1.14188,1.00,1.00
2017.03.03 07:09:18.761,1.14185,1.14188,1.69,1.00
2017.03.03 07:09:21.146,1.14183,1.14184,1.25,1.72
2017.03.03 07:09:21.298,1.1418,1.14183,2.06,1.87
2017.03.03 07:09:21.652,1.14179,1.1418,1.87,1.50
2017.03.03 07:09:21.753,1.14176,1.14178,1.69,2.62
2017.03.03 07:09:22.135,1.14177,1.1418,2.06,1.50
2017.03.03 07:09:22.287,1.14175,1.14179,2.44,4.50
2017.03.03 07:09:22.943,1.14175,1.14178,2.44,1.12
2017.03.03 07:09:23.724,1.14175,1.1418,2.44,4.97
2017.03.03 07:09:26.719,1.14176,1.14178,1.25,1.00
2017.03.03 07:09:27.023,1.14174,1.14177,1.00,1.00
2017.03.03 07:09:27.537,1.14175,1.14177,1.00,1.00
2017.03.03 07:09:29.470,1.14175,1.14178,1.00,4.03
2017.03.03 07:09:29.859,1.14176,1.14178,1.00,2.06
2017.03.03 07:09:30.365,1.14176,1.14178,1.69,1.12
2017.03.03 07:09:30.669,1.1418,1.14182,1.69,4.57
2017.03.03 07:09:30.770,1.14181,1.14182,1.25,1.12
2017.03.03 07:09:30.821,1.14179,1.1418,1.31,2.62
2017.03.03 07:09:30.872,1.14177,1.1418,1.87,6.09
2017.03.03 07:09:31.096,1.1418,1.14182,1.19,3.37
2017.03.03 07:09:31.300,1.14181,1.14184,1.25,1.59
2017.03.03 07:09:31.705,1.14183,1.14184,1.12,2.34
2017.03.03 07:09:31.807,1.14185,1.14187,2.06,1.12
2017.03.03 07:09:32.314,1.14186,1.14189,1.25,1.59
2017.03.03 07:09:33.061,1.14184,1.14185,4.12,1.50
2017.03.03 07:09:33.165,1.14183,1.14184,1.25,3.00
2017.03.03 07:09:40.014,1.14183,1.14185,1.69,1.87
2017.03.03 07:09:40.297,1.14187,1.14189,2.81,1.00
2017.03.03 07:09:40.803,1.14188,1.14191,1.25,3.09
2017.03.03 07:09:41.414,1.14189,1.14191,1.19,1.12
2017.03.03 07:09:41.546,1.1419,1.14193,2.81,2.25
2017.03.03 07:09:42.054,1.14191,1.14194,1.50,3.09
2017.03.03 07:09:42.408,1.14192,1.14194,3.56,1.12
2017.03.03 07:09:42.510,1.14194,1.14197,1.00,6.09
2017.03.03 07:09:43.017,1.14193,1.14196,1.25,2.72
2017.03.03 07:09:43.460,1.14191,1.14192,3.56,1.00
2017.03.03 07:09:43.511,1.1419,1.14192,5.81,2.12
2017.03.03 07:09:44.017,1.14189,1.14191,1.19,1.22
2017.03.03 07:09:44.321,1.14188,1.14189,1.12,2.62
2017.03.03 07:09:44.624,1.14189,1.14191,1.19,2.72
2017.03.03 07:09:46.143,1.14189,1.14192,1.19,4.97
2017.03.03 07:09:48.457,1.14189,1.14192,1.50,11.16
2017.03.03 07:09:48.761,1.14187,1.1419,1.25,3.37
2017.03.03 07:09:49.221,1.14188,1.1419,1.19,1.00
2017.03.03 07:09:49.475,1.14188,1.14191,6.56,1.50
2017.03.03 07:09:49.580,1.14191,1.14193,2.62,9.00
2017.03.03 07:09:49.632,1.14193,1.14194,3.56,1.12
2017.03.03 07:09:49.808,1.14191,1.14193,5.06,1.87
2017.03.03 07:09:49.911,1.14192,1.14194,1.87,1.87
2017.03.03 07:09:49.963,1.1419,1.14192,1.25,1.50
2017.03.03 07:09:50.774,1.1419,1.14193,2.81,1.87
2017.03.03 07:09:50.973,1.14192,1.14194,1.19,1.57
2017.03.03 07:09:51.126,1.14193,1.14196,1.69,1.00
2017.03.03 07:09:51.784,1.14193,1.14196,1.25,1.95
2017.03.03 07:09:52.138,1.14193,1.14197,2.81,3.37
2017.03.03 07:09:52.619,1.14193,1.14195,2.06,1.10
2017.03.03 07:09:52.771,1.14194,1.14197,1.50,1.50
2017.03.03 07:09:54.374,1.14196,1.14198,1.00,3.37
2017.03.03 07:09:54.680,1.14199,1.14201,1.69,2.25
2017.03.03 07:09:54.986,1.14198,1.14199,2.06,1.00
2017.03.03 07:09:55.643,1.14197,1.142,3.19,1.25
2017.03.03 07:09:55.896,1.14197,1.14201,5.81,1.00
2017.03.03 07:09:55.998,1.14197,1.142,5.06,1.42
2017.03.03 07:10:00.075,1.14197,1.142,5.44,1.12
2017.03.03 07:10:00.581,1.14197,1.142,3.94,1.55
2017.03.03 07:10:01.930,1.14199,1.142,1.00,1.06
2017.03.03 07:10:02.436,1.14198,1.14201,1.31,1.50
2017.03.03 07:10:02.639,1.14198,1.14202,1.31,2.30
2017.03.03 07:10:03.149,1.14199,1.14202,1.12,1.06
2017.03.03 07:10:07.808,1.14198,1.14202,1.25,1.87
2017.03.03 07:10:07.910,1.14197,1.14199,5.44,1.00
2017.03.03 07:10:08.062,1.14194,1.14196,1.00,1.00
2017.03.03 07:10:08.266,1.1419,1.14191,6.19,1.00
2017.03.03 07:10:08.369,1.14187,1.1419,1.31,1.87
2017.03.03 07:10:08.654,1.14185,1.14188,2.06,1.50
2017.03.03 07:10:08.958,1.14183,1.14187,2.06,2.25
2017.03.03 07:10:09.262,1.14182,1.14183,1.12,1.25
2017.03.03 07:10:09.364,1.14179,1.14182,2.25,1.00
2017.03.03 07:10:09.516,1.14178,1.14181,1.50,1.00
2017.03.03 07:10:10.057,1.14178,1.14183,1.87,2.86
2017.03.03 07:10:10.260,1.14179,1.14183,3.19,1.12
2017.03.03 07:10:11.055,1.1418,1.14184,2.06,2.62
2017.03.03 07:10:12.221,1.14181,1.14184,1.50,1.00
2017.03.03 07:10:12.525,1.14185,1.14187,1.50,1.31
2017.03.03 07:10:13.288,1.14184,1.14188,1.87,3.00
2017.03.03 07:10:13.764,1.14186,1.14188,1.00,3.42
2017.03.03 07:10:14.300,1.14185,1.14188,1.50,1.44
2017.03.03 07:10:17.714,1.14185,1.14187,1.00,3.56
2017.03.03 07:10:18.120,1.14184,1.14187,1.00,1.25
2017.03.03 07:10:20.192,1.14185,1.14187,1.00,1.25
2017.03.03 07:10:20.878,1.14185,1.14186,1.00,1.00
2017.03.03 07:10:21.005,1.14183,1.14184,1.00,1.50
2017.03.03 07:10:22.343,1.14183,1.14185,1.00,2.06
2017.03.03 07:10:23.448,1.14183,1.14186,1.50,1.87
2017.03.03 07:10:23.784,1.14185,1.14188,1.50,3.75
2017.03.03 07:10:24.088,1.14187,1.14189,1.50,2.25
2017.03.03 07:10:24.607,1.14188,1.14189,1.00,2.25
2017.03.03 07:10:25.769,1.14188,1.1419,1.00,2.91
2017.03.03 07:10:27.003,1.14188,1.14189,1.50,1.00
2017.03.03 07:10:27.547,1.14187,1.1419,2.25,2.91
2017.03.03 07:10:29.908,1.14187,1.14189,1.50,1.00
2017.03.03 07:10:30.638,1.14187,1.1419,1.50,3.66
2017.03.03 07:10:35.942,1.14187,1.14188,1.50,1.00
2017.03.03 07:10:36.094,1.14187,1.1419,1.50,2.91
2017.03.03 07:10:37.629,1.14187,1.14189,1.50,1.22
2017.03.03 07:10:37.832,1.14185,1.14189,1.31,3.47
2017.03.03 07:10:37.883,1.14185,1.14187,1.25,1.00
2017.03.03 07:10:38.449,1.14184,1.14188,1.69,2.62
2017.03.03 07:10:40.037,1.14183,1.14185,1.12,1.12
2017.03.03 07:10:40.492,1.14181,1.14184,1.00,1.12
2017.03.03 07:10:41.016,1.14179,1.14184,3.19,1.22
2017.03.03 07:10:41.544,1.14181,1.14185,2.25,3.56
2017.03.03 07:10:42.079,1.14182,1.14186,1.00,4.78
2017.03.03 07:10:43.981,1.14182,1.14186,1.69,3.00
2017.03.03 07:10:44.742,1.14183,1.14186,1.00,1.12
2017.03.03 07:10:51.674,1.14183,1.14185,1.00,1.69
2017.03.03 07:10:51.725,1.14181,1.14184,1.12,1.50
2017.03.03 07:10:52.230,1.14179,1.14183,4.31,1.00
2017.03.03 07:10:58.603,1.14179,1.14182,1.50,1.00
2017.03.03 07:11:01.754,1.14179,1.14183,1.50,1.69
2017.03.03 07:11:03.869,1.14178,1.14182,4.87,1.00
2017.03.03 07:11:04.461,1.14178,1.14183,3.37,3.19
2017.03.03 07:11:04.815,1.14178,1.14179,2.62,1.25
2017.03.03 07:11:04.917,1.14175,1.14178,1.87,1.50
2017.03.03 07:11:05.120,1.14173,1.14177,3.56,2.25
2017.03.03 07:11:05.424,1.14172,1.14174,1.50,1.19
2017.03.03 07:11:05.526,1.14171,1.14173,1.00,1.69
2017.03.03 07:11:05.627,1.14169,1.14173,3.75,2.06
2017.03.03 07:11:06.070,1.14171,1.14174,1.00,3.64
2017.03.03 07:11:06.575,1.14172,1.14175,3.75,1.50
2017.03.03 07:11:07.081,1.14172,1.14176,1.19,3.37
2017.03.03 07:11:08.220,1.14172,1.14176,3.94,1.87
2017.03.03 07:11:08.777,1.14172,1.14175,2.44,1.00
2017.03.03 07:11:09.031,1.14172,1.14177,6.56,3.00
2017.03.03 07:11:10.290,1.14173,1.14177,3.94,1.00
2017.03.03 07:11:10.796,1.14174,1.14178,1.87,1.25
2017.03.03 07:11:15.117,1.14173,1.14177,5.16,1.00
2017.03.03 07:11:15.535,1.14172,1.14173,3.84,1.50
2017.03.03 07:11:15.736,1.14168,1.14173,4.69,2.81
2017.03.03 07:11:15.989,1.14171,1.14174,1.00,3.94
2017.03.03 07:11:16.242,1.14173,1.14176,1.50,1.25
2017.03.03 07:11:16.748,1.14174,1.14177,1.00,3.19
2017.03.03 07:11:17.650,1.14175,1.14177,1.00,2.25
2017.03.03 07:11:17.701,1.14176,1.14178,1.00,1.31
2017.03.03 07:11:17.853,1.14177,1.1418,1.50,1.87
2017.03.03 07:11:17.955,1.14177,1.14178,1.00,1.69
2017.03.03 07:11:18.058,1.14173,1.14176,4.31,1.00
2017.03.03 07:11:18.130,1.14174,1.14178,2.62,2.44
2017.03.03 07:11:18.640,1.14174,1.14177,2.25,1.00
2017.03.03 07:11:18.994,1.14173,1.14175,1.25,1.00
2017.03.03 07:11:19.297,1.14175,1.14178,1.00,3.56
2017.03.03 07:11:19.816,1.14174,1.14178,1.00,3.56
2017.03.03 07:11:21.752,1.14174,1.14178,1.00,3.19
2017.03.03 07:11:23.227,1.14173,1.14178,3.66,2.44
2017.03.03 07:11:24.856,1.14173,1.14176,1.31,1.00
2017.03.03 07:11:25.159,1.14175,1.14177,1.25,2.25
2017.03.03 07:11:25.688,1.14175,1.14178,1.25,2.62
2017.03.03 07:11:25.992,1.14173,1.14176,2.44,1.12
2017.03.03 07:11:26.296,1.14172,1.14174,1.25,2.62
2017.03.03 07:11:31.320,1.14173,1.14175,1.25,2.25
2017.03.03 07:11:31.422,1.14173,1.14177,3.94,1.50
2017.03.03 07:11:31.473,1.14175,1.14177,1.25,1.12
2017.03.03 07:11:36.652,1.14175,1.14176,1.25,1.00
2017.03.03 07:11:36.804,1.14171,1.14175,1.12,1.75
2017.03.03 07:11:36.855,1.14173,1.14174,1.25,1.50
2017.03.03 07:11:36.956,1.14171,1.14173,1.50,4.72
2017.03.03 07:11:37.078,1.1417,1.14173,2.44,2.85
2017.03.03 07:11:37.584,1.1417,1.14171,1.25,1.12
2017.03.03 07:11:38.091,1.1417,1.14173,1.25,2.25
2017.03.03 07:11:39.802,1.14169,1.14172,2.44,1.75
2017.03.03 07:11:39.904,1.14168,1.14171,1.31,1.50
2017.03.03 07:11:40.259,1.14169,1.14171,1.25,2.25
2017.03.03 07:11:40.462,1.1417,1.14173,1.69,2.25
2017.03.03 07:11:40.868,1.14171,1.14174,1.12,1.00
2017.03.03 07:11:40.919,1.14173,1.14175,1.31,1.00
2017.03.03 07:11:41.271,1.14173,1.14177,2.81,2.25
2017.03.03 07:11:47.622,1.14172,1.14173,4.69,2.25
2017.03.03 07:11:47.775,1.1417,1.14172,2.06,1.00
2017.03.03 07:11:48.331,1.1417,1.14174,1.25,3.47
2017.03.03 07:11:48.868,1.1417,1.14175,3.19,3.66
2017.03.03 07:11:49.025,1.14173,1.14175,1.25,1.87
2017.03.03 07:11:49.127,1.14173,1.14177,1.69,1.59
2017.03.03 07:11:49.330,1.14173,1.14175,1.69,1.00
2017.03.03 07:11:52.961,1.14173,1.14176,1.25,1.97
2017.03.03 07:11:53.475,1.14173,1.14175,1.25,1.00
2017.03.03 07:11:53.882,1.14171,1.14173,3.37,3.60
2017.03.03 07:11:54.186,1.1417,1.14171,1.25,1.00
2017.03.03 07:11:54.701,1.1417,1.14172,1.25,2.72
2017.03.03 07:11:55.325,1.1417,1.14175,2.44,8.16
2017.03.03 07:11:55.837,1.1417,1.14174,4.69,1.12
2017.03.03 07:11:56.329,1.1417,1.14171,1.25,1.00
2017.03.03 07:11:56.431,1.1417,1.14173,1.25,2.62
2017.03.03 07:11:56.937,1.14173,1.14175,1.25,3.47
2017.03.03 07:11:57.038,1.14173,1.14177,1.69,2.72
2017.03.03 07:11:57.552,1.14173,1.14178,3.56,6.28
2017.03.03 07:11:57.805,1.14173,1.14175,1.25,1.00
2017.03.03 07:11:58.316,1.14173,1.14176,1.25,1.12
2017.03.03 07:11:59.024,1.14173,1.14175,1.25,1.00
2017.03.03 07:11:59.572,1.14173,1.14176,1.25,1.12
2017.03.03 07:11:59.877,1.14174,1.14178,3.75,1.41
2017.03.03 07:12:00.384,1.14175,1.14178,1.00,1.31
2017.03.03 07:12:00.889,1.14174,1.14177,2.62,1.00
2017.03.03 07:12:01.803,1.14176,1.14177,1.25,1.00
2017.03.03 07:12:02.309,1.14176,1.14178,1.25,1.22
2017.03.03 07:12:03.492,1.14174,1.14176,1.87,1.50
2017.03.03 07:12:03.827,1.14171,1.14173,1.25,1.12
2017.03.03 07:12:03.928,1.14171,1.14175,2.06,1.12
2017.03.03 07:12:04.479,1.14173,1.14176,1.25,2.34
2017.03.03 07:12:04.686,1.14174,1.14177,1.12,1.97
2017.03.03 07:12:04.889,1.14173,1.14175,2.44,1.00
2017.03.03 07:12:05.406,1.14173,1.14175,1.69,1.00
2017.03.03 07:12:08.322,1.14174,1.14175,1.00,1.00
2017.03.03 07:12:08.828,1.14173,1.14175,1.69,1.00
2017.03.03 07:12:09.681,1.14174,1.14175,1.00,1.00
2017.03.03 07:12:09.985,1.14175,1.14177,1.00,2.62
2017.03.03 07:12:10.491,1.14174,1.14176,1.00,1.00
2017.03.03 07:12:12.591,1.14174,1.14176,1.00,1.00
2017.03.03 07:12:19.424,1.14174,1.14175,1.00,1.00
2017.03.03 07:12:19.930,1.14173,1.14176,3.19,1.12
2017.03.03 07:12:20.031,1.14175,1.14176,1.00,1.12
2017.03.03 07:12:20.538,1.14175,1.14177,1.00,1.12
2017.03.03 07:12:23.834,1.14176,1.14177,1.25,1.12
2017.03.03 07:12:24.142,1.14179,1.1418,1.00,1.12
2017.03.03 07:12:24.446,1.14176,1.14177,1.31,2.25
2017.03.03 07:12:24.598,1.14174,1.14176,1.00,1.00
2017.03.03 07:12:25.131,1.14175,1.14177,1.00,1.50
2017.03.03 07:12:26.267,1.14176,1.14177,1.25,1.00
2017.03.03 07:12:26.418,1.14176,1.14179,1.69,4.50
2017.03.03 07:12:28.011,1.14176,1.14178,1.25,1.00
2017.03.03 07:12:28.518,1.14176,1.14179,1.25,3.75
2017.03.03 07:12:29.887,1.14176,1.14178,1.25,1.00
2017.03.03 07:12:30.292,1.14177,1.14178,3.19,1.00
2017.03.03 07:12:30.596,1.14179,1.1418,1.69,1.00
2017.03.03 07:12:31.190,1.14179,1.14181,1.25,3.00
2017.03.03 07:12:36.255,1.14177,1.14179,1.00,1.50
2017.03.03 07:12:36.760,1.14176,1.14178,1.69,1.00
2017.03.03 07:12:37.265,1.14176,1.14179,1.69,5.62
2017.03.03 07:12:37.569,1.14176,1.14177,1.25,1.00
2017.03.03 07:12:38.164,1.14176,1.14178,1.25,1.00
2017.03.03 07:12:38.698,1.14176,1.14179,1.69,4.50
2017.03.03 07:12:42.585,1.14176,1.14178,1.69,1.00
2017.03.03 07:12:43.228,1.14175,1.14177,1.00,3.37
2017.03.03 07:12:43.734,1.14175,1.14178,1.00,3.37
2017.03.03 07:12:44.276,1.14176,1.14178,1.00,3.37
2017.03.03 07:12:46.959,1.14179,1.1418,1.69,4.12
2017.03.03 07:12:47.111,1.1418,1.14182,1.25,1.50
2017.03.03 07:12:47.212,1.14181,1.14183,1.69,1.12
2017.03.03 07:12:49.185,1.14181,1.14184,1.69,3.75
2017.03.03 07:12:50.975,1.14181,1.14182,1.69,1.00
2017.03.03 07:12:51.128,1.14179,1.14181,1.25,1.50
2017.03.03 07:12:51.515,1.1418,1.14183,1.50,1.50
2017.03.03 07:12:51.869,1.14182,1.14183,1.00,1.12
2017.03.03 07:12:52.410,1.14181,1.14183,1.69,1.00
2017.03.03 07:12:52.756,1.14179,1.1418,1.25,1.00
2017.03.03 07:12:59.143,1.14181,1.14183,1.25,2.25
2017.03.03 07:12:59.649,1.14183,1.14185,1.25,2.62
2017.03.03 07:13:00.019,1.14183,1.14185,1.25,5.62
2017.03.03 07:13:00.446,1.14182,1.14183,1.00,1.00
2017.03.03 07:13:01.468,1.14181,1.14182,1.69,1.00
2017.03.03 07:13:02.350,1.14181,1.14183,2.69,1.87
2017.03.03 07:13:02.452,1.14183,1.14185,1.25,2.25
2017.03.03 07:13:02.619,1.14185,1.14187,1.00,2.25
2017.03.03 07:13:03.128,1.14184,1.14187,1.69,1.87
2017.03.03 07:13:03.560,1.14186,1.14187,1.00,1.00
2017.03.03 07:13:04.106,1.14185,1.14187,1.00,1.00
2017.03.03 07:13:04.640,1.14184,1.14188,2.44,1.87
2017.03.03 07:13:05.649,1.14184,1.14187,1.25,1.00
2017.03.03 07:13:05.956,1.14183,1.14185,1.19,1.00
2017.03.03 07:13:07.045,1.14183,1.14186,1.69,1.50
2017.03.03 07:13:14.195,1.14181,1.14184,3.56,1.50
2017.03.03 07:13:14.399,1.1418,1.14182,1.19,1.00
2017.03.03 07:13:17.281,1.1418,1.14181,1.25,1.50
2017.03.03 07:13:17.332,1.14175,1.14179,6.19,3.00
2017.03.03 07:13:17.384,1.14175,1.14178,1.31,1.00
2017.03.03 07:13:17.918,1.14175,1.14177,1.19,1.00
2017.03.03 07:13:19.163,1.14176,1.14178,1.69,1.00
2017.03.03 07:13:19.706,1.14176,1.14179,1.69,1.12
2017.03.03 07:13:20.957,1.14178,1.1418,1.69,3.00
2017.03.03 07:13:21.162,1.1418,1.14182,1.19,1.12
2017.03.03 07:13:25.158,1.1418,1.14181,1.25,1.00
2017.03.03 07:13:28.501,1.14178,1.14181,2.44,1.50
2017.03.03 07:13:29.157,1.14178,1.14182,2.44,3.00
2017.03.03 07:13:34.532,1.14178,1.14181,2.81,1.00
2017.03.03 07:13:35.478,1.14178,1.14182,2.81,2.62
2017.03.03 07:13:39.516,1.14178,1.14181,2.81,1.00
2017.03.03 07:13:40.079,1.14178,1.14182,2.81,1.87
2017.03.03 07:13:42.696,1.14178,1.14181,2.81,1.00
2017.03.03 07:13:44.751,1.14178,1.1418,1.19,1.00
2017.03.03 07:13:51.509,1.14176,1.14179,3.94,1.50
2017.03.03 07:13:51.661,1.14175,1.14177,1.31,1.00
2017.03.03 07:13:52.551,1.14175,1.14178,1.19,4.50
2017.03.03 07:13:53.443,1.14176,1.1418,2.44,2.25
2017.03.03 07:13:57.449,1.14177,1.14181,1.00,2.81
2017.03.03 07:13:57.954,1.14177,1.14181,1.50,2.81
2017.03.03 07:13:58.471,1.14177,1.14181,1.00,4.31
2017.03.03 07:13:59.003,1.14176,1.14181,2.44,3.56
2017.03.03 07:13:59.425,1.14178,1.1418,1.19,1.00
2017.03.03 07:14:03.765,1.14178,1.14181,2.44,2.62
2017.03.03 07:14:05.892,1.14179,1.14181,1.69,1.00
2017.03.03 07:14:06.419,1.14179,1.14182,1.69,1.12
2017.03.03 07:14:06.824,1.1418,1.14182,1.19,1.12
2017.03.03 07:14:16.421,1.1418,1.14183,1.19,1.12
2017.03.03 07:14:17.410,1.1418,1.14182,1.19,1.00
2017.03.03 07:14:18.627,1.1418,1.14183,1.19,1.12
2017.03.03 07:14:23.293,1.14178,1.1418,3.19,4.12
2017.03.03 07:14:23.394,1.14176,1.14179,1.62,3.75
2017.03.03 07:14:23.445,1.14175,1.14178,1.31,1.50
2017.03.03 07:14:27.322,1.14175,1.14176,1.25,1.00
2017.03.03 07:14:30.036,1.14175,1.14178,2.44,1.37
2017.03.03 07:14:30.190,1.14177,1.1418,5.44,1.00
2017.03.03 07:14:30.291,1.14178,1.14182,3.75,1.50
2017.03.03 07:14:30.342,1.14179,1.1418,1.00,1.00
2017.03.03 07:14:30.575,1.14175,1.14178,2.81,1.12
2017.03.03 07:14:31.694,1.14176,1.14179,1.25,1.00
2017.03.03 07:14:32.099,1.14178,1.1418,1.19,1.12
2017.03.03 07:14:34.176,1.14177,1.1418,2.44,1.87
2017.03.03 07:14:36.527,1.14176,1.1418,1.00,3.26
2017.03.03 07:14:36.780,1.14175,1.14178,1.25,1.00
2017.03.03 07:14:38.479,1.14175,1.14179,1.25,2.25
2017.03.03 07:14:41.167,1.14176,1.14179,1.00,2.25
2017.03.03 07:14:44.454,1.14174,1.14178,5.06,2.25
2017.03.03 07:14:44.962,1.14174,1.14177,2.06,1.00
2017.03.03 07:14:46.579,1.14174,1.14178,4.31,1.12
2017.03.03 07:14:47.085,1.14174,1.14177,4.31,1.00
2017.03.03 07:14:47.590,1.14174,1.14178,4.31,1.00
2017.03.03 07:14:48.095,1.14175,1.14177,1.25,1.00
2017.03.03 07:14:48.764,1.14173,1.14176,3.94,1.50
2017.03.03 07:14:49.421,1.14173,1.14176,1.69,3.00
2017.03.03 07:14:52.812,1.14171,1.14172,1.50,1.00
2017.03.03 07:14:52.863,1.14167,1.14171,8.44,1.12
2017.03.03 07:14:52.965,1.14167,1.14168,1.00,1.50
2017.03.03 07:14:53.066,1.14164,1.14167,2.25,6.07
2017.03.03 07:14:53.168,1.14162,1.14165,5.06,1.00
2017.03.03 07:14:53.473,1.14166,1.14169,1.50,1.12
2017.03.03 07:14:54.005,1.14167,1.1417,1.00,1.31
2017.03.03 07:14:54.543,1.14167,1.14171,3.94,2.62
2017.03.03 07:14:55.794,1.14167,1.14171,6.19,1.50
2017.03.03 07:15:00.186,1.14169,1.14171,1.00,1.50
2017.03.03 07:15:00.728,1.14168,1.14171,1.25,1.50
2017.03.03 07:15:01.082,1.14171,1.14173,1.00,1.50
2017.03.03 07:15:01.637,1.14172,1.14174,1.00,1.12
2017.03.03 07:15:02.174,1.14172,1.14175,1.00,2.81
2017.03.03 07:15:02.814,1.14171,1.14174,2.44,1.00
2017.03.03 07:15:08.994,1.14171,1.14175,4.69,1.12
2017.03.03 07:15:09.792,1.14173,1.14175,1.00,1.12
2017.03.03 07:15:09.894,1.14173,1.14177,3.75,2.44
2017.03.03 07:15:09.945,1.14174,1.14177,1.19,1.12
2017.03.03 07:15:10.149,1.14173,1.14176,1.00,1.00
2017.03.03 07:15:14.998,1.14173,1.14177,3.00,1.31
2017.03.03 07:15:15.456,1.14175,1.14178,1.00,5.81
2017.03.03 07:15:16.679,1.14175,1.14178,2.44,1.12
2017.03.03 07:15:18.642,1.14176,1.14179,2.25,3.75
2017.03.03 07:15:18.947,1.14181,1.14182,1.00,1.00
2017.03.03 07:15:19.049,1.14181,1.14183,1.00,1.31
2017.03.03 07:15:19.557,1.14182,1.14184,1.00,2.62
2017.03.03 07:15:21.306,1.14181,1.14184,2.25,1.00
2017.03.03 07:15:22.363,1.1418,1.14183,2.81,2.25
2017.03.03 07:15:22.415,1.14179,1.14183,7.31,3.00
2017.03.03 07:15:22.731,1.14179,1.14183,6.94,3.00
2017.03.03 07:15:26.249,1.14181,1.14185,1.00,7.69
2017.03.03 07:15:26.301,1.14182,1.14184,1.69,1.00
2017.03.03 07:15:26.402,1.14183,1.14185,1.25,1.37
2017.03.03 07:15:26.504,1.14185,1.14187,2.44,1.12
2017.03.03 07:15:26.555,1.14186,1.14188,2.44,1.87
2017.03.03 07:15:26.606,1.14186,1.14189,3.94,1.00
2017.03.03 07:15:27.364,1.14188,1.1419,1.00,1.00
2017.03.03 07:15:27.892,1.14186,1.1419,4.69,1.50
2017.03.03 07:15:29.554,1.14185,1.14188,2.44,4.12
2017.03.03 07:15:29.857,1.14182,1.14185,2.44,1.50
2017.03.03 07:15:30.363,1.14184,1.14188,2.25,3.56
2017.03.03 07:15:31.802,1.14183,1.14184,1.69,3.37
2017.03.03 07:15:31.853,1.14181,1.14183,2.25,1.87
2017.03.03 07:15:31.904,1.14181,1.14183,1.37,3.00
2017.03.03 07:15:32.056,1.14181,1.14183,1.37,2.25
2017.03.03 07:15:32.360,1.14179,1.14184,5.44,4.12
2017.03.03 07:15:35.351,1.14179,1.14183,2.44,4.87
2017.03.03 07:15:36.164,1.14179,1.14183,3.19,4.50
2017.03.03 07:15:38.952,1.14179,1.14182,3.19,1.00
2017.03.03 07:15:40.542,1.14179,1.1418,1.00,1.25
2017.03.03 07:15:40.593,1.14175,1.14179,4.31,3.37
2017.03.03 07:15:41.098,1.14175,1.14178,2.44,1.00
2017.03.03 07:15:41.885,1.14175,1.14177,1.25,1.00
2017.03.03 07:15:44.535,1.14175,1.14179,1.69,3.75
2017.03.03 07:15:45.042,1.14176,1.1418,2.25,3.56
2017.03.03 07:15:45.562,1.14176,1.1418,2.25,3.19
2017.03.03 07:15:47.990,1.14176,1.14178,1.25,1.00
2017.03.03 07:15:48.511,1.14175,1.14177,3.19,1.00
2017.03.03 07:15:49.655,1.14175,1.14176,1.69,1.00
2017.03.03 07:15:52.874,1.14172,1.14173,3.19,1.50
2017.03.03 07:15:53.367,1.14173,1.14175,1.50,1.00
2017.03.03 07:15:53.918,1.14173,1.14176,1.00,1.12
2017.03.03 07:15:54.258,1.14171,1.14173,5.81,3.00
2017.03.03 07:15:54.360,1.14168,1.14171,3.19,1.00
2017.03.03 07:15:55.507,1.14168,1.14172,3.19,3.00
2017.03.03 07:15:59.081,1.14168,1.14171,2.44,1.87
2017.03.03 07:15:59.233,1.14168,1.14169,1.25,1.00
2017.03.03 07:15:59.756,1.14168,1.1417,1.19,1.00
2017.03.03 07:16:01.704,1.14168,1.14171,1.19,3.75
2017.03.03 07:16:02.215,1.14168,1.14172,1.31,3.37
2017.03.03 07:16:02.724,1.14168,1.14171,1.31,1.00
2017.03.03 07:16:03.028,1.14158,1.14159,11.25,1.00
2017.03.03 07:16:03.130,1.14157,1.1416,1.25,10.50
2017.03.03 07:16:03.632,1.14156,1.14159,1.19,2.25
2017.03.03 07:16:04.762,1.14156,1.14159,1.69,1.57
2017.03.03 07:16:04.915,1.1416,1.14162,1.69,1.87
2017.03.03 07:16:04.966,1.1416,1.14163,2.06,1.00
2017.03.03 07:16:05.258,1.14157,1.1416,4.69,1.87
2017.03.03 07:16:05.563,1.1416,1.14163,1.31,3.75
2017.03.03 07:16:05.716,1.14159,1.14162,1.69,2.62
2017.03.03 07:16:06.240,1.14158,1.14161,2.44,1.00
2017.03.03 07:16:07.794,1.14158,1.1416,1.00,4.12
2017.03.03 07:16:07.845,1.14157,1.14158,1.69,1.12
2017.03.03 07:16:08.351,1.14157,1.14159,1.25,1.50
2017.03.03 07:16:08.857,1.14158,1.14159,1.00,1.00
2017.03.03 07:16:09.363,1.14158,1.1416,1.00,1.12
2017.03.03 07:16:09.881,1.14157,1.1416,1.00,2.62
2017.03.03 07:16:10.539,1.14157,1.14158,1.00,1.00
2017.03.03 07:16:11.044,1.14156,1.14157,1.69,1.00
2017.03.03 07:16:11.572,1.14156,1.14158,1.69,1.12
2017.03.03 07:16:12.020,1.14156,1.14159,1.69,1.12
2017.03.03 07:16:16.891,1.14159,1.1416,2.44,2.62
2017.03.03 07:16:17.044,1.1416,1.14162,2.62,1.00
2017.03.03 07:16:17.551,1.1416,1.14163,1.00,4.12
2017.03.03 07:16:18.076,1.1416,1.14162,1.00,1.00
2017.03.03 07:16:18.582,1.14159,1.14162,6.56,1.50
2017.03.03 07:16:22.014,1.14159,1.1416,1.31,1.00
2017.03.03 07:16:22.415,1.14157,1.1416,1.25,5.25
2017.03.03 07:16:22.932,1.14158,1.1416,1.00,2.25
2017.03.03 07:16:23.135,1.14159,1.14161,2.44,1.50
2017.03.03 07:16:23.642,1.14159,1.14162,2.81,1.00
2017.03.03 07:16:24.148,1.14159,1.14163,4.31,1.12
2017.03.03 07:16:25.043,1.1416,1.14163,1.69,1.12
2017.03.03 07:16:25.551,1.14161,1.14164,1.25,4.12
2017.03.03 07:16:26.070,1.1416,1.14163,1.69,1.12
2017.03.03 07:16:26.882,1.14161,1.14165,3.19,1.50
2017.03.03 07:16:27.034,1.14163,1.14164,1.00,1.00
2017.03.03 07:16:27.552,1.14162,1.14164,1.00,1.00
2017.03.03 07:16:30.317,1.14162,1.14165,1.50,1.12
2017.03.03 07:16:30.853,1.14162,1.14164,1.50,1.00
2017.03.03 07:16:31.505,1.14162,1.14165,1.50,1.00
2017.03.03 07:16:33.005,1.14162,1.14164,1.50,1.00
2017.03.03 07:16:33.514,1.14161,1.14164,1.25,2.25
2017.03.03 07:16:33.856,1.14163,1.14164,1.00,1.00
2017.03.03 07:16:34.361,1.14162,1.14164,1.00,1.00
2017.03.03 07:16:34.667,1.1416,1.14161,1.12,1.00
2017.03.03 07:16:34.973,1.14159,1.14161,2.44,1.00
2017.03.03 07:16:36.134,1.14158,1.1416,1.00,3.00
2017.03.03 07:16:36.235,1.14157,1.14159,1.25,2.25
2017.03.03 07:16:44.402,1.14157,1.14159,1.25,1.87
2017.03.03 07:16:44.807,1.14159,1.1416,2.25,3.37
2017.03.03 07:16:44.959,1.14159,1.14162,5.81,1.87
2017.03.03 07:16:45.478,1.14159,1.14161,6.19,1.00
2017.03.03 07:16:45.733,1.1416,1.14163,3.37,1.00
2017.03.03 07:16:46.262,1.14161,1.14164,1.00,1.69
2017.03.03 07:16:48.348,1.14164,1.14166,3.44,9.00
2017.03.03 07:16:48.450,1.14164,1.14168,3.19,1.12
2017.03.03 07:16:48.603,1.14165,1.14169,3.94,4.87
2017.03.03 07:16:48.786,1.14167,1.1417,1.50,1.00
2017.03.03 07:16:49.297,1.14168,1.1417,1.00,1.00
2017.03.03 07:16:49.450,1.1417,1.14172,1.00,3.00
2017.03.03 07:16:50.025,1.14169,1.14172,1.25,1.50
2017.03.03 07:16:50.634,1.14169,1.14171,1.25,1.00
2017.03.03 07:16:51.104,1.14171,1.14172,1.00,1.50
2017.03.03 07:16:51.155,1.14171,1.14173,2.44,1.12
2017.03.03 07:16:51.439,1.14169,1.14172,3.94,1.00
2017.03.03 07:16:52.045,1.1417,1.14172,1.00,1.00
2017.03.03 07:16:52.550,1.1417,1.14173,1.00,5.62
2017.03.03 07:16:53.056,1.14169,1.14172,1.69,1.00
2017.03.03 07:16:54.437,1.14169,1.14171,1.25,1.00
2017.03.03 07:16:56.105,1.14169,1.1417,1.25,1.00
2017.03.03 07:16:56.613,1.14168,1.1417,1.00,1.00
2017.03.03 07:17:00.262,1.14168,1.14171,1.50,2.06
2017.03.03 07:17:00.415,1.1417,1.14171,3.00,1.00
2017.03.03 07:17:00.603,1.14171,1.14175,6.19,2.25
2017.03.03 07:17:00.655,1.14173,1.14175,1.00,1.87
2017.03.03 07:17:01.160,1.14172,1.14174,1.00,1.50
2017.03.03 07:17:01.673,1.1417,1.14173,1.69,4.83
2017.03.03 07:17:02.125,1.14173,1.14174,1.25,2.25
2017.03.03 07:17:02.277,1.14175,1.14177,1.00,1.00
2017.03.03 07:17:02.906,1.14174,1.14177,1.00,1.69
2017.03.03 07:17:03.451,1.14175,1.14177,1.00,2.44
2017.03.03 07:17:04.270,1.14175,1.14178,1.25,1.50
2017.03.03 07:17:05.152,1.14175,1.14177,1.00,2.81
2017.03.03 07:17:05.659,1.14174,1.14176,1.00,1.31
2017.03.03 07:17:08.159,1.14173,1.14174,1.00,1.00
2017.03.03 07:17:08.363,1.1417,1.14172,1.50,1.31
2017.03.03 07:17:10.548,1.1417,1.14172,1.00,2.06
2017.03.03 07:17:11.187,1.14169,1.14171,1.00,1.00
2017.03.03 07:17:11.709,1.14171,1.14173,1.00,3.19
2017.03.03 07:17:12.177,1.14169,1.1417,1.00,1.00
2017.03.03 07:17:12.278,1.14168,1.1417,1.00,4.50
2017.03.03 07:17:12.380,1.14167,1.14169,1.25,1.00
2017.03.03 07:17:13.050,1.14167,1.1417,1.25,2.25
2017.03.03 07:17:13.318,1.14169,1.1417,1.00,1.00
2017.03.03 07:17:13.996,1.14169,1.14171,1.00,1.87
2017.03.03 07:17:14.555,1.14168,1.1417,1.25,1.00
2017.03.03 07:17:15.232,1.14167,1.1417,1.69,2.62
2017.03.03 07:17:16.388,1.14167,1.14169,1.25,1.00
2017.03.03 07:17:18.471,1.14165,1.14167,3.00,1.12
2017.03.03 07:17:18.977,1.14166,1.14168,1.00,3.37
2017.03.03 07:17:19.527,1.14165,1.14168,1.00,3.37
2017.03.03 07:17:20.061,1.14166,1.14168,1.00,3.37
2017.03.03 07:17:20.676,1.14165,1.14168,1.00,4.12
2017.03.03 07:17:22.143,1.14166,1.14168,1.00,3.37
2017.03.03 07:17:23.660,1.14166,1.14169,3.00,1.25
2017.03.03 07:17:23.761,1.14168,1.1417,1.00,1.12
2017.03.03 07:17:36.294,1.14168,1.14171,1.00,2.11
2017.03.03 07:17:38.871,1.14168,1.1417,1.00,1.00
2017.03.03 07:17:39.423,1.14168,1.14171,1.00,2.11
2017.03.03 07:17:39.997,1.14168,1.1417,1.00,1.00
2017.03.03 07:17:49.915,1.14167,1.1417,1.12,1.00
2017.03.03 07:17:50.263,1.14167,1.14168,1.12,1.00
2017.03.03 07:17:50.415,1.14163,1.14166,1.87,2.11
2017.03.03 07:17:51.165,1.14163,1.14167,4.97,1.19
2017.03.03 07:17:51.694,1.14165,1.14167,1.00,1.19
2017.03.03 07:17:52.271,1.14165,1.14168,1.00,2.44
2017.03.03 07:17:53.187,1.14165,1.14168,1.25,1.50
2017.03.03 07:17:56.136,1.14164,1.14166,2.81,1.00
2017.03.03 07:17:56.288,1.14161,1.14164,3.56,1.00
2017.03.03 07:17:56.794,1.14161,1.14163,2.81,1.00
2017.03.03 07:17:57.341,1.14161,1.14164,2.81,1.00
2017.03.03 07:17:57.392,1.14161,1.14166,6.56,4.12
2017.03.03 07:17:57.910,1.14163,1.14167,1.00,3.94
2017.03.03 07:17:58.628,1.14165,1.14167,1.00,3.19
2017.03.03 07:17:58.913,1.14166,1.1417,2.25,3.56
2017.03.03 07:18:00.013,1.14166,1.1417,1.87,2.81
2017.03.03 07:18:00.476,1.14168,1.1417,1.00,1.25
2017.03.03 07:18:01.081,1.14168,1.14171,1.00,1.12
2017.03.03 07:18:01.587,1.14169,1.14172,1.12,1.25
2017.03.03 07:18:02.313,1.1417,1.14173,1.00,1.50
2017.03.03 07:18:03.199,1.1417,1.14172,1.00,1.00
2017.03.03 07:18:03.725,1.1417,1.14173,1.00,1.50
2017.03.03 07:18:04.249,1.1417,1.14172,1.00,1.00
2017.03.03 07:18:05.211,1.14169,1.1417,1.50,1.00
2017.03.03 07:18:05.313,1.14168,1.1417,1.00,1.50
2017.03.03 07:18:05.844,1.14166,1.14169,6.19,1.00
2017.03.03 07:18:06.411,1.14166,1.1417,3.94,1.50
2017.03.03 07:18:07.087,1.14166,1.14169,3.94,1.00
2017.03.03 07:18:10.163,1.14166,1.1417,3.94,2.34
2017.03.03 07:18:10.905,1.14166,1.14169,3.94,1.00
2017.03.03 07:18:12.556,1.14166,1.14167,1.00,1.00
2017.03.03 07:18:13.061,1.14164,1.14168,1.19,3.75
2017.03.03 07:18:15.770,1.14164,1.14167,2.44,1.00
2017.03.03 07:18:19.590,1.14164,1.14166,1.00,1.00
2017.03.03 07:18:19.793,1.14161,1.14165,6.19,2.72
2017.03.03 07:18:21.152,1.14161,1.14164,4.31,1.00
2017.03.03 07:18:23.308,1.14161,1.14163,3.56,1.00
2017.03.03 07:18:24.450,1.1416,1.14163,3.56,1.00
2017.03.03 07:18:24.862,1.14163,1.14165,1.00,3.37
2017.03.03 07:18:24.913,1.14163,1.14166,1.50,1.00
2017.03.03 07:18:25.065,1.14165,1.14167,1.25,1.00
2017.03.03 07:18:25.217,1.14165,1.14169,2.06,1.87
2017.03.03 07:18:25.789,1.14165,1.14168,1.25,1.50
2017.03.03 07:18:28.320,1.14166,1.14168,1.00,1.00
2017.03.03 07:18:28.422,1.14166,1.1417,2.62,3.19
2017.03.03 07:18:28.927,1.14166,1.1417,3.37,2.44
2017.03.03 07:18:29.471,1.14166,1.1417,3.37,1.69
2017.03.03 07:18:30.599,1.14167,1.1417,1.00,1.69
2017.03.03 07:18:31.116,1.14168,1.14171,1.50,1.50
2017.03.03 07:18:31.773,1.14169,1.14172,4.87,3.19
2017.03.03 07:18:31.825,1.14172,1.14173,2.66,2.25
2017.03.03 07:18:32.023,1.14174,1.14176,3.37,1.37
2017.03.03 07:18:32.075,1.14176,1.14178,1.00,1.50
2017.03.03 07:18:32.176,1.14176,1.14179,1.50,2.62
2017.03.03 07:18:32.329,1.14178,1.1418,1.50,1.69
2017.03.03 07:18:32.634,1.14181,1.14183,2.25,1.00
2017.03.03 07:18:33.140,1.14181,1.14184,3.75,1.69
2017.03.03 07:18:33.726,1.1418,1.14183,3.37,1.25
2017.03.03 07:18:34.659,1.1418,1.14182,1.12,1.00
2017.03.03 07:18:36.647,1.14181,1.14182,1.00,1.00
2017.03.03 07:18:37.316,1.14181,1.14184,3.75,2.06
2017.03.03 07:18:37.851,1.14181,1.14184,3.00,1.25
2017.03.03 07:18:38.398,1.14182,1.14185,1.00,5.06
2017.03.03 07:18:40.198,1.14182,1.14183,1.00,1.00
2017.03.03 07:18:41.322,1.1418,1.14183,1.00,1.00
2017.03.03 07:18:42.198,1.1418,1.14182,1.00,1.00
2017.03.03 07:18:42.855,1.14179,1.14182,2.81,1.00
2017.03.03 07:18:42.928,1.14178,1.1418,8.62,1.00
2017.03.03 07:18:43.158,1.14173,1.14177,3.94,3.00
2017.03.03 07:18:43.663,1.14173,1.14177,1.69,3.75
2017.03.03 07:18:43.900,1.14172,1.14175,1.99,1.00
2017.03.03 07:18:45.801,1.14171,1.14173,2.44,1.50
2017.03.03 07:18:46.055,1.14165,1.14169,2.06,4.12
2017.03.03 07:18:46.207,1.14164,1.14167,4.31,1.00
2017.03.03 07:18:46.462,1.1416,1.14163,1.25,1.12
2017.03.03 07:18:48.061,1.14159,1.14162,4.69,1.00
2017.03.03 07:18:50.687,1.1416,1.14163,1.25,2.41
2017.03.03 07:18:50.789,1.14162,1.14163,1.00,1.00
2017.03.03 07:18:50.891,1.14162,1.14166,4.50,3.23
2017.03.03 07:18:51.438,1.14163,1.14166,3.37,1.00
2017.03.03 07:18:51.539,1.14164,1.14167,1.00,3.23
2017.03.03 07:18:52.052,1.14164,1.14166,1.12,1.00
2017.03.03 07:18:52.358,1.14162,1.14164,3.37,1.00
2017.03.03 07:18:53.297,1.14162,1.14163,1.00,1.00
2017.03.03 07:18:53.847,1.14161,1.14163,1.12,1.00
2017.03.03 07:18:59.251,1.14163,1.14164,2.25,1.00
2017.03.03 07:18:59.302,1.14162,1.14165,10.87,1.31
2017.03.03 07:18:59.405,1.14164,1.14165,2.25,1.00
2017.03.03 07:18:59.741,1.14167,1.14169,11.25,1.12
2017.03.03 07:18:59.944,1.14168,1.14171,1.00,2.44
2017.03.03 07:19:00.619,1.14168,1.14171,1.25,1.87
2017.03.03 07:19:00.872,1.1417,1.14172,1.12,1.00
2017.03.03 07:19:01.431,1.14169,1.14172,7.12,1.50
2017.03.03 07:19:01.938,1.14169,1.14173,7.87,2.44
2017.03.03 07:19:03.531,1.14169,1.14172,10.12,1.00
2017.03.03 07:19:04.071,1.14168,1.14171,3.19,2.62
2017.03.03 07:19:06.370,1.14168,1.14172,11.06,1.12
2017.03.03 07:19:06.719,1.1417,1.14173,1.25,1.12
2017.03.03 07:19:07.123,1.14169,1.14171,2.06,1.00
2017.03.03 07:19:07.717,1.14169,1.14171,1.00,1.50
2017.03.03 07:19:08.223,1.14168,1.14171,1.31,2.62
2017.03.03 07:19:11.051,1.14168,1.1417,1.12,1.00
2017.03.03 07:19:17.835,1.14168,1.14169,1.12,1.31
2017.03.03 07:19:17.887,1.14166,1.14168,6.75,2.10
2017.03.03 07:19:18.396,1.14165,1.14168,7.50,4.50
2017.03.03 07:19:18.550,1.14166,1.14169,1.87,2.06
2017.03.03 07:19:18.967,1.14168,1.1417,1.00,2.81
2017.03.03 07:19:21.024,1.14169,1.1417,1.00,1.25
2017.03.03 07:19:22.020,1.14169,1.14171,1.00,2.25
2017.03.03 07:19:22.525,1.14168,1.14171,1.00,1.50
2017.03.03 07:19:23.332,1.14168,1.1417,1.00,1.37
2017.03.03 07:19:23.535,1.14165,1.14168,5.62,3.00
2017.03.03 07:19:24.051,1.14166,1.14168,1.00,3.00
2017.03.03 07:19:24.952,1.14166,1.14168,1.00,3.75
2017.03.03 07:19:32.030,1.14164,1.14165,6.00,1.00
2017.03.03 07:19:32.133,1.14162,1.14164,2.50,1.25
2017.03.03 07:19:32.660,1.14161,1.14162,1.00,4.31
2017.03.03 07:19:32.762,1.14158,1.14159,2.25,5.06
2017.03.03 07:19:32.916,1.14155,1.14157,3.00,2.62
2017.03.03 07:19:33.422,1.14154,1.14157,1.00,5.14
2017.03.03 07:19:33.948,1.14153,1.14156,7.50,1.50
2017.03.03 07:19:34.375,1.14152,1.14154,1.00,1.25
2017.03.03 07:19:34.629,1.14152,1.14156,9.37,4.69
2017.03.03 07:19:35.198,1.14153,1.14156,1.00,1.31
2017.03.03 07:19:36.306,1.14154,1.14157,3.37,2.44
2017.03.03 07:19:36.610,1.14156,1.14157,1.00,1.25
2017.03.03 07:19:36.964,1.14153,1.14155,1.50,1.00
2017.03.03 07:19:37.470,1.14153,1.14157,3.00,3.94
2017.03.03 07:19:37.622,1.14154,1.14157,1.00,3.94
2017.03.03 07:19:38.155,1.14154,1.14157,1.00,5.14
2017.03.03 07:19:38.661,1.14153,1.14155,6.75,1.12
2017.03.03 07:19:40.270,1.14152,1.14154,6.75,1.00
2017.03.03 07:19:40.452,1.14151,1.14153,1.50,1.25
2017.03.03 07:19:40.606,1.14152,1.14155,1.87,2.14
2017.03.03 07:19:40.809,1.14155,1.14156,1.00,2.06
2017.03.03 07:19:42.058,1.14153,1.14156,7.87,2.81
2017.03.03 07:19:43.033,1.14154,1.14156,1.00,2.06
2017.03.03 07:19:43.640,1.14153,1.14156,1.00,3.56
2017.03.03 07:19:45.926,1.14154,1.14155,1.00,1.25
2017.03.03 07:19:46.783,1.14154,1.14156,1.00,3.56
2017.03.03 07:19:48.273,1.14155,1.14156,1.00,1.87
2017.03.03 07:19:48.627,1.14157,1.14158,1.00,2.25
2017.03.03 07:19:48.728,1.14157,1.14159,1.12,1.87
2017.03.03 07:19:50.884,1.14157,1.14158,1.87,1.50
2017.03.03 07:19:51.428,1.14156,1.14158,2.25,2.62
2017.03.03 07:19:52.251,1.14156,1.14157,2.25,1.00
2017.03.03 07:19:53.321,1.14155,1.14157,1.00,2.62
2017.03.03 07:19:53.575,1.14154,1.14156,2.25,1.12
2017.03.03 07:19:54.124,1.14154,1.14156,2.25,2.44
2017.03.03 07:19:59.754,1.14153,1.14154,1.50,1.00
2017.03.03 07:20:00.973,1.14153,1.14154,1.50,1.00
2017.03.03 07:20:01.024,1.14153,1.14155,1.50,1.12
2017.03.03 07:20:01.075,1.14151,1.14152,4.50,1.00
2017.03.03 07:20:01.176,1.1415,1.14151,1.00,1.50
2017.03.03 07:20:01.688,1.14149,1.14151,1.50,1.00
2017.03.03 07:20:02.225,1.1415,1.14152,1.00,4.50
2017.03.03 07:20:02.478,1.14152,1.14153,1.50,1.12
2017.03.03 07:20:02.984,1.14152,1.14155,1.50,3.00
2017.03.03 07:20:03.338,1.1415,1.14153,4.31,3.75
2017.03.03 07:20:03.870,1.1415,1.14152,1.00,1.00
2017.03.03 07:20:05.971,1.1415,1.14151,1.00,1.00
2017.03.03 07:20:06.275,1.14148,1.14149,1.00,1.00
2017.03.03 07:20:08.776,1.14148,1.1415,1.00,3.94
2017.03.03 07:20:09.308,1.14149,1.14151,1.00,1.12
2017.03.03 07:20:12.345,1.1415,1.14152,1.00,2.25
2017.03.03 07:20:12.880,1.14151,1.14153,1.50,1.12
2017.03.03 07:20:14.319,1.14152,1.14154,1.00,5.32
2017.03.03 07:20:16.434,1.14151,1.14153,1.00,1.00
2017.03.03 07:20:16.940,1.1415,1.14153,1.69,4.12
2017.03.03 07:20:18.851,1.14152,1.14154,1.00,4.87
2017.03.03 07:20:19.450,1.14153,1.14155,1.00,5.44
2017.03.03 07:20:19.956,1.14153,1.14155,1.00,3.56
2017.03.03 07:20:21.070,1.14154,1.14155,1.00,1.12
2017.03.03 07:20:21.274,1.14155,1.14157,1.00,1.00
2017.03.03 07:20:23.528,1.14155,1.14158,3.19,1.50
2017.03.03 07:20:23.579,1.14158,1.14159,1.69,1.87
2017.03.03 07:20:23.681,1.14159,1.14161,1.50,2.25
2017.03.03 07:20:23.884,1.14157,1.14159,1.00,3.37
2017.03.03 07:20:24.672,1.14159,1.1416,1.00,1.00
2017.03.03 07:20:24.723,1.14159,1.14161,1.00,2.81
2017.03.03 07:20:25.229,1.1416,1.14162,1.00,1.31
2017.03.03 07:20:27.429,1.1416,1.14162,1.50,1.00
2017.03.03 07:20:27.582,1.14162,1.14164,1.00,5.81
2017.03.03 07:20:32.557,1.14159,1.14161,4.50,3.25
2017.03.03 07:20:32.609,1.14159,1.1416,1.00,1.87
2017.03.03 07:20:33.115,1.14158,1.14161,1.69,3.75
2017.03.03 07:20:33.671,1.14159,1.14161,1.00,3.00
2017.03.03 07:20:33.722,1.14161,1.14163,1.00,9.56
2017.03.03 07:20:33.874,1.14162,1.14164,1.50,1.69
2017.03.03 07:20:35.105,1.14162,1.14164,1.50,1.12
2017.03.03 07:20:35.610,1.14163,1.14164,1.00,1.12
2017.03.03 07:20:35.813,1.14165,1.14167,2.06,5.62
2017.03.03 07:20:35.915,1.14167,1.14169,1.50,1.87
2017.03.03 07:20:36.168,1.14166,1.14169,4.69,2.25
2017.03.03 07:20:36.716,1.14167,1.1417,1.50,6.37
2017.03.03 07:20:37.221,1.14167,1.14168,1.50,1.00
2017.03.03 07:20:37.374,1.14163,1.14165,1.50,1.25
2017.03.03 07:20:37.879,1.14163,1.14166,1.50,3.19
2017.03.03 07:20:38.231,1.14167,1.14169,1.00,3.00
2017.03.03 07:20:38.586,1.14169,1.14171,1.00,3.19
2017.03.03 07:20:40.965,1.14168,1.14171,1.50,5.06
2017.03.03 07:20:41.269,1.14165,1.14167,6.00,1.37
2017.03.03 07:20:41.370,1.14164,1.14167,3.00,1.50
2017.03.03 07:20:42.721,1.14164,1.14168,3.75,2.44
2017.03.03 07:20:43.535,1.14165,1.14168,3.00,2.44
2017.03.03 07:20:43.687,1.14167,1.14169,3.75,1.50
2017.03.03 07:20:43.788,1.14168,1.1417,2.25,1.00
2017.03.03 07:20:44.697,1.14167,1.1417,4.87,1.12
2017.03.03 07:20:44.748,1.14167,1.14168,4.87,2.25
2017.03.03 07:20:44.902,1.14163,1.14166,5.44,1.87
2017.03.03 07:20:45.425,1.14164,1.14168,3.00,4.31
2017.03.03 07:20:46.488,1.14165,1.14168,3.00,1.31
2017.03.03 07:20:46.589,1.14167,1.14169,2.25,1.87
2017.03.03 07:20:47.099,1.14166,1.14169,1.25,2.62
2017.03.03 07:20:50.705,1.14166,1.1417,6.19,3.75
2017.03.03 07:20:51.572,1.14167,1.1417,2.25,3.00
2017.03.03 07:20:52.640,1.14168,1.1417,2.25,1.12
2017.03.03 07:20:52.957,1.14172,1.14174,2.25,2.25
2017.03.03 07:20:53.312,1.1417,1.14172,3.00,1.00
2017.03.03 07:20:53.826,1.1417,1.14173,2.25,1.31
2017.03.03 07:20:53.877,1.14169,1.14171,3.37,1.00
2017.03.03 07:20:54.383,1.1417,1.14173,1.00,4.69
2017.03.03 07:20:54.889,1.1417,1.14174,3.75,2.06
2017.03.03 07:20:55.439,1.14171,1.14174,2.25,1.31
2017.03.03 07:20:56.255,1.1417,1.14172,1.00,1.00
2017.03.03 07:20:56.561,1.14171,1.14175,4.69,2.62
2017.03.03 07:20:56.713,1.14173,1.14175,1.00,1.12
2017.03.03 07:20:57.218,1.14173,1.14176,1.00,1.25
2017.03.03 07:21:00.620,1.14172,1.14175,5.25,1.12
2017.03.03 07:21:00.925,1.14169,1.14171,1.12,1.00
2017.03.03 07:21:05.140,1.14169,1.14172,3.00,1.50
2017.03.03 07:21:05.805,1.14169,1.14171,2.25,1.00
2017.03.03 07:21:17.526,1.14168,1.14171,3.19,1.87
2017.03.03 07:21:20.190,1.14167,1.1417,4.31,1.00
2017.03.03 07:21:20.719,1.14167,1.14171,2.81,4.87
2017.03.03 07:21:21.267,1.14167,1.1417,4.31,1.00
2017.03.03 07:21:29.401,1.14167,1.1417,2.25,1.87
2017.03.03 07:21:30.182,1.14167,1.14169,2.25,1.00
2017.03.03 07:21:30.735,1.14166,1.14169,2.44,2.25
2017.03.03 07:21:34.670,1.14166,1.14169,1.31,1.87
2017.03.03 07:21:46.667,1.14166,1.14167,1.31,1.00
2017.03.03 07:21:46.871,1.14162,1.14165,2.25,1.50
2017.03.03 07:21:47.885,1.14161,1.14165,2.06,1.87
2017.03.03 07:21:48.402,1.14162,1.14166,2.25,2.44
2017.03.03 07:21:49.318,1.14162,1.14166,3.19,2.25
2017.03.03 07:21:53.012,1.14161,1.14165,5.44,1.87
2017.03.03 07:21:53.533,1.1416,1.14164,4.31,2.25
2017.03.03 07:22:03.710,1.1416,1.14163,1.50,2.62
2017.03.03 07:22:04.252,1.14158,1.14162,3.19,3.00
2017.03.03 07:22:05.227,1.14158,1.14161,2.44,1.00
2017.03.03 07:22:06.731,1.14159,1.14162,1.25,1.50
2017.03.03 07:22:07.236,1.1416,1.14163,1.50,1.00
2017.03.03 07:22:12.777,1.1416,1.14164,2.25,2.06
2017.03.03 07:22:14.165,1.1416,1.14163,1.00,1.12
2017.03.03 07:22:14.690,1.14159,1.14162,1.31,1.00
2017.03.03 07:22:15.196,1.14158,1.14161,5.81,1.00
2017.03.03 07:22:17.043,1.14158,1.14159,3.56,1.00
2017.03.03 07:22:17.145,1.14156,1.14159,1.69,1.00
2017.03.03 07:22:17.650,1.14155,1.14159,5.06,2.25
2017.03.03 07:22:18.267,1.14156,1.1416,2.44,3.00
2017.03.03 07:22:18.319,1.14158,1.1416,1.00,1.12
2017.03.03 07:22:18.826,1.14157,1.14161,1.00,1.31
2017.03.03 07:22:21.409,1.14158,1.14161,1.19,1.12
2017.03.03 07:22:25.040,1.14159,1.14162,1.25,1.00
2017.03.03 07:22:25.547,1.14158,1.14161,1.19,1.50
2017.03.03 07:22:29.162,1.14159,1.14162,1.25,2.25
2017.03.03 07:22:29.465,1.1416,1.14164,3.94,2.25
2017.03.03 07:22:30.730,1.1416,1.14165,8.81,3.00
2017.03.03 07:22:31.034,1.14163,1.14167,3.94,1.50
2017.03.03 07:22:31.541,1.14163,1.14167,4.31,1.00
2017.03.03 07:22:32.279,1.14164,1.14168,2.62,1.69
2017.03.03 07:22:32.583,1.14165,1.14169,3.19,1.50
2017.03.03 07:22:33.190,1.14165,1.14168,2.81,1.00
2017.03.03 07:22:33.696,1.14165,1.14169,2.06,3.00
2017.03.03 07:22:34.163,1.14165,1.14167,2.06,1.00
2017.03.03 07:22:34.368,1.14161,1.14164,1.31,1.00
2017.03.03 07:22:36.172,1.1416,1.14163,2.06,1.00
2017.03.03 07:22:37.062,1.1416,1.14164,2.06,2.62
2017.03.03 07:22:40.080,1.1416,1.14163,1.31,1.00
2017.03.03 07:22:40.585,1.1416,1.14164,1.31,2.25
2017.03.03 07:22:43.996,1.14161,1.14165,2.25,2.44
2017.03.03 07:22:44.814,1.14162,1.14165,1.00,2.06
2017.03.03 07:22:45.270,1.14163,1.14167,3.00,1.31
2017.03.03 07:22:47.285,1.14164,1.14168,1.00,5.06
2017.03.03 07:22:47.589,1.14165,1.14168,1.69,1.12
2017.03.03 07:22:48.095,1.14165,1.14169,2.44,1.50
2017.03.03 07:22:55.625,1.14166,1.14167,1.12,1.00
2017.03.03 07:23:07.414,1.14166,1.14168,2.62,1.00
2017.03.03 07:23:13.696,1.14166,1.14167,1.00,1.00
2017.03.03 07:23:19.876,1.14165,1.14167,1.12,2.44
2017.03.03 07:23:20.129,1.14161,1.14164,1.87,1.25
2017.03.03 07:23:20.664,1.14161,1.14163,1.12,1.00
2017.03.03 07:23:23.032,1.1416,1.14163,1.87,1.00
2017.03.03 07:23:23.184,1.1416,1.14161,1.12,1.00
2017.03.03 07:23:23.689,1.1416,1.14163,6.75,1.00
2017.03.03 07:23:27.575,1.1416,1.14164,6.00,1.69
2017.03.03 07:23:28.122,1.1416,1.14163,6.00,1.00
2017.03.03 07:23:29.019,1.1416,1.14162,1.50,1.00
2017.03.03 07:23:29.557,1.1416,1.14162,1.50,1.00
2017.03.03 07:23:31.644,1.14161,1.14162,1.00,1.00
2017.03.03 07:23:32.049,1.14161,1.14164,2.25,1.69
2017.03.03 07:23:32.857,1.1416,1.14164,3.37,2.44
2017.03.03 07:23:33.675,1.1416,1.14163,3.37,1.00
2017.03.03 07:23:46.413,1.1416,1.14164,3.75,3.19
2017.03.03 07:23:46.937,1.1416,1.14163,3.00,1.00
2017.03.03 07:23:47.474,1.1416,1.14164,3.75,3.94
2017.03.03 07:23:48.495,1.14161,1.14164,1.00,2.44
2017.03.03 07:23:56.008,1.1416,1.14164,3.75,1.25
2017.03.03 07:23:58.434,1.1416,1.14163,2.25,1.00
2017.03.03 07:23:58.991,1.14158,1.14162,3.56,1.00
2017.03.03 07:24:01.150,1.1416,1.14162,1.00,1.00
2017.03.03 07:24:01.655,1.1416,1.14163,1.50,1.87
2017.03.03 07:24:04.144,1.14161,1.14163,1.00,1.00
2017.03.03 07:24:04.650,1.14161,1.14164,1.50,2.81
2017.03.03 07:24:05.004,1.14163,1.14165,1.00,2.81
2017.03.03 07:24:05.106,1.14164,1.14166,1.00,2.62
2017.03.03 07:24:05.634,1.14165,1.14168,1.00,1.69
2017.03.03 07:24:06.190,1.14166,1.14169,1.50,3.56
2017.03.03 07:24:07.184,1.14167,1.1417,1.00,4.31
2017.03.03 07:24:09.787,1.14165,1.1417,3.75,3.56
2017.03.03 07:24:11.453,1.14166,1.14169,1.00,3.19
2017.03.03 07:24:12.249,1.14167,1.14169,1.00,1.25
2017.03.03 07:24:15.149,1.14165,1.14169,3.00,1.25
2017.03.03 07:24:16.286,1.14165,1.14166,1.50,1.00
2017.03.03 07:24:16.539,1.14162,1.14165,1.00,2.44
2017.03.03 07:24:17.547,1.14163,1.14165,1.00,1.69
2017.03.03 07:24:17.598,1.14163,1.14166,1.00,2.25
2017.03.03 07:24:18.103,1.14164,1.14168,1.00,5.81
2017.03.03 07:24:18.307,1.14166,1.14168,1.00,1.69
2017.03.03 07:24:18.764,1.14164,1.14168,1.87,4.69
2017.03.03 07:24:21.139,1.14162,1.14164,4.50,2.31
2017.03.03 07:24:21.241,1.14161,1.14162,3.00,1.50
2017.03.03 07:24:21.581,1.14161,1.14164,1.50,2.81
2017.03.03 07:24:21.632,1.14161,1.14162,1.00,1.25
2017.03.03 07:24:21.835,1.14159,1.14164,3.94,5.06
2017.03.03 07:24:21.987,1.14161,1.14164,1.50,1.31
2017.03.03 07:24:22.290,1.14163,1.14166,3.00,1.12
2017.03.03 07:24:22.595,1.1416,1.14164,8.25,1.69
2017.03.03 07:24:22.747,1.14162,1.14165,1.00,3.94
2017.03.03 07:24:23.304,1.14161,1.14165,4.12,2.06
2017.03.03 07:24:23.811,1.1416,1.14163,2.62,1.00
2017.03.03 07:24:24.115,1.14163,1.14165,2.25,1.19
2017.03.03 07:24:26.575,1.14163,1.14167,3.75,3.94
2017.03.03 07:24:27.082,1.14164,1.14167,1.00,1.31
2017.03.03 07:24:33.631,1.14163,1.14167,1.87,1.31
2017.03.03 07:24:40.301,1.14164,1.14168,1.00,5.11
2017.03.03 07:24:53.688,1.14163,1.14167,5.62,1.25
2017.03.03 07:24:54.677,1.14163,1.14165,1.12,1.19
2017.03.03 07:24:54.880,1.14161,1.14164,2.62,1.25
2017.03.03 07:24:56.486,1.1416,1.14163,3.00,1.00
2017.03.03 07:24:57.812,1.1416,1.14164,3.75,2.81
2017.03.03 07:24:58.168,1.14159,1.14163,3.75,5.06
2017.03.03 07:24:58.674,1.14158,1.14162,3.37,1.25
2017.03.03 07:24:59.956,1.14157,1.14159,1.87,1.00
2017.03.03 07:25:00.046,1.14155,1.14159,3.94,2.25
2017.03.03 07:25:01.148,1.14154,1.14158,6.56,1.00
2017.03.03 07:25:04.538,1.14154,1.14157,4.50,1.25
2017.03.03 07:25:04.945,1.14153,1.14154,1.12,3.56
2017.03.03 07:25:05.047,1.14149,1.14151,1.00,1.25
2017.03.03 07:25:05.591,1.14148,1.14151,1.00,3.56
2017.03.03 07:25:06.097,1.14147,1.14151,1.50,3.56
2017.03.03 07:25:09.842,1.14148,1.14151,3.37,1.69
2017.03.03 07:25:10.532,1.14148,1.1415,1.00,1.00
2017.03.03 07:25:11.039,1.14146,1.1415,1.69,1.50
2017.03.03 07:25:13.623,1.14146,1.14148,2.25,2.81
2017.03.03 07:25:13.675,1.14145,1.14146,1.12,1.50
2017.03.03 07:25:13.777,1.14142,1.14146,6.94,5.62
2017.03.03 07:25:13.930,1.14145,1.14146,1.00,2.62
2017.03.03 07:25:14.437,1.14144,1.14148,2.25,4.31
2017.03.03 07:25:14.770,1.14142,1.14145,1.12,2.81
2017.03.03 07:25:14.923,1.1414,1.14145,5.06,1.69
2017.03.03 07:25:15.429,1.1414,1.14144,2.44,1.00
2017.03.03 07:25:18.831,1.14139,1.14145,5.81,2.06
2017.03.03 07:25:20.781,1.14142,1.14145,1.00,1.31
2017.03.03 07:25:21.188,1.1414,1.14144,1.69,3.37
2017.03.03 07:25:21.735,1.1414,1.14143,1.25,1.00
2017.03.03 07:25:24.193,1.14141,1.14143,1.00,1.00
2017.03.03 07:25:26.352,1.1414,1.14145,1.69,2.81
2017.03.03 07:25:30.012,1.14141,1.14145,1.19,4.12
2017.03.03 07:25:30.957,1.14141,1.14143,1.19,1.00
2017.03.03 07:25:31.482,1.14141,1.14142,1.25,1.00
2017.03.03 07:25:32.351,1.14141,1.14143,1.19,1.50
2017.03.03 07:25:32.688,1.14143,1.14145,1.19,2.72
2017.03.03 07:25:32.891,1.14146,1.14147,1.25,1.12
2017.03.03 07:25:32.943,1.14148,1.1415,1.19,1.50
2017.03.03 07:25:32.994,1.14148,1.14149,1.25,1.00
2017.03.03 07:25:33.146,1.14148,1.14151,1.19,1.12
2017.03.03 07:25:34.809,1.14148,1.1415,1.19,1.00
2017.03.03 07:25:35.364,1.14148,1.14151,1.19,1.87
2017.03.03 07:25:37.337,1.14148,1.1415,1.19,1.00
2017.03.03 07:25:37.439,1.14146,1.14149,3.56,1.00
2017.03.03 07:25:37.541,1.14148,1.1415,1.19,1.87
2017.03.03 07:25:38.419,1.14148,1.14151,1.69,2.62
2017.03.03 07:25:38.773,1.1415,1.14153,8.25,1.00
2017.03.03 07:25:39.228,1.14151,1.14155,2.62,2.62
2017.03.03 07:25:39.582,1.1415,1.14153,5.81,2.62
2017.03.03 07:25:39.885,1.1415,1.14151,2.25,3.37
2017.03.03 07:25:40.402,1.1415,1.14152,2.25,2.06
2017.03.03 07:25:40.453,1.14148,1.14152,1.50,2.81
2017.03.03 07:25:40.958,1.14148,1.14151,1.50,1.00
2017.03.03 07:25:41.535,1.14149,1.14152,1.12,2.06
2017.03.03 07:25:42.053,1.14147,1.1415,2.44,1.00
2017.03.03 07:25:42.509,1.14146,1.14148,4.87,1.00
2017.03.03 07:25:43.044,1.14146,1.14149,3.75,1.00
2017.03.03 07:25:43.351,1.14147,1.14151,2.48,3.75
2017.03.03 07:25:43.857,1.14148,1.14151,1.00,1.12
2017.03.03 07:25:44.383,1.14147,1.14151,3.23,1.12
2017.03.03 07:25:46.658,1.14147,1.14152,3.61,1.31
2017.03.03 07:25:47.162,1.14147,1.1415,1.25,1.00
2017.03.03 07:25:53.125,1.14151,1.14152,1.35,5.25
2017.03.03 07:25:53.278,1.14152,1.14155,4.91,1.12
2017.03.03 07:25:53.329,1.14153,1.14157,1.00,2.06
2017.03.03 07:25:53.431,1.14153,1.14155,2.25,1.00
2017.03.03 07:25:53.961,1.14154,1.14156,1.12,1.00
2017.03.03 07:25:56.055,1.14154,1.14157,1.12,1.25
2017.03.03 07:25:56.590,1.14153,1.14156,3.00,1.00
2017.03.03 07:25:58.123,1.14153,1.14157,2.25,1.69
2017.03.03 07:25:58.661,1.14153,1.14156,2.25,1.00
2017.03.03 07:26:00.226,1.14153,1.14157,3.00,1.69
2017.03.03 07:26:00.928,1.14153,1.14156,3.00,1.00
2017.03.03 07:26:01.434,1.14153,1.14157,3.75,1.69
2017.03.03 07:26:02.040,1.14153,1.14156,3.75,1.00
2017.03.03 07:26:03.322,1.14153,1.14155,3.00,1.00
2017.03.03 07:26:04.588,1.14155,1.14156,1.00,1.00
2017.03.03 07:26:04.740,1.14155,1.14157,3.19,1.00
2017.03.03 07:26:06.810,1.14157,1.14158,1.50,1.00
2017.03.03 07:26:06.861,1.14157,1.14161,6.19,1.87
2017.03.03 07:26:07.013,1.14157,1.14162,6.19,1.31
2017.03.03 07:26:07.215,1.14158,1.14161,2.25,1.00
2017.03.03 07:26:07.721,1.14159,1.14161,8.06,1.00
2017.03.03 07:26:07.823,1.14159,1.14162,8.81,1.00
2017.03.03 07:26:08.333,1.14159,1.14162,8.06,1.00
2017.03.03 07:26:11.110,1.14159,1.14162,2.06,1.00
2017.03.03 07:26:11.363,1.14159,1.14161,1.69,1.00
2017.03.03 07:26:11.880,1.14159,1.14161,1.69,1.00
2017.03.03 07:26:12.518,1.14159,1.14161,1.69,1.00
2017.03.03 07:26:13.037,1.14159,1.14161,2.44,1.00
2017.03.03 07:26:14.372,1.14158,1.1416,1.00,4.50
2017.03.03 07:26:14.575,1.14154,1.14158,3.37,1.25
2017.03.03 07:26:14.778,1.14155,1.14157,1.87,1.00
2017.03.03 07:26:14.981,1.14155,1.14159,5.44,1.22
2017.03.03 07:26:16.667,1.14157,1.14159,1.00,1.12
2017.03.03 07:26:17.175,1.14157,1.1416,2.62,1.00
2017.03.03 07:26:23.515,1.14158,1.1416,1.00,1.00
2017.03.03 07:26:24.046,1.14158,1.14161,2.25,1.25
2017.03.03 07:26:26.674,1.14158,1.1416,3.75,1.00
2017.03.03 07:26:34.808,1.14159,1.1416,1.00,1.00
2017.03.03 07:26:35.347,1.14159,1.14161,1.00,1.25
2017.03.03 07:26:38.949,1.14159,1.14161,1.25,1.00
2017.03.03 07:26:41.128,1.14159,1.14161,1.25,1.00
2017.03.03 07:26:42.800,1.14158,1.1416,1.19,1.00
2017.03.03 07:26:42.902,1.14157,1.14159,1.97,3.94
2017.03.03 07:26:43.005,1.14154,1.14158,1.00,1.31
2017.03.03 07:26:43.510,1.14154,1.14157,1.12,1.00
2017.03.03 07:26:44.235,1.14155,1.14157,1.00,1.00
2017.03.03 07:26:44.438,1.14157,1.14159,3.75,1.00
2017.03.03 07:26:44.946,1.14158,1.14162,5.06,1.00
2017.03.03 07:26:45.150,1.1416,1.14164,1.00,5.44
2017.03.03 07:26:46.374,1.14159,1.14164,3.09,3.94
2017.03.03 07:26:48.885,1.14149,1.14155,1.19,5.10
2017.03.03 07:26:49.037,1.14148,1.14151,1.25,2.62
2017.03.03 07:26:49.189,1.14146,1.14148,2.25,1.69
2017.03.03 07:26:49.392,1.14142,1.14145,1.50,1.12
2017.03.03 07:26:49.583,1.14145,1.14146,1.00,1.87
2017.03.03 07:26:49.686,1.14144,1.14148,4.12,1.25
2017.03.03 07:26:50.748,1.14145,1.14149,2.81,1.12
2017.03.03 07:26:58.166,1.14146,1.1415,1.31,3.07
2017.03.03 07:26:58.723,1.14145,1.1415,4.69,3.82
2017.03.03 07:26:59.229,1.14146,1.1415,1.31,1.10
2017.03.03 07:27:02.966,1.14146,1.14149,1.31,1.00
2017.03.03 07:27:09.166,1.14145,1.14149,3.56,2.32
2017.03.03 07:27:10.351,1.14145,1.14146,1.50,2.25
2017.03.03 07:27:10.554,1.1414,1.14144,3.56,1.50
2017.03.03 07:27:11.059,1.1414,1.14143,1.31,1.00
2017.03.03 07:27:13.295,1.14141,1.14143,1.00,1.76
2017.03.03 07:27:13.591,1.14138,1.14139,1.50,1.00
2017.03.03 07:27:13.693,1.14136,1.14138,3.00,1.25
2017.03.03 07:27:13.846,1.14135,1.14137,1.00,1.00
2017.03.03 07:27:14.351,1.14136,1.14138,1.00,2.81
2017.03.03 07:27:14.807,1.14135,1.14136,1.00,1.00
2017.03.03 07:27:16.388,1.14134,1.14135,1.00,1.12
2017.03.03 07:27:19.044,1.14134,1.14136,1.00,2.25
2017.03.03 07:27:19.550,1.14134,1.14135,1.00,1.12
2017.03.03 07:27:20.411,1.14131,1.14135,1.50,2.44
2017.03.03 07:27:20.621,1.14133,1.14135,1.00,1.31
2017.03.03 07:27:20.723,1.14134,1.14136,1.00,2.44
2017.03.03 07:27:21.940,1.14131,1.14135,4.59,2.06
2017.03.03 07:27:22.446,1.14134,1.14136,1.00,2.06
2017.03.03 07:27:23.432,1.14133,1.14136,1.00,2.81
2017.03.03 07:27:25.783,1.14134,1.14136,1.00,2.06
2017.03.03 07:27:30.244,1.14134,1.14136,1.00,1.00
2017.03.03 07:27:30.599,1.14136,1.14138,1.00,1.12
2017.03.03 07:27:31.169,1.14137,1.14138,1.50,1.00
2017.03.03 07:27:31.271,1.14137,1.14142,7.26,4.31
2017.03.03 07:27:31.322,1.14139,1.14142,1.00,2.81
2017.03.03 07:27:31.912,1.14139,1.14142,1.00,1.69
2017.03.03 07:27:32.708,1.1414,1.14142,1.00,1.69
2017.03.03 07:27:34.299,1.14139,1.14142,1.12,1.25
2017.03.03 07:27:38.338,1.1414,1.14142,1.00,1.25
2017.03.03 07:27:38.876,1.14139,1.14142,1.00,1.25
2017.03.03 07:27:39.181,1.14136,1.14138,1.00,4.69
2017.03.03 07:27:39.232,1.14135,1.14137,1.00,1.25
2017.03.03 07:27:39.821,1.14134,1.14137,1.00,2.06
2017.03.03 07:27:40.310,1.14136,1.14137,1.00,2.06
2017.03.03 07:27:40.832,1.14135,1.14137,1.00,2.06
2017.03.03 07:27:41.795,1.14136,1.14137,1.00,1.25
2017.03.03 07:27:41.998,1.14139,1.14142,1.12,1.69
2017.03.03 07:27:42.543,1.1414,1.14142,1.00,1.25
2017.03.03 07:27:45.811,1.14141,1.14143,1.00,1.19
2017.03.03 07:27:46.320,1.14142,1.14144,1.00,2.06
2017.03.03 07:27:51.778,1.14141,1.14144,1.00,2.81
2017.03.03 07:27:52.371,1.14142,1.14144,1.00,2.81
2017.03.03 07:27:53.216,1.14141,1.14144,1.00,3.56
2017.03.03 07:27:57.506,1.14142,1.14144,1.00,1.69
2017.03.03 07:27:58.024,1.14141,1.14143,1.00,1.69
2017.03.03 07:27:58.530,1.1414,1.14142,1.00,1.00
2017.03.03 07:27:59.081,1.14141,1.14144,1.00,6.19
2017.03.03 07:27:59.789,1.14142,1.14144,1.00,2.06
2017.03.03 07:28:01.935,1.14143,1.14144,3.37,1.87
2017.03.03 07:28:02.138,1.14144,1.14148,1.50,2.81
2017.03.03 07:28:02.524,1.14146,1.14148,1.00,3.19
2017.03.03 07:28:03.045,1.14144,1.14146,1.12,4.69
2017.03.03 07:28:03.096,1.14143,1.14145,1.00,4.31
2017.03.03 07:28:03.147,1.14141,1.14144,2.25,1.50
2017.03.03 07:28:03.199,1.1414,1.14142,1.50,1.25
2017.03.03 07:28:03.503,1.14138,1.1414,1.00,1.50
2017.03.03 07:28:04.691,1.14138,1.14139,1.00,1.00
2017.03.03 07:28:04.995,1.14136,1.14137,1.00,1.25
2017.03.03 07:28:05.147,1.14134,1.14136,1.12,2.25
2017.03.03 07:28:08.195,1.14133,1.14135,1.00,1.03
2017.03.03 07:28:08.246,1.14132,1.14134,1.00,5.10
2017.03.03 07:28:08.297,1.1413,1.14132,1.50,1.00
2017.03.03 07:28:08.348,1.14129,1.14131,1.06,1.00
2017.03.03 07:28:08.399,1.14129,1.14131,1.12,3.94
2017.03.03 07:28:08.501,1.14128,1.14129,1.00,1.00
2017.03.03 07:28:09.029,1.14127,1.14131,1.12,5.06
2017.03.03 07:28:09.535,1.14128,1.14131,1.00,3.56
2017.03.03 07:28:10.116,1.14127,1.14131,1.12,5.16
2017.03.03 07:28:10.622,1.14128,1.14131,1.00,1.31
2017.03.03 07:28:10.723,1.14129,1.14131,1.00,1.25
2017.03.03 07:28:10.825,1.14128,1.14131,1.00,2.06
2017.03.03 07:28:12.376,1.14128,1.14129,1.00,1.00
2017.03.03 07:28:12.783,1.14126,1.14129,2.25,1.50
2017.03.03 07:28:14.039,1.14126,1.14129,2.25,3.94
2017.03.03 07:28:14.293,1.14123,1.14127,2.48,2.25
2017.03.03 07:28:14.833,1.14122,1.14127,2.11,1.87
2017.03.03 07:28:15.901,1.14124,1.14127,2.25,1.12
2017.03.03 07:28:16.407,1.14124,1.14128,7.02,1.25
2017.03.03 07:28:16.920,1.14125,1.14128,1.31,1.00
2017.03.03 07:28:18.682,1.14124,1.14128,8.06,1.25
2017.03.03 07:28:19.461,1.14125,1.14128,3.94,1.00
2017.03.03 07:28:19.991,1.14126,1.14129,1.25,1.12
2017.03.03 07:28:21.127,1.14127,1.14129,1.00,1.12
2017.03.03 07:28:22.346,1.14128,1.1413,1.00,1.00
2017.03.03 07:28:22.852,1.14129,1.1413,1.00,1.00
2017.03.03 07:28:22.953,1.14127,1.1413,1.12,1.00
2017.03.03 07:28:23.465,1.14128,1.1413,2.44,1.00
2017.03.03 07:28:24.005,1.14129,1.14131,1.00,1.00
2017.03.03 07:28:25.622,1.14129,1.1413,1.00,1.12
2017.03.03 07:28:25.775,1.14127,1.1413,1.00,2.06
2017.03.03 07:28:26.180,1.14125,1.14127,1.00,1.00
2017.03.03 07:28:26.518,1.14123,1.14124,1.25,1.12
2017.03.03 07:28:27.672,1.14122,1.14124,1.00,1.31
2017.03.03 07:28:28.194,1.1412,1.14124,2.91,1.31
2017.03.03 07:28:30.695,1.1412,1.14125,3.28,3.94
2017.03.03 07:28:31.010,1.14123,1.14125,1.00,4.31
2017.03.03 07:28:34.408,1.14121,1.14125,4.12,2.06
2017.03.03 07:28:34.954,1.14121,1.14126,2.44,6.09
2017.03.03 07:28:35.467,1.14121,1.14126,2.25,4.59
2017.03.03 07:28:36.467,1.14121,1.14125,2.25,1.00
2017.03.03 07:28:39.373,1.14121,1.14124,2.44,1.00
2017.03.03 07:28:41.260,1.1412,1.14124,4.69,1.00
2017.03.03 07:28:41.775,1.1412,1.14125,6.19,2.81
2017.03.03 07:28:42.330,1.1412,1.14124,6.19,1.00
2017.03.03 07:28:42.952,1.14119,1.14123,4.69,1.00
2017.03.03 07:28:43.458,1.1412,1.14124,1.50,1.25
2017.03.03 07:28:44.659,1.14124,1.14125,3.75,1.12
2017.03.03 07:28:44.861,1.14126,1.1413,1.12,1.69
2017.03.03 07:28:45.370,1.14127,1.14131,1.87,1.19
2017.03.03 07:28:46.078,1.14126,1.14131,6.37,2.06
2017.03.03 07:28:49.850,1.14126,1.14131,3.09,3.56
2017.03.03 07:28:50.549,1.14128,1.14132,1.25,3.00
2017.03.03 07:28:51.005,1.1413,1.14133,1.00,3.56
2017.03.03 07:28:51.411,1.14128,1.14132,1.69,1.50
2017.03.03 07:28:53.638,1.14129,1.14132,1.00,1.12
2017.03.03 07:28:55.442,1.14129,1.14133,1.75,5.44
2017.03.03 07:28:58.629,1.14131,1.14134,3.09,1.50
2017.03.03 07:28:58.731,1.14132,1.14135,2.44,1.12
2017.03.03 07:28:58.782,1.14132,1.14137,3.56,3.94
2017.03.03 07:28:59.540,1.14133,1.14137,2.34,1.25
2017.03.03 07:29:00.082,1.14135,1.14137,1.00,1.25
2017.03.03 07:29:00.752,1.14133,1.14136,1.00,1.00
2017.03.03 07:29:01.499,1.14133,1.14137,1.50,3.98
2017.03.03 07:29:03.687,1.14133,1.14134,1.00,1.00
2017.03.03 07:29:03.789,1.14131,1.14133,1.00,1.50
2017.03.03 07:29:04.298,1.1413,1.14133,1.00,3.05
2017.03.03 07:29:04.998,1.1413,1.14132,1.00,1.00
2017.03.03 07:29:08.741,1.1413,1.14133,2.72,2.62
2017.03.03 07:29:08.926,1.14132,1.14135,1.00,1.00
2017.03.03 07:29:09.230,1.14122,1.14123,8.62,1.00
2017.03.03 07:29:09.281,1.1412,1.14123,2.06,1.50
2017.03.03 07:29:09.788,1.1412,1.14123,1.25,1.87
2017.03.03 07:29:13.323,1.14121,1.14124,1.00,2.67
2017.03.03 07:29:14.169,1.14123,1.14124,1.50,1.50
2017.03.03 07:29:14.321,1.14126,1.14127,1.00,1.00
2017.03.03 07:29:14.372,1.14126,1.14129,2.62,1.00
2017.03.03 07:29:14.423,1.14128,1.1413,1.00,2.11
2017.03.03 07:29:14.929,1.14127,1.14129,1.00,1.00
2017.03.03 07:29:15.738,1.14127,1.1413,1.00,5.06
2017.03.03 07:29:16.048,1.14127,1.14129,1.50,2.32
2017.03.03 07:29:16.563,1.14127,1.14129,1.00,1.00
2017.03.03 07:29:16.867,1.14125,1.14127,1.00,1.69
2017.03.03 07:29:17.020,1.14127,1.1413,1.00,2.86
2017.03.03 07:29:17.865,1.14128,1.14131,1.00,5.18
2017.03.03 07:29:18.236,1.14127,1.14129,3.00,1.00
2017.03.03 07:29:18.374,1.14125,1.14128,2.81,1.12
2017.03.03 07:29:18.428,1.14126,1.14128,1.00,2.25
2017.03.03 07:29:18.479,1.14125,1.14128,3.19,2.25
2017.03.03 07:29:18.985,1.14123,1.14125,1.00,1.00
2017.03.03 07:29:19.087,1.14121,1.14125,3.19,3.00
2017.03.03 07:29:19.188,1.14123,1.14125,1.00,6.75
2017.03.03 07:29:19.694,1.14123,1.14125,1.00,5.62
2017.03.03 07:29:20.165,1.14121,1.14123,1.50,1.87
2017.03.03 07:29:20.529,1.1412,1.14121,1.12,1.50
2017.03.03 07:29:20.835,1.14117,1.14118,1.50,2.25
2017.03.03 07:29:21.139,1.14115,1.14116,1.50,1.00
2017.03.03 07:29:21.292,1.14112,1.14113,5.06,1.00
2017.03.03 07:29:21.413,1.14109,1.14112,1.25,1.75
2017.03.03 07:29:21.922,1.1411,1.14112,1.00,2.62
2017.03.03 07:29:22.301,1.14108,1.14111,5.62,1.31
2017.03.03 07:29:24.713,1.1411,1.14112,1.00,1.31
2017.03.03 07:29:25.589,1.14107,1.14111,6.47,2.06
2017.03.03 07:29:26.095,1.14109,1.14112,1.50,1.31
2017.03.03 07:29:26.601,1.14108,1.14112,3.47,1.31
2017.03.03 07:29:26.873,1.14111,1.14113,1.12,1.37
2017.03.03 07:29:27.381,1.14112,1.14113,1.00,2.25
2017.03.03 07:29:27.736,1.14113,1.14115,1.50,1.50
2017.03.03 07:29:27.991,1.14114,1.14117,4.59,1.37
2017.03.03 07:29:28.347,1.14117,1.14119,1.00,1.69
2017.03.03 07:29:28.652,1.14117,1.1412,1.50,4.22
2017.03.03 07:29:28.805,1.14119,1.14121,1.87,2.62
2017.03.03 07:29:28.907,1.1412,1.14124,1.12,2.81
2017.03.03 07:29:28.958,1.14122,1.14124,1.00,2.06
2017.03.03 07:29:29.481,1.14121,1.14123,1.00,1.25
2017.03.03 07:29:30.037,1.14122,1.14124,1.00,4.31
2017.03.03 07:29:34.535,1.14122,1.14125,1.00,1.87
2017.03.03 07:29:35.599,1.1412,1.14121,4.22,1.50
2017.03.03 07:29:35.702,1.14119,1.14121,1.12,3.09
2017.03.03 07:29:35.754,1.14114,1.14118,1.03,1.50
2017.03.03 07:29:36.281,1.14116,1.14118,1.00,2.44
2017.03.03 07:29:37.617,1.14117,1.14118,1.00,1.00
2017.03.03 07:29:37.669,1.14117,1.1412,1.50,2.06
2017.03.03 07:29:38.747,1.14119,1.1412,1.12,1.00
2017.03.03 07:29:38.850,1.1412,1.14123,2.25,2.44
2017.03.03 07:29:39.339,1.14123,1.14125,1.00,1.31
2017.03.03 07:29:39.543,1.14126,1.14128,1.00,1.59
2017.03.03 07:29:39.695,1.14127,1.14129,1.00,1.25
2017.03.03 07:29:40.701,1.14127,1.14129,1.00,1.25
2017.03.03 07:29:41.092,1.14124,1.14126,1.00,1.87
2017.03.03 07:29:41.598,1.14124,1.14126,1.00,1.50
2017.03.03 07:29:42.193,1.14124,1.14125,1.00,1.00
2017.03.03 07:29:42.782,1.14124,1.14127,1.00,3.94
2017.03.03 07:29:43.288,1.14125,1.14127,1.00,2.81
2017.03.03 07:29:44.085,1.14126,1.14127,1.00,1.25
2017.03.03 07:29:44.623,1.14126,1.14128,1.00,1.00
2017.03.03 07:29:45.138,1.14126,1.14128,1.00,1.00
2017.03.03 07:29:45.442,1.14123,1.14125,1.00,1.12
2017.03.03 07:29:45.781,1.14125,1.14126,1.00,1.25
2017.03.03 07:29:45.933,1.14126,1.14129,5.81,1.00
2017.03.03 07:29:46.034,1.14129,1.1413,1.00,1.00
2017.03.03 07:29:46.566,1.14128,1.1413,1.00,1.00
2017.03.03 07:29:46.677,1.14128,1.1413,1.00,1.00
2017.03.03 07:29:47.571,1.14128,1.14129,1.00,1.00
2017.03.03 07:29:47.673,1.14124,1.14126,2.25,1.25
2017.03.03 07:29:47.724,1.14122,1.14126,1.37,2.06
2017.03.03 07:29:48.096,1.14126,1.14129,1.00,3.19
2017.03.03 07:29:48.147,1.14127,1.14129,1.00,2.06
2017.03.03 07:29:48.704,1.14128,1.1413,1.00,1.31
2017.03.03 07:29:49.635,1.14129,1.14131,1.00,1.69
2017.03.03 07:29:50.191,1.14128,1.14131,1.12,1.25
2017.03.03 07:29:50.711,1.14128,1.14131,1.50,4.69
2017.03.03 07:29:53.001,1.14127,1.14131,1.12,6.56
2017.03.03 07:29:53.551,1.14126,1.1413,2.06,1.50
2017.03.03 07:29:54.081,1.14127,1.14131,1.12,4.31
2017.03.03 07:30:01.274,1.1413,1.14131,2.25,2.62
2017.03.03 07:30:01.426,1.1413,1.14134,8.32,4.31
2017.03.03 07:30:01.933,1.1413,1.14132,2.25,1.12
2017.03.03 07:30:02.351,1.14128,1.14133,2.06,5.06
2017.03.03 07:30:02.529,1.1413,1.14134,1.12,5.81
2017.03.03 07:30:03.035,1.14129,1.14134,1.87,8.44
2017.03.03 07:30:03.921,1.14129,1.14132,1.00,1.00
2017.03.03 07:30:04.124,1.14127,1.14132,1.12,4.31
2017.03.03 07:30:04.763,1.14127,1.14132,4.22,4.31
2017.03.03 07:30:05.269,1.14127,1.14132,3.09,3.56
2017.03.03 07:30:05.780,1.14128,1.14132,1.12,2.81
2017.03.03 07:30:07.551,1.14128,1.14132,2.62,1.69
2017.03.03 07:30:08.066,1.14128,1.14132,2.25,1.69
2017.03.03 07:30:08.594,1.14129,1.14132,1.12,1.69
2017.03.03 07:30:09.384,1.14128,1.14132,3.37,1.69
2017.03.03 07:30:09.828,1.1413,1.14133,4.12,3.94
2017.03.03 07:30:10.132,1.14132,1.14135,1.00,1.87
2017.03.03 07:30:10.672,1.14132,1.14137,1.00,4.41
2017.03.03 07:30:11.194,1.14131,1.14136,5.16,1.31
2017.03.03 07:30:11.970,1.14133,1.14137,1.00,3.28
2017.03.03 07:30:12.571,1.14132,1.14137,3.37,3.28
2017.03.03 07:30:13.083,1.14132,1.14136,1.00,2.53
2017.03.03 07:30:13.589,1.14133,1.14137,1.12,2.81
2017.03.03 07:30:15.759,1.14134,1.14137,1.12,1.69
2017.03.03 07:30:16.762,1.14133,1.14137,2.25,1.69
2017.03.03 07:30:17.271,1.14134,1.14137,1.12,1.69
2017.03.03 07:30:18.205,1.14133,1.14137,4.59,1.69
2017.03.03 07:30:20.900,1.14132,1.14134,1.00,4.69
2017.03.03 07:30:21.053,1.14128,1.14132,1.12,2.44
2017.03.03 07:30:21.559,1.14128,1.14132,2.25,1.69
2017.03.03 07:30:21.813,1.14127,1.14132,5.62,1.69
2017.03.03 07:30:21.914,1.14128,1.14132,3.37,1.69
2017.03.03 07:30:22.117,1.14127,1.14131,1.00,1.25
2017.03.03 07:30:23.310,1.14128,1.14132,1.12,2.44
2017.03.03 07:30:23.839,1.14127,1.14132,2.62,1.69
2017.03.03 07:30:24.519,1.14127,1.14132,2.25,2.44
2017.03.03 07:30:25.185,1.14128,1.14132,1.00,2.44
2017.03.03 07:30:25.706,1.14127,1.14132,2.62,3.19
2017.03.03 07:30:26.414,1.14129,1.14133,1.12,3.19
2017.03.03 07:30:26.968,1.14128,1.14133,2.25,2.81
2017.03.03 07:30:27.501,1.14127,1.14132,6.37,2.06
2017.03.03 07:30:30.457,1.14128,1.14132,1.00,2.06
2017.03.03 07:30:30.862,1.14128,1.14132,4.12,1.31
2017.03.03 07:30:31.260,1.14131,1.14134,1.00,1.69
2017.03.03 07:30:32.878,1.14132,1.14134,1.87,1.19
2017.03.03 07:30:32.929,1.14132,1.14135,1.87,1.87
2017.03.03 07:30:33.435,1.14134,1.14137,1.00,1.69
2017.03.03 07:30:34.093,1.14134,1.14137,1.50,1.69
2017.03.03 07:30:35.609,1.14133,1.14137,5.06,1.00
2017.03.03 07:30:36.147,1.14135,1.14136,1.50,1.00
2017.03.03 07:30:36.299,1.14129,1.14133,3.00,4.16
2017.03.03 07:30:36.553,1.14131,1.14133,1.00,2.44
2017.03.03 07:30:36.857,1.14129,1.14131,1.87,1.69
2017.03.03 07:30:36.980,1.14127,1.14129,1.12,1.00
2017.03.03 07:30:37.538,1.14127,1.14131,1.12,11.29
2017.03.03 07:30:38.044,1.14128,1.14131,1.00,2.44
2017.03.03 07:30:38.449,1.14129,1.14132,2.25,1.50
2017.03.03 07:30:38.957,1.1413,1.14134,1.12,2.81
2017.03.03 07:30:39.389,1.14132,1.14135,1.12,1.50
2017.03.03 07:30:39.822,1.14133,1.14137,1.12,3.94
2017.03.03 07:30:40.075,1.14132,1.14134,2.25,2.44
2017.03.03 07:30:40.278,1.14128,1.14131,5.62,2.06
2017.03.03 07:30:40.379,1.14127,1.14129,1.12,1.00
2017.03.03 07:30:40.885,1.14126,1.1413,2.25,1.69
2017.03.03 07:30:41.391,1.14128,1.14131,1.00,2.11
2017.03.03 07:30:41.731,1.1413,1.14134,3.37,1.31
2017.03.03 07:30:42.035,1.14133,1.14137,2.25,2.81
2017.03.03 07:30:42.542,1.14134,1.14137,1.24,1.69
2017.03.03 07:30:43.083,1.14135,1.14137,1.24,1.69
2017.03.03 07:30:43.420,1.14139,1.14143,4.69,1.50
2017.03.03 07:30:43.529,1.1414,1.14141,1.50,1.44
2017.03.03 07:30:43.782,1.14136,1.1414,1.00,1.69
2017.03.03 07:30:44.710,1.14135,1.1414,1.87,4.54
2017.03.03 07:30:45.173,1.14136,1.14141,6.94,2.34
2017.03.03 07:30:45.476,1.14139,1.14143,1.50,10.41
2017.03.03 07:30:45.780,1.14138,1.14143,3.49,10.41
2017.03.03 07:30:46.285,1.14139,1.14143,1.24,10.41
2017.03.03 07:30:47.118,1.1414,1.14143,1.00,10.41
2017.03.03 07:30:48.728,1.14139,1.14143,1.99,8.16
2017.03.03 07:30:49.274,1.14138,1.14143,3.00,11.76
2017.03.03 07:30:50.931,1.14139,1.14143,1.00,9.66
2017.03.03 07:30:51.591,1.14138,1.1414,1.61,1.19
2017.03.03 07:30:51.895,1.14139,1.14141,1.00,1.12
2017.03.03 07:30:52.401,1.1414,1.14143,1.12,7.41
2017.03.03 07:30:53.159,1.1414,1.14143,1.12,2.16
2017.03.03 07:30:53.726,1.1414,1.14143,1.87,1.00
2017.03.03 07:30:53.777,1.14142,1.14143,1.24,1.00
2017.03.03 07:30:54.292,1.14142,1.14145,1.00,1.41
2017.03.03 07:30:55.256,1.14141,1.14143,1.87,1.19
2017.03.03 07:30:55.560,1.14135,1.14137,6.37,7.31
2017.03.03 07:30:55.611,1.14135,1.14136,3.75,3.75
2017.03.03 07:30:55.662,1.14134,1.14136,1.00,3.37
2017.03.03 07:30:56.154,1.14136,1.14139,1.00,3.94
2017.03.03 07:30:56.307,1.14138,1.14142,3.37,1.78
2017.03.03 07:30:56.459,1.14139,1.14142,1.00,1.78
2017.03.03 07:30:56.611,1.14136,1.14139,1.12,5.06
2017.03.03 07:30:57.118,1.14137,1.14139,1.00,1.19
2017.03.03 07:30:57.270,1.14137,1.14141,3.75,5.16
2017.03.03 07:30:57.372,1.14139,1.14142,1.00,1.28
2017.03.03 07:30:57.878,1.14139,1.14142,1.87,1.19
2017.03.03 07:30:58.655,1.1414,1.14142,1.00,1.19
2017.03.03 07:31:04.281,1.14139,1.14143,2.25,7.54
2017.03.03 07:31:05.531,1.14135,1.14138,5.74,1.54
2017.03.03 07:31:05.683,1.14135,1.14137,1.00,2.10
2017.03.03 07:31:06.190,1.14135,1.14138,1.50,1.58
2017.03.03 07:31:06.842,1.14136,1.14139,1.00,1.36
2017.03.03 07:31:08.054,1.14135,1.14139,1.12,2.29
2017.03.03 07:31:11.170,1.14136,1.14139,1.12,1.19
2017.03.03 07:31:11.685,1.14137,1.14139,1.00,1.19
2017.03.03 07:31:14.674,1.14136,1.1414,1.87,2.06
2017.03.03 07:31:15.079,1.14138,1.14142,1.12,7.31
2017.03.03 07:31:15.620,1.14139,1.14141,1.12,1.19
2017.03.03 07:31:18.929,1.14139,1.14142,1.87,1.19
2017.03.03 07:31:19.435,1.1414,1.14142,1.00,1.19
2017.03.03 07:31:19.976,1.14139,1.14142,1.87,1.69
2017.03.03 07:31:20.386,1.14138,1.1414,1.50,1.69
2017.03.03 07:31:20.489,1.14136,1.14137,1.00,1.35
2017.03.03 07:31:20.591,1.14134,1.14137,1.69,2.85
2017.03.03 07:31:21.650,1.14134,1.14137,1.50,3.04
2017.03.03 07:31:23.196,1.14135,1.14137,1.00,1.19
2017.03.03 07:31:23.710,1.14134,1.14137,1.00,3.04
2017.03.03 07:31:25.852,1.14135,1.14137,1.00,1.19
2017.03.03 07:31:31.725,1.14133,1.14136,1.12,2.29
2017.03.03 07:31:33.188,1.14133,1.14137,1.50,5.29
2017.03.03 07:31:33.391,1.14132,1.14133,1.87,2.85
2017.03.03 07:31:33.544,1.14129,1.14131,1.62,1.50
2017.03.03 07:31:33.747,1.14128,1.14131,1.00,2.44
2017.03.03 07:31:34.354,1.14129,1.14131,1.00,1.69
2017.03.03 07:31:34.839,1.14131,1.14134,1.00,2.81
2017.03.03 07:31:35.345,1.14133,1.14136,1.00,2.86
2017.03.03 07:31:36.248,1.14132,1.14137,3.00,9.83
2017.03.03 07:31:36.967,1.14133,1.14137,1.00,6.08
2017.03.03 07:31:37.476,1.14132,1.14137,3.00,5.48
2017.03.03 07:31:38.284,1.14137,1.14138,1.00,9.42
2017.03.03 07:31:38.335,1.14136,1.14139,12.56,3.62
2017.03.03 07:31:38.437,1.14137,1.14141,3.00,1.92
2017.03.03 07:31:38.943,1.14138,1.14142,1.31,2.30
2017.03.03 07:31:39.454,1.14138,1.14142,1.25,1.87
2017.03.03 07:31:39.968,1.14139,1.14143,2.62,1.21
2017.03.03 07:31:50.444,1.14139,1.14144,2.25,5.86
2017.03.03 07:31:52.381,1.14141,1.14145,1.25,3.05
2017.03.03 07:31:52.912,1.1414,1.14146,5.81,6.98
2017.03.03 07:32:01.462,1.14141,1.14146,2.06,6.19
2017.03.03 07:32:02.616,1.14144,1.14146,1.00,1.12
2017.03.03 07:32:02.939,1.14145,1.14149,1.50,2.81
2017.03.03 07:32:05.443,1.14145,1.14149,2.25,4.31
2017.03.03 07:32:05.746,1.14145,1.14149,1.12,4.91
2017.03.03 07:32:10.386,1.14145,1.14149,1.50,2.81
2017.03.03 07:32:11.195,1.14144,1.14148,3.00,1.31
2017.03.03 07:32:13.987,1.14145,1.14149,1.12,3.56
2017.03.03 07:32:14.561,1.14145,1.14149,1.50,3.56
2017.03.03 07:32:21.848,1.14147,1.14149,1.00,2.81
2017.03.03 07:32:22.932,1.14146,1.14149,1.87,2.81
2017.03.03 07:32:23.270,1.1415,1.14151,2.25,3.75
2017.03.03 07:32:23.372,1.1415,1.14152,4.31,1.12
2017.03.03 07:32:23.474,1.14151,1.14154,2.62,1.00
2017.03.03 07:32:23.986,1.14151,1.14155,3.37,1.25
2017.03.03 07:32:24.502,1.14152,1.14156,1.12,4.31
2017.03.03 07:32:29.774,1.14155,1.14156,1.00,1.00
2017.03.03 07:32:29.926,1.14155,1.14158,1.50,4.16
2017.03.03 07:32:30.156,1.14154,1.14156,1.00,1.87
2017.03.03 07:32:30.359,1.14152,1.14155,1.12,1.31
2017.03.03 07:32:30.903,1.14153,1.14155,1.12,1.31
2017.03.03 07:32:31.865,1.14153,1.14154,1.12,1.00
2017.03.03 07:32:31.967,1.1415,1.14153,1.50,1.54
2017.03.03 07:32:32.019,1.1415,1.14153,1.00,3.79
2017.03.03 07:32:32.251,1.14148,1.14153,1.31,6.04
2017.03.03 07:32:33.315,1.14149,1.14151,1.00,1.50
2017.03.03 07:32:34.313,1.14148,1.14151,1.31,1.50
2017.03.03 07:32:35.411,1.14147,1.1415,1.00,1.00
