2018.05.17 09:00:00.296,1.10675,1.10678,1.50,3.75
2018.05.17 09:00:00.826,1.10678,1.1068,1.00,3.82
2018.05.17 09:00:01.066,1.10679,1.10681,1.00,1.31
2018.05.17 09:00:01.578,1.10679,1.10681,1.00,2.44
2018.05.17 09:00:02.124,1.10677,1.1068,1.57,1.25
2018.05.17 09:00:02.701,1.10681,1.10682,1.25,1.10
2018.05.17 09:00:02.753,1.10684,1.10687,1.00,3.64
2018.05.17 09:00:02.925,1.10686,1.10688,1.25,1.10
2018.05.17 09:00:03.132,1.10687,1.1069,1.00,2.70
2018.05.17 09:00:03.697,1.10687,1.1069,1.00,4.01
2018.05.17 09:00:04.391,1.10688,1.1069,1.00,3.82
2018.05.17 09:00:04.924,1.1069,1.10692,1.00,1.10
2018.05.17 09:00:05.728,1.10689,1.10691,1.00,1.00
2018.05.17 09:00:06.292,1.10689,1.1069,1.00,1.00
2018.05.17 09:00:06.740,1.1069,1.10692,1.00,1.95
2018.05.17 09:00:07.724,1.10689,1.10692,1.50,3.26
2018.05.17 09:00:07.828,1.10686,1.10688,1.00,1.31
2018.05.17 09:00:08.376,1.10685,1.10687,1.00,1.10
2018.05.17 09:00:08.989,1.10684,1.10687,1.50,1.76
2018.05.17 09:00:10.074,1.10685,1.10687,1.00,1.01
2018.05.17 09:00:12.566,1.10683,1.10686,3.37,1.00
2018.05.17 09:00:12.618,1.10682,1.10685,1.20,2.06
2018.05.17 09:00:13.211,1.10683,1.10685,1.00,1.20
2018.05.17 09:00:13.753,1.10684,1.10686,1.00,1.25
2018.05.17 09:00:15.283,1.10684,1.10687,1.00,2.89
2018.05.17 09:00:17.587,1.10684,1.10687,1.00,3.56
2018.05.17 09:00:18.108,1.10683,1.10686,1.00,1.69
2018.05.17 09:00:19.792,1.10683,1.10686,1.00,3.56
2018.05.17 09:00:20.339,1.10683,1.10685,1.00,1.09
2018.05.17 09:00:20.651,1.10685,1.10687,1.00,3.19
2018.05.17 09:00:22.150,1.10684,1.10687,1.00,3.19
2018.05.17 09:00:22.253,1.10682,1.10685,2.32,1.31
2018.05.17 09:00:22.767,1.10684,1.10686,1.00,2.44
2018.05.17 09:00:23.377,1.10683,1.10686,1.00,2.44
2018.05.17 09:00:23.896,1.10684,1.10686,1.00,1.31
2018.05.17 09:00:26.043,1.10684,1.10687,1.00,1.87
2018.05.17 09:00:27.765,1.10684,1.10687,1.00,2.44
2018.05.17 09:00:28.302,1.10683,1.10685,1.00,1.12
2018.05.17 09:00:31.662,1.10682,1.10685,1.00,2.14
2018.05.17 09:00:31.975,1.10684,1.10686,1.00,1.19
2018.05.17 09:00:32.493,1.10683,1.10686,1.00,2.06
2018.05.17 09:00:33.277,1.10683,1.10686,1.00,2.14
2018.05.17 09:00:33.935,1.10683,1.10686,1.00,2.51
2018.05.17 09:00:35.442,1.10682,1.10685,2.25,2.06
2018.05.17 09:00:35.651,1.10684,1.10686,1.00,1.39
2018.05.17 09:00:36.153,1.10684,1.10686,1.00,2.06
2018.05.17 09:00:36.668,1.10684,1.10686,1.00,1.31
2018.05.17 09:00:39.521,1.10685,1.10687,1.00,1.57
2018.05.17 09:00:39.678,1.10688,1.10689,1.12,1.01
2018.05.17 09:00:40.072,1.10682,1.10685,6.00,3.19
2018.05.17 09:00:40.899,1.10682,1.10684,1.00,1.69
2018.05.17 09:00:41.434,1.10681,1.10683,1.00,2.81
2018.05.17 09:00:41.800,1.10682,1.10685,1.00,4.39
2018.05.17 09:00:41.975,1.10683,1.10685,1.00,4.31
2018.05.17 09:00:42.288,1.10677,1.1068,2.32,3.56
2018.05.17 09:00:42.341,1.10676,1.10678,1.50,3.56
2018.05.17 09:00:42.445,1.10675,1.10678,1.50,2.81
2018.05.17 09:00:42.704,1.10675,1.10677,1.00,1.69
2018.05.17 09:00:43.332,1.10675,1.10677,1.00,1.00
2018.05.17 09:00:43.872,1.10676,1.10678,1.00,1.31
2018.05.17 09:00:44.389,1.10676,1.10678,1.00,1.31
2018.05.17 09:00:44.938,1.10675,1.10678,1.00,2.06
2018.05.17 09:00:45.589,1.10677,1.10679,7.87,1.00
2018.05.17 09:00:45.933,1.1068,1.10682,1.00,2.81
2018.05.17 09:00:48.214,1.1068,1.10682,1.00,1.31
2018.05.17 09:00:54.498,1.10682,1.10684,1.50,2.32
2018.05.17 09:00:54.707,1.10685,1.10688,2.25,1.69
2018.05.17 09:00:54.913,1.10685,1.10687,1.12,1.19
2018.05.17 09:00:55.233,1.1068,1.10683,2.32,2.06
2018.05.17 09:00:55.770,1.1068,1.10683,1.50,1.31
2018.05.17 09:00:56.622,1.1068,1.10683,1.50,1.31
2018.05.17 09:00:56.675,1.1068,1.10682,1.50,1.19
2018.05.17 09:00:56.727,1.1068,1.10683,1.50,1.31
2018.05.17 09:00:56.934,1.1068,1.10683,1.50,2.06
2018.05.17 09:00:56.987,1.10682,1.10684,1.00,1.31
2018.05.17 09:00:57.489,1.10683,1.10686,1.00,6.64
2018.05.17 09:00:58.557,1.10681,1.10685,3.82,1.19
2018.05.17 09:00:59.638,1.10681,1.10683,1.95,1.25
2018.05.17 09:01:00.230,1.1068,1.10682,5.70,1.00
2018.05.17 09:01:00.748,1.1068,1.10682,2.70,1.00
2018.05.17 09:01:07.460,1.10676,1.10677,2.62,1.00
2018.05.17 09:01:07.778,1.1067,1.10672,5.02,1.00
2018.05.17 09:01:07.829,1.1067,1.10673,2.70,1.69
2018.05.17 09:01:08.076,1.1067,1.10672,2.70,1.00
2018.05.17 09:01:08.130,1.1067,1.10673,2.70,1.69
2018.05.17 09:01:08.776,1.1067,1.10672,2.70,1.00
2018.05.17 09:01:09.066,1.1067,1.10673,2.70,1.25
2018.05.17 09:01:09.733,1.1067,1.10673,4.95,1.00
2018.05.17 09:01:14.681,1.10671,1.10673,1.95,1.25
2018.05.17 09:01:18.308,1.1067,1.10673,1.50,1.69
2018.05.17 09:01:18.791,1.10669,1.10671,2.70,1.00
2018.05.17 09:01:18.961,1.10668,1.1067,4.20,1.00
2018.05.17 09:01:20.761,1.10668,1.1067,4.39,1.00
2018.05.17 09:01:21.312,1.10668,1.10671,6.26,1.00
2018.05.17 09:01:22.327,1.10668,1.1067,6.45,1.00
2018.05.17 09:01:22.863,1.10668,1.10671,5.51,1.00
2018.05.17 09:01:25.982,1.10668,1.1067,5.32,1.00
2018.05.17 09:01:26.491,1.10668,1.10671,7.01,1.00
2018.05.17 09:01:28.224,1.10668,1.10672,4.95,5.06
2018.05.17 09:01:28.278,1.10668,1.10669,2.25,1.12
2018.05.17 09:01:28.411,1.10663,1.10667,7.01,1.87
2018.05.17 09:01:28.517,1.10663,1.10665,3.07,1.00
2018.05.17 09:01:30.257,1.10663,1.10666,2.25,1.19
2018.05.17 09:01:31.136,1.10663,1.10667,2.06,3.64
2018.05.17 09:01:31.646,1.10664,1.10667,1.20,1.25
2018.05.17 09:01:33.015,1.10663,1.10666,6.45,1.25
2018.05.17 09:01:33.693,1.10663,1.10665,1.10,1.19
2018.05.17 09:01:33.857,1.10663,1.10666,1.00,2.51
2018.05.17 09:01:34.016,1.10662,1.10664,1.95,1.00
2018.05.17 09:01:34.338,1.1066,1.10662,1.76,1.00
2018.05.17 09:01:35.835,1.10659,1.10661,3.26,1.00
2018.05.17 09:01:39.709,1.10662,1.10664,1.50,1.57
2018.05.17 09:01:40.179,1.1066,1.10662,1.20,1.00
2018.05.17 09:01:40.874,1.1066,1.10663,6.64,1.00
2018.05.17 09:01:40.926,1.1066,1.10665,9.26,1.39
2018.05.17 09:01:40.978,1.1066,1.10664,1.95,2.81
2018.05.17 09:01:41.084,1.1066,1.10662,1.20,1.00
2018.05.17 09:01:41.943,1.1066,1.10663,1.57,1.31
2018.05.17 09:01:43.674,1.10661,1.10664,1.00,1.12
2018.05.17 09:01:44.970,1.10661,1.10664,1.50,2.06
2018.05.17 09:01:45.494,1.10661,1.10664,1.00,1.12
2018.05.17 09:01:46.021,1.1066,1.10663,3.45,1.25
2018.05.17 09:01:47.265,1.10661,1.10664,1.00,1.12
2018.05.17 09:01:47.800,1.10662,1.10665,1.50,1.69
2018.05.17 09:01:48.514,1.10662,1.10665,1.00,1.39
2018.05.17 09:01:48.879,1.10665,1.10667,1.00,4.01
2018.05.17 09:01:49.412,1.10665,1.10668,1.00,2.44
2018.05.17 09:01:53.529,1.10665,1.10668,2.25,1.69
2018.05.17 09:01:54.049,1.10665,1.10668,2.62,1.25
2018.05.17 09:01:57.296,1.10666,1.10669,2.25,2.51
2018.05.17 09:01:58.734,1.10666,1.10669,3.82,1.25
2018.05.17 09:01:59.299,1.10666,1.10669,4.57,1.25
2018.05.17 09:02:01.765,1.10666,1.10669,3.75,1.69
2018.05.17 09:02:02.316,1.10666,1.10669,1.12,1.69
2018.05.17 09:02:03.145,1.10666,1.10669,2.62,1.00
2018.05.17 09:02:03.694,1.10667,1.1067,3.45,1.25
2018.05.17 09:02:07.395,1.10667,1.10669,1.50,1.00
2018.05.17 09:02:07.972,1.10666,1.10669,5.32,1.00
2018.05.17 09:02:10.327,1.10666,1.10669,2.70,1.69
2018.05.17 09:02:10.850,1.10666,1.10669,1.12,1.00
2018.05.17 09:02:11.489,1.10666,1.10669,1.00,2.14
2018.05.17 09:02:16.270,1.10665,1.10668,3.37,2.44
2018.05.17 09:02:16.796,1.10664,1.10667,1.00,1.01
2018.05.17 09:02:17.172,1.10663,1.10665,4.20,1.19
2018.05.17 09:02:17.224,1.10664,1.10667,1.00,2.14
2018.05.17 09:02:18.005,1.10663,1.10666,1.87,1.25
2018.05.17 09:02:18.059,1.10662,1.10664,1.20,1.25
2018.05.17 09:02:18.579,1.10661,1.10663,1.00,1.25
2018.05.17 09:02:19.234,1.1066,1.10663,2.32,1.25
2018.05.17 09:02:20.596,1.10661,1.10664,1.00,1.31
2018.05.17 09:02:21.148,1.10662,1.10665,1.00,1.31
2018.05.17 09:02:23.875,1.10662,1.10665,1.00,1.31
2018.05.17 09:02:24.581,1.10662,1.10665,1.00,1.31
2018.05.17 09:02:25.103,1.10662,1.10665,1.00,1.31
2018.05.17 09:02:25.856,1.10662,1.10665,1.00,1.31
2018.05.17 09:02:26.814,1.10661,1.10664,1.20,1.31
2018.05.17 09:02:27.445,1.10661,1.10664,1.00,2.44
2018.05.17 09:02:28.284,1.10661,1.10664,1.00,1.69
2018.05.17 09:02:28.802,1.10661,1.10664,1.00,3.26
2018.05.17 09:02:29.580,1.10661,1.10664,1.12,1.00
2018.05.17 09:02:30.156,1.10663,1.10665,1.00,1.87
2018.05.17 09:02:30.471,1.10665,1.10668,2.62,1.70
2018.05.17 09:02:30.574,1.10666,1.10669,1.00,1.31
2018.05.17 09:02:31.019,1.10667,1.1067,1.00,1.39
2018.05.17 09:02:31.124,1.1067,1.10671,1.00,1.00
2018.05.17 09:02:31.295,1.10671,1.10673,1.00,1.31
2018.05.17 09:02:32.467,1.10671,1.10674,1.12,1.57
2018.05.17 09:02:33.066,1.10672,1.10675,1.00,1.39
2018.05.17 09:02:33.119,1.10672,1.10674,1.00,1.19
2018.05.17 09:02:33.812,1.10671,1.10674,1.12,1.76
2018.05.17 09:02:35.335,1.10671,1.10674,1.00,2.89
2018.05.17 09:02:35.700,1.10669,1.10672,1.00,2.51
2018.05.17 09:02:36.224,1.10669,1.10672,1.00,3.64
2018.05.17 09:02:36.795,1.10668,1.10671,1.00,2.06
2018.05.17 09:02:39.179,1.10668,1.1067,1.00,1.19
2018.05.17 09:02:39.685,1.10667,1.1067,1.12,1.69
2018.05.17 09:02:40.191,1.10667,1.1067,1.12,1.69
2018.05.17 09:02:44.081,1.10667,1.1067,1.12,1.69
2018.05.17 09:02:44.630,1.10667,1.1067,1.12,1.50
2018.05.17 09:02:45.253,1.10669,1.1067,1.00,1.00
2018.05.17 09:02:45.412,1.1067,1.10672,1.25,1.00
2018.05.17 09:02:45.993,1.1067,1.10673,1.25,1.12
2018.05.17 09:02:46.544,1.10671,1.10674,1.00,4.01
2018.05.17 09:02:47.953,1.10671,1.10674,1.00,2.89
2018.05.17 09:02:53.464,1.10671,1.10674,1.50,2.51
2018.05.17 09:02:53.991,1.10671,1.10674,1.12,2.51
2018.05.17 09:02:56.369,1.10671,1.10674,2.25,1.00
2018.05.17 09:02:56.426,1.10674,1.10676,1.00,2.25
2018.05.17 09:02:56.483,1.10675,1.10678,1.31,1.57
2018.05.17 09:02:57.090,1.10676,1.10678,1.00,1.00
2018.05.17 09:02:58.599,1.10675,1.10678,1.25,1.50
2018.05.17 09:02:59.189,1.10676,1.10679,1.00,3.64
2018.05.17 09:03:05.462,1.10675,1.10678,1.12,1.25
2018.05.17 09:03:05.620,1.10677,1.10679,1.00,1.10
2018.05.17 09:03:06.147,1.10677,1.1068,1.00,2.89
2018.05.17 09:03:14.327,1.10678,1.1068,1.00,1.50
2018.05.17 09:03:14.432,1.1068,1.10683,1.39,3.37
2018.05.17 09:03:14.538,1.10681,1.10685,1.99,3.94
2018.05.17 09:03:14.590,1.10682,1.10685,1.00,3.94
2018.05.17 09:03:15.102,1.10682,1.10685,4.57,1.00
2018.05.17 09:03:16.041,1.10682,1.10685,4.95,1.00
2018.05.17 09:03:17.577,1.10682,1.10684,2.32,1.00
2018.05.17 09:03:18.108,1.10681,1.10684,1.00,2.06
2018.05.17 09:03:21.046,1.10679,1.10682,3.45,1.00
2018.05.17 09:03:21.738,1.10679,1.10681,1.00,1.25
2018.05.17 09:03:22.264,1.10678,1.10681,1.00,3.64
2018.05.17 09:03:23.395,1.10678,1.10681,1.00,4.39
2018.05.17 09:03:24.001,1.10678,1.10681,1.00,3.64
2018.05.17 09:03:24.818,1.10678,1.10681,1.00,3.64
2018.05.17 09:03:41.214,1.10678,1.10681,1.00,2.81
2018.05.17 09:03:41.758,1.10678,1.10681,1.00,2.81
2018.05.17 09:03:46.572,1.1068,1.10682,1.00,1.95
2018.05.17 09:03:46.729,1.10682,1.10685,1.50,1.95
2018.05.17 09:03:50.579,1.10684,1.10686,2.62,1.00
2018.05.17 09:03:50.894,1.10687,1.1069,1.00,3.56
2018.05.17 09:03:51.435,1.10688,1.1069,1.00,1.31
2018.05.17 09:03:52.817,1.10688,1.10691,3.75,1.69
2018.05.17 09:03:52.870,1.10688,1.1069,3.00,1.69
2018.05.17 09:03:53.453,1.10687,1.10689,1.00,1.31
2018.05.17 09:03:54.629,1.10688,1.1069,1.00,2.44
2018.05.17 09:03:55.044,1.10688,1.10691,3.00,2.81
2018.05.17 09:03:55.653,1.10689,1.10691,1.00,2.44
2018.05.17 09:03:55.708,1.10692,1.10693,2.62,3.75
2018.05.17 09:03:55.762,1.10695,1.10697,2.81,1.50
2018.05.17 09:03:55.816,1.10697,1.10698,1.00,1.50
2018.05.17 09:03:55.870,1.10697,1.107,1.10,3.56
2018.05.17 09:03:56.382,1.10697,1.107,1.10,1.31
2018.05.17 09:03:58.195,1.10696,1.10698,2.32,1.69
2018.05.17 09:03:58.758,1.10695,1.10698,2.32,1.25
2018.05.17 09:03:59.514,1.10695,1.10698,2.32,1.69
2018.05.17 09:04:00.019,1.10695,1.10698,2.32,1.31
2018.05.17 09:04:03.807,1.10695,1.10697,1.57,1.50
2018.05.17 09:04:04.354,1.10694,1.10697,1.95,2.06
2018.05.17 09:04:06.255,1.10695,1.10697,1.00,1.19
2018.05.17 09:04:12.619,1.10694,1.10697,2.32,1.19
2018.05.17 09:04:12.929,1.10693,1.10696,4.20,1.19
2018.05.17 09:04:12.983,1.10693,1.10696,3.07,1.00
2018.05.17 09:04:13.491,1.10694,1.10697,1.00,2.51
2018.05.17 09:04:14.122,1.10693,1.10695,1.50,1.00
2018.05.17 09:04:14.624,1.10694,1.10697,1.12,2.51
2018.05.17 09:04:15.145,1.10694,1.10697,1.12,1.69
2018.05.17 09:04:15.685,1.10696,1.10699,1.00,3.26
2018.05.17 09:04:16.494,1.10696,1.10698,1.50,1.00
2018.05.17 09:04:19.415,1.10695,1.10697,1.10,1.00
2018.05.17 09:04:20.108,1.10694,1.10697,1.95,1.00
2018.05.17 09:04:21.033,1.10695,1.10698,1.00,1.87
2018.05.17 09:04:25.553,1.10696,1.10699,1.00,3.64
2018.05.17 09:04:26.374,1.10699,1.107,5.81,1.57
2018.05.17 09:04:26.590,1.10701,1.10704,1.00,2.06
2018.05.17 09:04:27.100,1.107,1.10703,5.32,1.00
2018.05.17 09:04:28.827,1.107,1.10703,5.89,1.00
2018.05.17 09:04:29.522,1.107,1.10703,6.26,1.00
2018.05.17 09:04:31.059,1.10701,1.10704,1.00,3.45
2018.05.17 09:04:32.390,1.10699,1.107,1.20,1.69
2018.05.17 09:04:32.442,1.107,1.10703,1.87,1.95
2018.05.17 09:04:32.975,1.10701,1.10704,1.12,1.25
2018.05.17 09:04:40.718,1.10701,1.10704,3.07,1.25
2018.05.17 09:04:41.233,1.10703,1.10705,1.00,1.00
2018.05.17 09:04:42.729,1.10702,1.10705,4.31,1.00
2018.05.17 09:04:49.984,1.10705,1.10706,7.16,1.50
2018.05.17 09:04:50.064,1.10706,1.10708,1.30,1.00
2018.05.17 09:04:50.134,1.10707,1.1071,5.44,1.10
2018.05.17 09:04:50.657,1.10708,1.10711,5.89,1.00
2018.05.17 09:04:50.765,1.1071,1.10713,3.00,1.50
2018.05.17 09:04:50.968,1.10713,1.10715,1.00,1.00
2018.05.17 09:04:51.282,1.1071,1.10712,1.07,1.00
2018.05.17 09:04:51.605,1.10708,1.1071,5.51,1.12
2018.05.17 09:04:51.710,1.10706,1.10709,1.10,1.69
2018.05.17 09:04:52.228,1.10707,1.1071,1.00,3.64
2018.05.17 09:04:52.838,1.10706,1.10709,1.12,1.31
2018.05.17 09:04:53.359,1.10707,1.1071,1.00,1.39
2018.05.17 09:04:58.065,1.10707,1.1071,1.87,1.39
2018.05.17 09:04:58.177,1.10709,1.10712,3.00,2.51
2018.05.17 09:04:58.536,1.10712,1.10714,1.00,1.39
2018.05.17 09:04:58.641,1.1071,1.10713,1.57,1.31
2018.05.17 09:04:59.307,1.1071,1.10713,1.00,2.25
2018.05.17 09:04:59.812,1.10709,1.10712,1.00,1.12
2018.05.17 09:05:00.315,1.1071,1.10713,1.00,1.87
2018.05.17 09:05:00.526,1.10712,1.10715,1.12,2.25
2018.05.17 09:05:00.668,1.10713,1.10716,1.00,1.31
2018.05.17 09:05:01.179,1.10714,1.10717,1.00,5.51
2018.05.17 09:05:01.718,1.10713,1.10716,1.00,1.31
2018.05.17 09:05:03.358,1.10712,1.10715,1.57,1.25
2018.05.17 09:05:03.520,1.1071,1.10713,2.70,1.31
2018.05.17 09:05:04.057,1.10712,1.10713,1.50,1.00
2018.05.17 09:05:04.110,1.10713,1.10715,1.00,1.57
2018.05.17 09:05:04.217,1.10715,1.10717,1.31,4.12
2018.05.17 09:05:04.615,1.10717,1.1072,1.50,3.19
2018.05.17 09:05:05.149,1.10716,1.10719,2.32,2.44
2018.05.17 09:05:05.467,1.10714,1.10717,1.00,2.06
2018.05.17 09:05:06.042,1.10714,1.10717,1.00,2.06
2018.05.17 09:05:07.068,1.10714,1.10717,1.00,2.70
2018.05.17 09:05:07.226,1.10716,1.10719,1.00,4.39
2018.05.17 09:05:07.485,1.10717,1.1072,1.00,2.81
2018.05.17 09:05:07.643,1.10716,1.10719,1.57,2.81
2018.05.17 09:05:08.221,1.10715,1.10718,1.00,2.44
2018.05.17 09:05:10.369,1.10715,1.10718,1.25,1.87
2018.05.17 09:05:10.885,1.10716,1.10719,1.00,3.19
2018.05.17 09:05:11.767,1.10717,1.10719,1.00,1.69
2018.05.17 09:05:11.926,1.10718,1.1072,1.50,1.00
2018.05.17 09:05:12.447,1.10719,1.10721,1.00,2.89
2018.05.17 09:05:14.264,1.10719,1.10721,1.00,3.19
2018.05.17 09:05:14.317,1.10721,1.10722,1.25,2.70
2018.05.17 09:05:14.429,1.10725,1.10726,1.00,2.51
2018.05.17 09:05:14.959,1.10725,1.10728,1.00,2.06
2018.05.17 09:05:15.877,1.10725,1.10728,1.00,2.81
2018.05.17 09:05:16.304,1.10725,1.10728,1.12,1.31
2018.05.17 09:05:16.841,1.10725,1.10728,1.10,2.81
2018.05.17 09:05:17.601,1.10724,1.10726,1.95,1.00
2018.05.17 09:05:17.868,1.10725,1.10727,1.00,2.14
2018.05.17 09:05:18.466,1.10724,1.10727,1.50,1.39
2018.05.17 09:05:19.433,1.10722,1.10725,5.14,1.00
2018.05.17 09:05:19.954,1.10724,1.10727,1.00,5.14
2018.05.17 09:05:20.428,1.10722,1.10723,3.07,1.25
2018.05.17 09:05:20.708,1.10724,1.10727,1.12,2.51
2018.05.17 09:05:21.655,1.10725,1.10727,1.00,1.01
2018.05.17 09:05:25.547,1.10724,1.10727,3.07,1.31
2018.05.17 09:05:25.806,1.10723,1.10726,3.07,1.19
2018.05.17 09:05:26.397,1.10723,1.10726,2.62,1.19
2018.05.17 09:05:27.092,1.10724,1.10727,1.12,6.26
2018.05.17 09:05:27.607,1.10725,1.10728,1.00,4.01
2018.05.17 09:05:28.119,1.10724,1.10727,1.12,1.31
2018.05.17 09:05:30.671,1.10723,1.10725,1.57,1.25
2018.05.17 09:05:32.156,1.10722,1.10724,3.07,1.25
2018.05.17 09:05:32.315,1.10724,1.10727,1.12,2.51
2018.05.17 09:05:33.746,1.10722,1.10725,1.57,1.19
2018.05.17 09:05:33.864,1.10723,1.10726,1.12,2.81
2018.05.17 09:05:34.332,1.10723,1.10726,1.00,6.26
2018.05.17 09:05:34.863,1.10723,1.10726,1.37,3.19
2018.05.17 09:05:35.262,1.10722,1.10725,1.50,1.31
2018.05.17 09:05:35.811,1.10723,1.10726,1.37,3.26
2018.05.17 09:05:37.944,1.10724,1.10726,1.00,2.81
2018.05.17 09:05:38.273,1.10725,1.10728,1.69,1.00
2018.05.17 09:05:38.819,1.10726,1.10729,1.00,1.31
2018.05.17 09:05:38.925,1.10725,1.10728,1.87,1.19
2018.05.17 09:05:39.434,1.10725,1.10728,1.08,2.14
2018.05.17 09:05:40.926,1.10726,1.10729,1.00,1.69
2018.05.17 09:05:41.998,1.10725,1.10728,4.69,1.00
2018.05.17 09:05:43.329,1.10724,1.10727,4.20,1.00
2018.05.17 09:05:46.989,1.10724,1.10726,1.49,1.00
2018.05.17 09:05:47.626,1.10724,1.10727,3.75,1.31
2018.05.17 09:05:47.954,1.10726,1.10729,1.00,1.76
2018.05.17 09:05:48.264,1.10731,1.10734,3.07,1.00
2018.05.17 09:05:48.576,1.10729,1.10731,1.00,1.00
2018.05.17 09:05:48.892,1.10728,1.1073,1.00,1.19
2018.05.17 09:05:49.404,1.10727,1.10729,2.44,1.00
2018.05.17 09:05:49.708,1.10729,1.10731,1.00,2.44
2018.05.17 09:05:50.209,1.10728,1.10731,1.87,1.31
2018.05.17 09:05:50.261,1.10728,1.10731,2.25,1.31
2018.05.17 09:05:50.802,1.10726,1.10729,5.14,1.00
2018.05.17 09:05:52.241,1.10725,1.10729,4.76,1.50
2018.05.17 09:05:52.791,1.10725,1.10729,2.32,3.19
2018.05.17 09:05:53.595,1.10725,1.10728,1.95,1.50
2018.05.17 09:05:54.117,1.10725,1.10728,1.50,1.12
2018.05.17 09:05:56.786,1.10726,1.10729,1.00,3.64
2018.05.17 09:05:58.173,1.10727,1.10729,1.00,2.32
2018.05.17 09:05:58.736,1.10727,1.10729,1.00,1.12
2018.05.17 09:05:59.271,1.10728,1.1073,1.00,1.00
2018.05.17 09:05:59.376,1.1073,1.10732,1.00,1.50
2018.05.17 09:05:59.483,1.10732,1.10735,1.00,6.26
2018.05.17 09:05:59.954,1.1073,1.10733,2.62,1.87
2018.05.17 09:06:00.248,1.10728,1.10732,2.25,3.82
2018.05.17 09:06:00.301,1.10728,1.10731,1.00,2.44
2018.05.17 09:06:02.521,1.10729,1.10731,1.00,2.32
2018.05.17 09:06:03.338,1.10729,1.10731,1.50,1.87
2018.05.17 09:06:03.888,1.10728,1.10731,1.50,2.70
2018.05.17 09:06:04.571,1.10728,1.10731,1.00,2.51
2018.05.17 09:06:04.916,1.10726,1.10728,1.10,3.19
2018.05.17 09:06:05.128,1.10722,1.10725,2.32,1.31
2018.05.17 09:06:05.234,1.10722,1.10725,1.00,4.01
2018.05.17 09:06:05.813,1.10722,1.10725,1.00,4.39
2018.05.17 09:06:07.600,1.10721,1.10723,1.25,1.10
2018.05.17 09:06:08.656,1.10721,1.10723,1.00,1.95
2018.05.17 09:06:08.865,1.10716,1.10719,4.31,1.00
2018.05.17 09:06:09.680,1.10716,1.10719,1.25,2.32
2018.05.17 09:06:10.237,1.10716,1.10719,1.25,2.32
2018.05.17 09:06:10.982,1.10718,1.10719,1.00,1.10
2018.05.17 09:06:11.516,1.10716,1.10719,1.69,1.57
2018.05.17 09:06:13.790,1.10716,1.10718,1.19,1.00
2018.05.17 09:06:14.523,1.10716,1.10719,2.44,1.57
2018.05.17 09:06:16.297,1.10716,1.10718,1.69,1.00
2018.05.17 09:06:16.871,1.10716,1.10719,2.44,1.57
2018.05.17 09:06:17.383,1.10716,1.10718,1.25,1.00
2018.05.17 09:06:20.862,1.10717,1.10719,1.00,1.57
2018.05.17 09:06:21.393,1.10716,1.10719,1.25,2.32
2018.05.17 09:06:22.046,1.10716,1.10719,1.25,1.87
2018.05.17 09:06:22.587,1.10717,1.1072,1.00,5.44
2018.05.17 09:06:23.122,1.10716,1.10719,1.25,1.50
2018.05.17 09:06:24.115,1.10715,1.10718,1.00,1.75
2018.05.17 09:06:24.222,1.10711,1.10713,1.25,1.00
2018.05.17 09:06:24.769,1.1071,1.10713,1.25,2.25
2018.05.17 09:06:25.303,1.10711,1.10714,1.25,6.37
2018.05.17 09:06:26.842,1.1071,1.10713,1.25,1.95
2018.05.17 09:06:27.887,1.10709,1.10712,1.25,2.70
2018.05.17 09:06:28.196,1.10708,1.1071,1.00,2.25
2018.05.17 09:06:28.299,1.10706,1.10709,1.25,3.45
2018.05.17 09:06:28.850,1.10706,1.10709,1.19,1.10
2018.05.17 09:06:29.005,1.10708,1.1071,1.00,2.70
2018.05.17 09:06:29.583,1.10709,1.1071,1.00,1.10
2018.05.17 09:06:30.302,1.10708,1.1071,1.25,1.10
2018.05.17 09:06:30.814,1.10707,1.10709,1.00,1.57
2018.05.17 09:06:31.705,1.10708,1.10709,1.00,1.10
2018.05.17 09:06:32.243,1.10709,1.10711,1.25,1.47
2018.05.17 09:06:36.831,1.10708,1.10711,1.25,3.45
2018.05.17 09:06:38.500,1.10708,1.10711,1.25,6.07
2018.05.17 09:06:38.866,1.10706,1.10709,1.25,3.07
2018.05.17 09:06:40.143,1.10707,1.10708,1.00,1.10
2018.05.17 09:06:41.601,1.10706,1.10709,2.06,1.95
2018.05.17 09:06:41.655,1.10705,1.10709,1.69,5.70
2018.05.17 09:06:42.178,1.10704,1.10707,1.69,1.20
2018.05.17 09:06:43.542,1.10704,1.10707,1.69,1.10
2018.05.17 09:06:44.070,1.10705,1.10708,1.00,2.70
2018.05.17 09:06:45.773,1.10705,1.10708,1.00,3.45
2018.05.17 09:06:46.692,1.10705,1.10708,1.00,4.95
2018.05.17 09:06:46.850,1.10704,1.10707,1.25,1.95
2018.05.17 09:06:48.843,1.10703,1.10706,2.62,1.75
2018.05.17 09:06:49.006,1.10701,1.10703,1.00,1.12
2018.05.17 09:06:49.060,1.107,1.10702,1.00,2.25
2018.05.17 09:06:49.113,1.10698,1.10701,2.62,1.12
2018.05.17 09:06:49.657,1.10697,1.107,3.37,1.12
2018.05.17 09:06:50.181,1.10698,1.10701,1.00,1.95
2018.05.17 09:06:52.752,1.107,1.10701,1.00,1.10
2018.05.17 09:06:52.959,1.10698,1.10701,1.12,1.95
2018.05.17 09:06:54.138,1.107,1.10701,1.00,1.20
2018.05.17 09:06:54.399,1.10698,1.10701,1.12,1.95
2018.05.17 09:06:57.625,1.10697,1.107,5.06,1.12
2018.05.17 09:06:58.243,1.10698,1.107,1.31,1.12
2018.05.17 09:06:58.792,1.10697,1.107,3.56,1.12
2018.05.17 09:06:59.154,1.10699,1.10701,1.19,2.70
2018.05.17 09:06:59.677,1.10698,1.10701,3.75,1.50
2018.05.17 09:06:59.888,1.10697,1.10698,1.12,1.00
2018.05.17 09:07:00.045,1.10695,1.10698,2.44,1.00
2018.05.17 09:07:00.608,1.10695,1.10698,1.68,1.50
2018.05.17 09:07:01.172,1.10696,1.10699,1.00,1.95
2018.05.17 09:07:01.545,1.10694,1.10697,1.25,3.07
2018.05.17 09:07:01.598,1.10693,1.10696,2.06,1.50
2018.05.17 09:07:01.756,1.10691,1.10693,1.01,1.50
2018.05.17 09:07:02.071,1.10689,1.10692,2.51,1.12
2018.05.17 09:07:02.476,1.1069,1.10693,1.87,1.95
2018.05.17 09:07:02.991,1.1069,1.10693,1.25,1.95
2018.05.17 09:07:03.540,1.10688,1.10691,8.81,1.00
2018.05.17 09:07:04.819,1.10689,1.10692,2.44,1.20
2018.05.17 09:07:05.338,1.10689,1.10691,1.19,1.00
2018.05.17 09:07:07.159,1.10688,1.10691,7.31,1.00
2018.05.17 09:07:07.325,1.10688,1.10691,4.31,1.12
2018.05.17 09:07:08.811,1.10688,1.1069,3.00,1.00
2018.05.17 09:07:11.000,1.10689,1.10691,1.00,1.39
2018.05.17 09:07:11.368,1.10689,1.10692,3.19,1.95
2018.05.17 09:07:13.661,1.1069,1.10692,1.19,1.10
2018.05.17 09:07:17.181,1.10689,1.10692,1.69,1.57
2018.05.17 09:07:17.723,1.10689,1.10692,2.44,1.57
2018.05.17 09:07:18.814,1.10689,1.10691,1.69,1.00
2018.05.17 09:07:19.347,1.10688,1.10691,8.44,1.00
2018.05.17 09:07:21.810,1.10688,1.10691,6.94,1.00
2018.05.17 09:07:22.129,1.10683,1.10686,2.06,1.57
2018.05.17 09:07:22.441,1.10682,1.10683,3.00,1.00
2018.05.17 09:07:22.921,1.1068,1.10683,1.25,1.57
2018.05.17 09:07:30.388,1.10678,1.1068,1.69,1.50
2018.05.17 09:07:30.440,1.10677,1.10679,1.10,1.12
2018.05.17 09:07:30.981,1.10676,1.10678,1.87,1.00
2018.05.17 09:07:31.085,1.10673,1.10676,2.51,1.87
2018.05.17 09:07:31.599,1.10672,1.10675,1.19,1.20
2018.05.17 09:07:32.106,1.10672,1.10675,1.00,2.32
2018.05.17 09:07:33.536,1.10671,1.10674,3.19,1.10
2018.05.17 09:07:34.638,1.10673,1.10676,1.00,3.82
2018.05.17 09:07:34.689,1.10673,1.10676,1.00,3.07
2018.05.17 09:07:35.079,1.10671,1.10674,5.14,1.00
2018.05.17 09:07:35.624,1.10672,1.10675,1.31,1.10
2018.05.17 09:07:36.554,1.10672,1.10675,3.19,1.95
2018.05.17 09:07:36.871,1.10677,1.10679,1.00,1.39
2018.05.17 09:07:37.828,1.10677,1.1068,1.00,2.14
2018.05.17 09:07:38.376,1.10674,1.10677,1.76,1.12
2018.05.17 09:07:38.906,1.10676,1.10678,1.00,1.57
2018.05.17 09:07:39.012,1.10676,1.10679,1.50,1.76
2018.05.17 09:07:43.448,1.10677,1.1068,1.00,2.32
2018.05.17 09:07:43.644,1.10675,1.10677,1.37,1.00
2018.05.17 09:07:44.012,1.10672,1.10675,2.51,1.00
2018.05.17 09:07:44.579,1.10673,1.10675,4.31,1.00
2018.05.17 09:07:45.112,1.10674,1.10677,1.31,1.12
2018.05.17 09:07:45.165,1.10673,1.10676,1.69,1.50
2018.05.17 09:07:45.841,1.10675,1.10678,3.19,1.95
2018.05.17 09:07:45.946,1.10678,1.1068,1.00,1.57
2018.05.17 09:07:46.276,1.10676,1.10679,1.20,5.81
2018.05.17 09:07:46.650,1.10677,1.1068,1.69,1.95
2018.05.17 09:07:47.163,1.10678,1.10681,1.00,1.95
2018.05.17 09:07:48.135,1.10683,1.10684,1.00,1.00
2018.05.17 09:07:48.290,1.10683,1.10686,1.25,1.57
2018.05.17 09:07:51.155,1.10685,1.10687,1.00,3.07
2018.05.17 09:07:51.692,1.10683,1.10686,3.19,1.00
2018.05.17 09:07:52.193,1.10684,1.10687,3.19,1.20
2018.05.17 09:07:52.536,1.10687,1.1069,1.12,1.00
2018.05.17 09:07:53.058,1.10686,1.10689,1.50,1.12
2018.05.17 09:07:53.439,1.10686,1.10689,1.00,2.25
2018.05.17 09:07:53.491,1.10684,1.10687,1.31,1.12
2018.05.17 09:07:54.111,1.10683,1.10686,2.81,1.00
2018.05.17 09:07:54.974,1.10683,1.10686,3.19,1.00
2018.05.17 09:07:56.259,1.10683,1.10686,2.06,1.10
2018.05.17 09:07:56.764,1.10683,1.10686,1.50,1.20
2018.05.17 09:08:01.492,1.10681,1.10683,5.32,3.60
2018.05.17 09:08:01.596,1.1068,1.10681,1.87,1.00
2018.05.17 09:08:02.143,1.10678,1.10681,3.94,1.00
2018.05.17 09:08:02.740,1.10678,1.10681,2.06,1.00
2018.05.17 09:08:03.282,1.10677,1.1068,2.89,1.00
2018.05.17 09:08:05.346,1.10677,1.1068,1.50,1.00
2018.05.17 09:08:05.893,1.10678,1.10681,1.25,1.12
2018.05.17 09:08:07.651,1.10678,1.10681,5.89,1.00
2018.05.17 09:08:08.169,1.10678,1.10681,1.20,2.62
2018.05.17 09:08:08.277,1.10676,1.10679,5.89,1.00
2018.05.17 09:08:08.381,1.10675,1.10678,1.39,1.00
2018.05.17 09:08:08.666,1.10677,1.10679,1.00,1.00
2018.05.17 09:08:09.292,1.10677,1.1068,1.69,1.12
2018.05.17 09:08:10.539,1.10676,1.10679,2.51,1.00
2018.05.17 09:08:11.812,1.10677,1.1068,1.00,1.95
2018.05.17 09:08:12.119,1.10678,1.1068,1.19,1.12
2018.05.17 09:08:14.033,1.10677,1.1068,3.19,1.50
2018.05.17 09:08:14.535,1.10677,1.1068,1.69,1.12
2018.05.17 09:08:18.158,1.10678,1.10681,1.69,2.25
2018.05.17 09:08:18.373,1.10679,1.10682,1.69,2.25
2018.05.17 09:08:18.889,1.10679,1.10682,2.44,1.12
2018.05.17 09:08:19.691,1.10679,1.10681,1.19,1.00
2018.05.17 09:08:19.796,1.10678,1.1068,1.25,1.00
2018.05.17 09:08:20.315,1.10678,1.10681,1.01,1.12
2018.05.17 09:08:23.473,1.10678,1.10681,3.64,1.00
2018.05.17 09:08:24.951,1.10681,1.10683,1.69,1.20
2018.05.17 09:08:25.109,1.10683,1.10686,1.25,1.95
2018.05.17 09:08:25.616,1.10684,1.10686,2.44,1.00
2018.05.17 09:08:29.031,1.10684,1.10687,4.39,1.12
2018.05.17 09:08:29.553,1.10686,1.10688,1.19,1.87
2018.05.17 09:08:31.539,1.10687,1.1069,1.69,2.62
2018.05.17 09:08:31.904,1.10686,1.10688,1.01,1.00
2018.05.17 09:08:32.577,1.10685,1.10688,1.39,1.00
2018.05.17 09:08:33.181,1.10685,1.10688,2.51,1.00
2018.05.17 09:08:33.757,1.10686,1.10689,1.19,2.62
2018.05.17 09:08:34.292,1.10685,1.10688,1.76,1.50
2018.05.17 09:08:34.891,1.10684,1.10687,1.39,1.12
2018.05.17 09:08:36.639,1.10684,1.10687,2.14,1.12
2018.05.17 09:08:37.240,1.10684,1.10687,1.39,1.12
2018.05.17 09:08:37.784,1.10684,1.10687,1.25,1.12
2018.05.17 09:08:38.309,1.10683,1.10686,4.01,1.00
2018.05.17 09:08:39.525,1.10683,1.10686,1.39,1.00
2018.05.17 09:08:39.855,1.1068,1.10683,1.39,1.87
2018.05.17 09:08:40.374,1.10679,1.10682,3.26,1.00
2018.05.17 09:08:42.826,1.10679,1.10682,1.39,2.62
2018.05.17 09:08:43.363,1.10678,1.10681,1.00,3.37
2018.05.17 09:08:43.903,1.10677,1.1068,1.76,1.00
2018.05.17 09:08:46.109,1.10676,1.10679,1.39,1.87
2018.05.17 09:08:46.423,1.10674,1.10677,1.00,1.87
2018.05.17 09:08:49.648,1.10673,1.10676,1.57,1.25
2018.05.17 09:08:50.245,1.10674,1.10677,1.00,3.37
2018.05.17 09:08:50.783,1.10675,1.10677,1.00,1.87
2018.05.17 09:08:51.301,1.10676,1.10678,1.00,2.51
2018.05.17 09:08:51.458,1.10677,1.10679,1.00,2.06
2018.05.17 09:08:52.022,1.10677,1.1068,3.82,1.25
2018.05.17 09:08:52.747,1.10679,1.10682,1.00,4.76
2018.05.17 09:08:53.265,1.10679,1.10682,1.00,3.56
2018.05.17 09:08:54.211,1.1068,1.10683,1.12,2.25
2018.05.17 09:08:54.848,1.10679,1.10682,3.82,1.00
2018.05.17 09:08:55.217,1.10682,1.10684,1.00,1.69
2018.05.17 09:08:55.746,1.10682,1.10684,1.12,1.69
2018.05.17 09:08:55.956,1.1068,1.10683,2.32,1.69
2018.05.17 09:08:57.189,1.10682,1.10684,1.00,2.44
2018.05.17 09:08:57.414,1.10683,1.10685,1.00,1.87
2018.05.17 09:09:00.578,1.10681,1.10683,1.57,1.25
2018.05.17 09:09:01.108,1.10681,1.10684,1.20,2.81
2018.05.17 09:09:01.422,1.10679,1.10682,1.57,1.50
2018.05.17 09:09:02.576,1.10678,1.10681,2.70,1.00
2018.05.17 09:09:06.582,1.10678,1.10681,1.10,2.06
2018.05.17 09:09:07.119,1.10679,1.10682,1.10,1.00
2018.05.17 09:09:07.654,1.10678,1.10681,1.20,1.12
2018.05.17 09:09:10.219,1.10679,1.10682,1.00,2.62
2018.05.17 09:09:15.828,1.1068,1.10682,1.00,1.12
2018.05.17 09:09:16.454,1.1068,1.10683,1.00,3.75
2018.05.17 09:09:17.410,1.10679,1.10682,1.57,1.31
2018.05.17 09:09:17.939,1.1068,1.10683,1.00,3.94
2018.05.17 09:09:18.452,1.10679,1.10682,1.10,1.12
2018.05.17 09:09:22.427,1.10679,1.10682,1.57,1.31
2018.05.17 09:09:22.954,1.1068,1.10683,1.00,3.19
2018.05.17 09:09:23.113,1.10682,1.10685,1.87,3.26
2018.05.17 09:09:23.424,1.10682,1.10685,1.57,3.19
2018.05.17 09:09:23.584,1.1068,1.10683,2.25,2.06
2018.05.17 09:09:24.106,1.1068,1.10683,1.50,2.81
2018.05.17 09:09:25.212,1.1068,1.10682,1.50,1.12
2018.05.17 09:09:29.306,1.10679,1.10682,1.00,1.12
2018.05.17 09:09:29.813,1.10678,1.10681,3.07,1.00
2018.05.17 09:09:30.335,1.10677,1.1068,1.57,1.25
2018.05.17 09:09:31.949,1.10677,1.1068,1.00,2.06
2018.05.17 09:09:32.487,1.10676,1.10679,1.12,3.19
2018.05.17 09:09:33.533,1.10676,1.10679,1.12,2.44
2018.05.17 09:09:34.131,1.10675,1.10678,2.62,1.31
2018.05.17 09:09:36.147,1.10674,1.10677,3.07,1.31
2018.05.17 09:09:36.252,1.10674,1.10677,2.62,1.12
2018.05.17 09:09:36.832,1.10674,1.10676,1.50,1.00
2018.05.17 09:09:37.333,1.10675,1.10678,1.37,2.14
2018.05.17 09:09:39.520,1.10676,1.10679,4.20,1.87
2018.05.17 09:09:40.523,1.10676,1.10679,6.82,1.00
2018.05.17 09:09:51.438,1.10677,1.1068,2.62,1.00
2018.05.17 09:09:52.606,1.1068,1.10681,1.00,1.10
2018.05.17 09:09:52.766,1.10682,1.10684,1.00,2.14
2018.05.17 09:09:53.305,1.10681,1.10684,2.32,2.44
2018.05.17 09:09:53.842,1.10682,1.10684,1.50,1.25
2018.05.17 09:09:55.657,1.10681,1.10684,1.57,1.31
2018.05.17 09:09:56.170,1.10681,1.10684,1.47,1.31
2018.05.17 09:10:05.176,1.10682,1.10685,5.25,1.50
2018.05.17 09:10:05.710,1.10682,1.10685,5.62,1.50
2018.05.17 09:10:06.728,1.10683,1.10686,1.87,1.69
2018.05.17 09:10:10.184,1.10683,1.10685,1.12,1.00
2018.05.17 09:10:12.320,1.10682,1.10683,1.00,1.00
2018.05.17 09:10:12.868,1.10681,1.10683,1.50,1.00
2018.05.17 09:10:13.387,1.1068,1.10683,3.07,1.00
2018.05.17 09:10:15.235,1.10681,1.10683,1.12,1.00
2018.05.17 09:10:20.652,1.1068,1.10683,1.95,1.00
2018.05.17 09:10:25.852,1.10682,1.10684,2.62,1.00
2018.05.17 09:10:26.216,1.10684,1.10685,1.00,1.00
2018.05.17 09:10:27.439,1.10685,1.10686,1.12,1.00
2018.05.17 09:10:27.936,1.10683,1.10685,2.32,1.00
2018.05.17 09:10:31.915,1.10683,1.10686,3.82,1.00
2018.05.17 09:10:32.565,1.10685,1.10687,1.12,1.50
2018.05.17 09:10:33.122,1.10686,1.10687,1.00,1.00
2018.05.17 09:10:33.645,1.10685,1.10686,1.50,1.00
2018.05.17 09:10:33.749,1.10684,1.10686,2.25,1.00
2018.05.17 09:10:34.457,1.10685,1.10686,1.12,1.00
2018.05.17 09:10:34.979,1.10684,1.10685,1.00,1.00
2018.05.17 09:10:35.400,1.10684,1.10687,6.00,2.25
2018.05.17 09:10:35.555,1.10686,1.10688,1.50,1.25
2018.05.17 09:10:36.081,1.10686,1.10688,1.87,1.25
2018.05.17 09:10:36.488,1.10687,1.10689,1.37,1.00
2018.05.17 09:10:38.526,1.10687,1.10688,1.50,1.00
2018.05.17 09:10:38.580,1.10686,1.10688,1.10,2.81
2018.05.17 09:10:38.686,1.10684,1.10686,1.57,1.00
2018.05.17 09:10:39.189,1.10683,1.10685,2.25,1.00
2018.05.17 09:10:39.699,1.10683,1.10685,1.87,1.00
2018.05.17 09:10:40.736,1.10682,1.10683,1.10,1.25
2018.05.17 09:10:41.254,1.10682,1.10683,1.87,1.25
2018.05.17 09:11:07.184,1.10681,1.10682,1.87,1.25
2018.05.17 09:11:07.236,1.1068,1.10681,1.10,1.00
2018.05.17 09:11:07.446,1.10679,1.10682,3.75,1.50
2018.05.17 09:11:07.736,1.10679,1.1068,1.57,1.00
2018.05.17 09:11:07.788,1.10679,1.10682,3.45,1.00
2018.05.17 09:11:07.840,1.10679,1.10683,3.07,3.56
2018.05.17 09:11:09.012,1.10679,1.10683,1.87,3.64
2018.05.17 09:11:09.064,1.10679,1.10681,1.12,1.00
2018.05.17 09:11:09.168,1.10678,1.1068,4.87,1.00
2018.05.17 09:11:09.221,1.10678,1.10682,6.56,2.14
2018.05.17 09:11:09.275,1.1068,1.10682,1.00,1.39
2018.05.17 09:11:09.859,1.10679,1.10683,5.14,2.06
2018.05.17 09:11:20.414,1.10681,1.10682,1.87,1.00
2018.05.17 09:11:20.962,1.1068,1.10683,1.37,2.51
2018.05.17 09:11:21.078,1.10678,1.1068,3.19,1.00
2018.05.17 09:11:21.570,1.10681,1.10682,1.00,1.57
2018.05.17 09:11:22.101,1.1068,1.10683,1.00,2.14
2018.05.17 09:11:22.527,1.10678,1.10682,5.44,2.32
2018.05.17 09:11:23.574,1.10678,1.10682,6.19,1.57
2018.05.17 09:11:25.790,1.10678,1.10681,3.94,1.00
2018.05.17 09:11:26.581,1.10678,1.10681,3.19,1.00
2018.05.17 09:11:29.089,1.10677,1.10679,7.87,1.00
2018.05.17 09:11:29.144,1.10679,1.10681,4.31,1.00
2018.05.17 09:11:29.336,1.1068,1.10682,3.37,1.00
2018.05.17 09:11:30.066,1.10682,1.10683,1.87,1.01
2018.05.17 09:11:34.914,1.10683,1.10684,1.00,1.10
2018.05.17 09:11:35.377,1.10683,1.10686,2.25,2.14
2018.05.17 09:11:36.176,1.10684,1.10685,1.50,1.00
2018.05.17 09:11:37.020,1.10683,1.10685,1.31,1.10
2018.05.17 09:11:37.749,1.10683,1.10684,1.12,1.00
2018.05.17 09:11:38.257,1.10681,1.10683,1.50,1.69
2018.05.17 09:11:38.362,1.10679,1.10681,1.20,1.00
2018.05.17 09:11:38.873,1.10678,1.10679,1.87,1.00
2018.05.17 09:11:41.514,1.10678,1.1068,2.06,1.00
2018.05.17 09:11:41.566,1.10679,1.10682,1.50,3.82
2018.05.17 09:11:41.669,1.10681,1.10682,2.25,1.00
2018.05.17 09:11:42.190,1.1068,1.10682,2.25,1.00
2018.05.17 09:11:42.705,1.10682,1.10683,1.87,1.01
2018.05.17 09:11:43.255,1.10681,1.10682,1.00,1.00
2018.05.17 09:11:44.578,1.1068,1.10684,3.00,2.14
2018.05.17 09:11:44.739,1.10676,1.10678,3.37,1.31
2018.05.17 09:11:44.919,1.10675,1.10676,1.50,1.00
2018.05.17 09:11:45.469,1.10676,1.10677,1.00,1.00
2018.05.17 09:11:48.551,1.10676,1.10678,1.50,1.10
2018.05.17 09:11:49.082,1.10676,1.10677,1.00,1.00
2018.05.17 09:11:50.285,1.10673,1.10676,1.95,1.12
2018.05.17 09:11:50.338,1.10673,1.10675,1.87,1.00
2018.05.17 09:11:50.879,1.10674,1.10677,1.00,2.51
2018.05.17 09:11:53.227,1.10672,1.10675,2.25,1.25
2018.05.17 09:12:01.189,1.10675,1.10677,1.00,4.01
2018.05.17 09:12:01.552,1.10677,1.10679,1.00,4.39
2018.05.17 09:12:03.180,1.10676,1.10678,1.00,2.14
2018.05.17 09:12:03.367,1.10674,1.10676,1.00,1.00
2018.05.17 09:12:03.889,1.10673,1.10675,1.00,1.01
2018.05.17 09:12:06.404,1.10674,1.10676,1.00,2.51
2018.05.17 09:12:06.917,1.10675,1.10677,1.00,2.89
2018.05.17 09:12:07.442,1.10675,1.10677,1.00,2.14
2018.05.17 09:12:09.430,1.10674,1.10677,1.00,2.89
2018.05.17 09:12:12.693,1.10676,1.10678,1.00,3.26
2018.05.17 09:12:13.475,1.10676,1.10679,1.87,2.51
2018.05.17 09:12:15.333,1.10677,1.1068,1.12,2.89
2018.05.17 09:12:15.443,1.10678,1.10681,1.12,2.51
2018.05.17 09:12:15.982,1.10678,1.10681,1.12,1.76
2018.05.17 09:12:19.264,1.10678,1.10681,1.12,1.76
2018.05.17 09:12:21.049,1.10679,1.10682,1.00,4.39
2018.05.17 09:12:22.152,1.10679,1.10682,1.00,3.26
2018.05.17 09:12:23.237,1.1068,1.10682,1.00,2.51
2018.05.17 09:12:23.398,1.10678,1.10681,4.20,1.25
2018.05.17 09:12:23.451,1.10678,1.10681,2.77,1.25
2018.05.17 09:12:23.503,1.10678,1.10681,1.12,1.25
2018.05.17 09:12:25.067,1.10677,1.1068,1.50,1.00
2018.05.17 09:12:25.620,1.10677,1.1068,1.12,2.51
2018.05.17 09:12:26.142,1.10677,1.1068,1.00,4.76
2018.05.17 09:12:26.657,1.10677,1.1068,1.00,4.01
2018.05.17 09:12:27.188,1.10677,1.10679,1.00,2.14
2018.05.17 09:12:27.711,1.10677,1.1068,1.00,4.01
2018.05.17 09:12:31.372,1.10676,1.10679,1.87,1.39
2018.05.17 09:12:31.535,1.10674,1.10675,1.87,1.25
2018.05.17 09:12:31.587,1.10672,1.10675,1.20,1.25
2018.05.17 09:12:33.116,1.10674,1.10676,1.00,1.20
2018.05.17 09:12:34.748,1.10677,1.10678,1.00,2.32
2018.05.17 09:12:35.284,1.10677,1.1068,1.00,5.14
2018.05.17 09:12:35.807,1.10676,1.10678,1.12,1.00
2018.05.17 09:12:43.045,1.10676,1.10677,1.87,1.00
2018.05.17 09:12:43.307,1.10672,1.10674,1.50,1.31
2018.05.17 09:12:43.815,1.10671,1.10673,1.50,1.25
2018.05.17 09:12:44.393,1.1067,1.10672,5.62,1.00
2018.05.17 09:12:44.904,1.1067,1.10672,4.12,1.00
2018.05.17 09:12:49.348,1.10669,1.10671,2.62,1.69
2018.05.17 09:12:49.890,1.1067,1.10671,1.12,1.12
2018.05.17 09:12:50.484,1.1067,1.10672,1.12,1.87
2018.05.17 09:12:55.785,1.10671,1.10673,2.25,1.00
2018.05.17 09:12:55.890,1.10671,1.10674,4.50,1.50
2018.05.17 09:12:56.376,1.10671,1.10672,1.50,1.00
2018.05.17 09:12:56.895,1.1067,1.10672,1.50,1.00
2018.05.17 09:12:59.659,1.1067,1.10671,1.12,1.31
2018.05.17 09:13:00.458,1.1067,1.10672,1.12,2.32
2018.05.17 09:13:02.477,1.1067,1.10671,1.50,1.00
2018.05.17 09:13:03.048,1.1067,1.10672,1.12,1.25
2018.05.17 09:13:04.659,1.1067,1.10673,1.87,6.26
2018.05.17 09:13:05.269,1.1067,1.10673,1.87,3.64
2018.05.17 09:13:06.377,1.1067,1.10673,1.87,3.64
2018.05.17 09:13:07.096,1.1067,1.10673,2.62,2.89
2018.05.17 09:13:07.668,1.10671,1.10673,1.00,2.14
2018.05.17 09:13:08.176,1.1067,1.10673,2.62,2.89
2018.05.17 09:13:10.501,1.10671,1.10673,1.00,2.14
2018.05.17 09:13:12.006,1.10671,1.10673,1.00,1.31
2018.05.17 09:13:13.210,1.10671,1.10673,1.00,1.31
2018.05.17 09:13:15.352,1.10671,1.10674,1.50,2.89
2018.05.17 09:13:15.903,1.10672,1.10674,1.00,2.14
2018.05.17 09:13:16.418,1.10671,1.10674,1.00,5.51
2018.05.17 09:13:19.352,1.10671,1.10674,1.00,4.01
2018.05.17 09:13:20.947,1.10671,1.10673,1.00,1.76
2018.05.17 09:13:22.529,1.10671,1.10674,1.00,4.76
2018.05.17 09:13:23.063,1.10672,1.10674,1.00,2.06
2018.05.17 09:13:23.596,1.10671,1.10674,1.00,2.89
2018.05.17 09:13:24.102,1.10672,1.10674,1.00,2.06
2018.05.17 09:13:25.809,1.10671,1.10673,1.50,1.25
2018.05.17 09:13:26.471,1.10671,1.10673,1.00,1.39
2018.05.17 09:13:29.184,1.1067,1.10673,2.62,2.14
2018.05.17 09:13:30.204,1.10671,1.10672,1.00,1.25
2018.05.17 09:13:31.612,1.10671,1.10674,1.00,4.01
2018.05.17 09:13:32.457,1.10672,1.10674,1.12,1.31
2018.05.17 09:13:33.086,1.10672,1.10674,1.00,2.14
2018.05.17 09:13:33.594,1.10671,1.10674,1.00,3.64
2018.05.17 09:13:38.666,1.10671,1.10674,1.00,5.89
2018.05.17 09:13:40.683,1.10671,1.10673,1.00,1.39
2018.05.17 09:13:41.226,1.10671,1.10673,1.00,1.39
2018.05.17 09:13:46.580,1.1067,1.10673,4.12,2.14
2018.05.17 09:13:47.870,1.10669,1.10671,1.37,1.31
2018.05.17 09:13:47.922,1.10668,1.10671,2.25,1.31
2018.05.17 09:13:48.783,1.10669,1.10672,1.00,5.89
2018.05.17 09:13:49.408,1.1067,1.10672,1.50,4.01
2018.05.17 09:13:49.913,1.1067,1.10672,1.50,1.39
2018.05.17 09:13:54.934,1.1067,1.10673,4.12,2.89
2018.05.17 09:13:55.777,1.10671,1.10673,1.00,2.14
2018.05.17 09:13:56.976,1.1067,1.10672,2.25,1.25
2018.05.17 09:13:58.193,1.10671,1.10672,1.00,1.25
2018.05.17 09:13:58.743,1.10671,1.10674,1.00,3.64
2018.05.17 09:14:01.864,1.10671,1.10673,1.00,1.76
2018.05.17 09:14:03.774,1.1067,1.10672,1.87,1.19
2018.05.17 09:14:05.936,1.1067,1.10672,1.12,1.69
2018.05.17 09:14:06.464,1.1067,1.10672,1.12,2.14
2018.05.17 09:14:07.002,1.10668,1.1067,1.50,1.31
2018.05.17 09:14:16.467,1.10667,1.1067,1.87,2.06
2018.05.17 09:14:18.270,1.10669,1.10671,1.00,1.39
2018.05.17 09:14:18.793,1.1067,1.10672,1.50,1.69
2018.05.17 09:14:23.578,1.1067,1.10672,1.12,1.00
2018.05.17 09:14:24.124,1.1067,1.10673,3.00,1.31
2018.05.17 09:14:26.306,1.1067,1.10672,1.12,1.00
2018.05.17 09:14:26.566,1.10668,1.10671,1.00,1.31
2018.05.17 09:14:26.671,1.10668,1.10671,1.50,1.12
2018.05.17 09:14:27.520,1.1067,1.10672,1.00,1.95
2018.05.17 09:14:33.960,1.1067,1.10673,2.25,3.56
2018.05.17 09:14:35.721,1.1067,1.10672,1.12,1.25
2018.05.17 09:14:38.929,1.10669,1.10672,1.37,2.81
2018.05.17 09:14:39.137,1.10667,1.1067,2.25,1.25
2018.05.17 09:14:39.191,1.10665,1.10668,4.57,1.00
2018.05.17 09:14:39.736,1.10666,1.10669,1.37,1.12
2018.05.17 09:14:40.255,1.10665,1.10668,2.70,1.00
2018.05.17 09:14:41.506,1.10666,1.10669,1.12,1.31
2018.05.17 09:14:42.051,1.10667,1.1067,1.12,2.44
2018.05.17 09:14:45.026,1.10666,1.10669,3.75,1.12
2018.05.17 09:14:47.478,1.10667,1.1067,1.00,4.01
2018.05.17 09:14:48.111,1.10666,1.10669,1.00,2.14
2018.05.17 09:14:53.906,1.10665,1.10668,1.12,2.06
2018.05.17 09:15:00.287,1.10665,1.10668,1.12,2.81
2018.05.17 09:15:00.822,1.10667,1.10669,1.00,1.76
2018.05.17 09:15:01.345,1.10666,1.10668,1.00,1.31
2018.05.17 09:15:01.892,1.10666,1.10667,1.00,1.25
2018.05.17 09:15:01.945,1.10664,1.10667,4.95,1.25
2018.05.17 09:15:02.446,1.10664,1.10667,1.87,1.69
2018.05.17 09:15:03.000,1.10664,1.10667,2.81,1.87
2018.05.17 09:15:03.515,1.10665,1.10668,1.00,3.26
2018.05.17 09:15:04.545,1.10664,1.10667,3.19,1.87
2018.05.17 09:15:04.648,1.10664,1.10667,1.87,6.19
2018.05.17 09:15:05.386,1.10664,1.10666,1.30,1.12
2018.05.17 09:15:06.999,1.10663,1.10664,1.12,1.12
2018.05.17 09:15:07.102,1.10662,1.10663,1.00,1.00
2018.05.17 09:15:07.205,1.1066,1.10662,1.50,1.31
2018.05.17 09:15:07.574,1.10658,1.1066,3.82,1.00
2018.05.17 09:15:07.680,1.10657,1.10659,3.00,1.25
2018.05.17 09:15:07.838,1.10656,1.10658,3.75,2.25
2018.05.17 09:15:07.944,1.10657,1.10659,3.00,1.20
2018.05.17 09:15:08.482,1.10657,1.10658,1.87,1.00
2018.05.17 09:15:08.996,1.10657,1.10659,2.62,1.31
2018.05.17 09:15:09.939,1.10657,1.10658,2.25,1.31
2018.05.17 09:15:09.991,1.10655,1.10658,2.32,1.31
2018.05.17 09:15:10.095,1.10657,1.10658,1.00,1.12
2018.05.17 09:15:10.589,1.10655,1.10657,2.25,1.00
2018.05.17 09:15:11.110,1.10653,1.10656,2.62,1.31
2018.05.17 09:15:11.650,1.10652,1.10654,2.25,1.00
2018.05.17 09:15:12.458,1.10653,1.10656,1.12,1.95
2018.05.17 09:15:12.510,1.10655,1.10658,3.00,1.76
2018.05.17 09:15:12.819,1.10657,1.10659,1.50,1.20
2018.05.17 09:15:15.195,1.10657,1.10658,1.87,1.00
2018.05.17 09:15:15.783,1.10657,1.1066,3.00,2.14
2018.05.17 09:15:16.470,1.10657,1.10659,2.25,3.19
2018.05.17 09:15:16.630,1.10653,1.10656,1.10,1.12
2018.05.17 09:15:16.914,1.10653,1.10656,1.00,3.26
2018.05.17 09:15:17.121,1.10651,1.10654,3.00,2.44
2018.05.17 09:15:23.066,1.10649,1.10652,2.70,1.25
2018.05.17 09:15:23.176,1.10651,1.10653,2.25,1.39
2018.05.17 09:15:23.899,1.10651,1.10654,3.37,2.51
2018.05.17 09:15:24.446,1.10652,1.10655,1.00,1.39
2018.05.17 09:15:25.524,1.10651,1.10654,5.25,1.00
2018.05.17 09:15:31.149,1.10651,1.10654,3.37,2.81
2018.05.17 09:15:31.672,1.10651,1.10654,3.00,2.06
2018.05.17 09:15:32.208,1.10651,1.10654,2.62,3.56
2018.05.17 09:15:33.341,1.10648,1.10651,6.82,1.87
2018.05.17 09:15:33.550,1.10645,1.10648,5.32,1.31
2018.05.17 09:15:36.619,1.10645,1.10648,4.50,1.50
2018.05.17 09:15:41.391,1.10645,1.10647,2.25,2.44
2018.05.17 09:15:41.897,1.10645,1.10648,3.75,2.51
2018.05.17 09:15:45.507,1.10645,1.10648,3.37,1.50
2018.05.17 09:15:45.561,1.10649,1.1065,1.00,3.07
2018.05.17 09:15:46.103,1.10649,1.1065,1.87,1.00
2018.05.17 09:15:46.420,1.1065,1.10652,1.00,1.25
2018.05.17 09:15:49.561,1.10651,1.10653,1.00,1.39
2018.05.17 09:15:49.769,1.10653,1.10655,1.00,2.51
2018.05.17 09:15:49.979,1.10655,1.10657,1.50,1.20
2018.05.17 09:15:50.302,1.10658,1.10659,1.00,1.31
2018.05.17 09:15:50.592,1.10658,1.1066,1.00,1.10
2018.05.17 09:15:50.646,1.10663,1.10664,1.50,1.76
2018.05.17 09:15:50.807,1.1066,1.10663,2.32,3.94
2018.05.17 09:15:50.997,1.10659,1.10661,1.00,2.06
2018.05.17 09:15:51.518,1.10658,1.1066,1.00,1.01
2018.05.17 09:15:51.873,1.10656,1.10658,1.00,1.76
2018.05.17 09:15:52.412,1.10656,1.10658,1.00,1.69
2018.05.17 09:15:52.918,1.10654,1.10656,1.00,1.31
2018.05.17 09:15:55.654,1.10653,1.10655,1.50,1.31
2018.05.17 09:15:56.334,1.10653,1.10655,1.00,1.31
2018.05.17 09:15:57.594,1.10652,1.10654,2.25,1.19
2018.05.17 09:16:00.093,1.10653,1.10655,1.00,2.51
2018.05.17 09:16:00.308,1.10653,1.10656,1.50,1.39
2018.05.17 09:16:02.066,1.10653,1.10655,1.69,1.25
2018.05.17 09:16:05.489,1.10653,1.10656,1.00,4.01
2018.05.17 09:16:06.735,1.10653,1.10656,1.00,2.51
2018.05.17 09:16:08.751,1.10655,1.10656,1.00,1.12
2018.05.17 09:16:09.539,1.10654,1.10656,1.00,1.87
2018.05.17 09:16:11.973,1.10655,1.10657,1.00,1.76
2018.05.17 09:16:12.518,1.10655,1.10657,1.50,1.12
2018.05.17 09:16:13.031,1.10654,1.10657,1.00,2.81
2018.05.17 09:16:13.544,1.10654,1.10657,1.00,2.81
2018.05.17 09:16:15.451,1.10653,1.10654,1.00,5.66
2018.05.17 09:16:15.799,1.10646,1.10649,2.25,3.19
2018.05.17 09:16:25.520,1.10647,1.10648,1.00,1.25
2018.05.17 09:16:27.727,1.10646,1.10648,1.00,3.19
2018.05.17 09:16:28.250,1.10645,1.10648,1.80,2.14
2018.05.17 09:16:28.769,1.10645,1.10648,3.00,2.51
2018.05.17 09:16:29.270,1.10646,1.10648,1.00,1.76
2018.05.17 09:16:29.798,1.10646,1.10648,1.00,1.39
2018.05.17 09:16:30.456,1.10645,1.10648,3.30,3.26
2018.05.17 09:16:31.479,1.10642,1.10645,1.57,1.25
2018.05.17 09:16:31.532,1.10642,1.10644,1.10,2.06
2018.05.17 09:16:32.055,1.10641,1.10644,1.12,3.64
2018.05.17 09:16:32.557,1.10642,1.10644,1.00,2.44
2018.05.17 09:16:34.414,1.10641,1.10644,1.00,4.01
2018.05.17 09:16:34.991,1.10642,1.10644,1.00,3.26
2018.05.17 09:16:35.044,1.10643,1.10645,1.50,1.00
2018.05.17 09:16:35.097,1.10645,1.10647,1.50,1.64
2018.05.17 09:16:35.642,1.10645,1.10648,1.50,5.44
2018.05.17 09:16:38.556,1.10643,1.10646,1.12,1.50
2018.05.17 09:16:38.610,1.10643,1.10646,1.00,3.64
2018.05.17 09:16:38.665,1.10641,1.10643,1.95,1.31
2018.05.17 09:16:39.194,1.1064,1.10643,1.30,2.14
2018.05.17 09:16:41.058,1.1064,1.10642,1.30,1.19
2018.05.17 09:16:43.267,1.10641,1.10642,1.00,1.00
2018.05.17 09:16:43.791,1.1064,1.10642,2.47,1.19
2018.05.17 09:16:43.843,1.10641,1.10643,1.00,1.39
2018.05.17 09:16:44.104,1.10643,1.10644,1.25,1.10
2018.05.17 09:16:44.210,1.10644,1.10646,1.00,1.39
2018.05.17 09:16:44.680,1.10643,1.10645,1.50,1.19
2018.05.17 09:16:45.022,1.10641,1.10643,1.50,1.19
2018.05.17 09:16:45.535,1.10641,1.10643,1.00,1.29
2018.05.17 09:16:46.207,1.10641,1.10644,1.50,2.89
2018.05.17 09:16:46.720,1.10642,1.10645,1.00,2.51
2018.05.17 09:16:47.238,1.10641,1.10644,1.50,2.81
2018.05.17 09:16:47.749,1.10642,1.10644,1.00,1.31
2018.05.17 09:16:48.323,1.10644,1.10646,1.00,4.01
2018.05.17 09:16:48.533,1.10642,1.10644,1.00,1.25
2018.05.17 09:16:49.203,1.10642,1.10644,1.00,1.19
2018.05.17 09:16:49.894,1.10642,1.10645,1.00,4.39
2018.05.17 09:16:50.375,1.10645,1.10647,1.00,4.39
2018.05.17 09:16:50.428,1.10644,1.10646,1.00,2.02
2018.05.17 09:16:50.636,1.10645,1.10647,1.00,1.12
2018.05.17 09:16:51.142,1.10646,1.10648,1.00,1.69
2018.05.17 09:16:53.119,1.10645,1.10648,2.70,1.69
2018.05.17 09:16:53.636,1.10646,1.10648,1.00,1.69
2018.05.17 09:16:54.438,1.10646,1.10648,1.00,1.31
2018.05.17 09:17:04.506,1.10646,1.10649,1.00,2.81
2018.05.17 09:17:16.272,1.10646,1.10649,1.00,4.01
2018.05.17 09:17:16.527,1.10644,1.10646,4.05,1.12
2018.05.17 09:17:16.750,1.10643,1.10644,1.00,4.31
2018.05.17 09:17:17.298,1.10642,1.10644,1.50,4.31
2018.05.17 09:17:17.837,1.10641,1.10644,2.62,5.06
2018.05.17 09:17:18.348,1.10642,1.10644,1.00,4.12
2018.05.17 09:17:19.603,1.10641,1.10644,3.45,4.87
2018.05.17 09:17:20.311,1.10644,1.10645,1.00,5.44
2018.05.17 09:17:20.365,1.10644,1.10646,1.25,1.00
2018.05.17 09:17:20.896,1.10643,1.10646,1.12,1.25
2018.05.17 09:17:22.754,1.10645,1.10647,1.00,2.51
2018.05.17 09:17:23.266,1.10646,1.10649,1.50,4.01
2018.05.17 09:17:23.776,1.10646,1.10649,1.50,3.56
2018.05.17 09:17:24.035,1.10647,1.1065,1.87,1.69
2018.05.17 09:17:24.547,1.10647,1.1065,1.50,2.44
2018.05.17 09:17:27.558,1.10646,1.10649,1.50,2.06
2018.05.17 09:17:28.075,1.10646,1.10649,1.50,2.44
2018.05.17 09:17:34.008,1.10647,1.1065,1.00,5.51
2018.05.17 09:17:34.512,1.10646,1.10649,1.87,1.69
2018.05.17 09:17:35.389,1.10647,1.10649,1.00,1.25
2018.05.17 09:17:35.445,1.1065,1.10652,1.37,1.31
2018.05.17 09:17:35.759,1.10647,1.1065,1.95,2.06
2018.05.17 09:17:36.267,1.10647,1.1065,3.75,2.06
2018.05.17 09:17:36.583,1.10647,1.1065,4.95,1.25
2018.05.17 09:17:37.019,1.10647,1.1065,1.00,1.69
2018.05.17 09:17:37.542,1.10647,1.1065,1.00,2.44
2018.05.17 09:17:38.408,1.10647,1.1065,1.57,1.69
2018.05.17 09:17:38.931,1.10646,1.10649,3.07,1.31
2018.05.17 09:17:39.480,1.10646,1.10649,3.07,2.06
2018.05.17 09:17:41.674,1.10647,1.10649,1.00,1.12
2018.05.17 09:17:41.727,1.10649,1.1065,1.00,2.06
2018.05.17 09:17:41.846,1.10651,1.10653,1.00,2.14
2018.05.17 09:17:41.899,1.10651,1.10652,1.50,1.00
2018.05.17 09:17:41.951,1.10652,1.10653,1.00,1.00
2018.05.17 09:17:42.453,1.10653,1.10655,1.00,1.31
2018.05.17 09:17:42.617,1.10655,1.10657,1.00,1.31
2018.05.17 09:17:44.393,1.10655,1.10658,1.50,2.06
2018.05.17 09:17:45.243,1.10656,1.10659,1.12,4.31
2018.05.17 09:17:45.504,1.10658,1.10659,1.00,1.12
2018.05.17 09:17:47.328,1.10658,1.10661,1.00,2.51
2018.05.17 09:17:49.376,1.10659,1.10662,1.00,2.51
2018.05.17 09:17:50.026,1.10658,1.10661,1.50,1.69
2018.05.17 09:17:50.841,1.10658,1.10661,1.50,3.19
2018.05.17 09:17:51.370,1.10657,1.1066,2.70,1.69
2018.05.17 09:17:55.419,1.10657,1.10659,2.25,1.31
2018.05.17 09:17:55.922,1.10656,1.10659,1.00,3.41
2018.05.17 09:17:57.523,1.10655,1.10657,1.42,1.00
2018.05.17 09:17:58.825,1.10655,1.10658,1.00,3.64
2018.05.17 09:17:59.190,1.10657,1.10659,1.00,2.89
2018.05.17 09:18:00.244,1.10656,1.10659,1.50,2.81
2018.05.17 09:18:00.792,1.10656,1.10659,2.62,1.25
2018.05.17 09:18:01.104,1.10658,1.1066,1.00,1.25
2018.05.17 09:18:05.097,1.10657,1.10659,3.75,1.25
2018.05.17 09:18:05.627,1.10657,1.10659,1.12,1.69
2018.05.17 09:18:06.948,1.10657,1.10659,1.12,1.25
2018.05.17 09:18:07.531,1.10657,1.1066,2.25,2.06
2018.05.17 09:18:10.266,1.10658,1.1066,1.00,1.31
2018.05.17 09:18:10.776,1.10657,1.10659,1.12,1.25
2018.05.17 09:18:12.661,1.10658,1.10659,1.00,1.00
2018.05.17 09:18:13.167,1.10658,1.1066,1.00,1.00
2018.05.17 09:18:14.480,1.10659,1.1066,1.00,1.00
2018.05.17 09:18:14.534,1.10659,1.10662,1.31,1.57
2018.05.17 09:18:15.054,1.1066,1.10663,1.00,2.06
2018.05.17 09:18:15.591,1.10659,1.10662,1.20,1.25
2018.05.17 09:18:16.748,1.10659,1.10662,1.10,1.69
2018.05.17 09:18:18.266,1.10659,1.10662,1.00,1.69
2018.05.17 09:18:19.571,1.10662,1.10665,2.25,1.95
2018.05.17 09:18:19.982,1.1066,1.10663,4.61,1.00
2018.05.17 09:18:20.291,1.10663,1.10665,1.87,1.25
2018.05.17 09:18:23.549,1.10661,1.10664,4.95,1.19
2018.05.17 09:18:23.605,1.10661,1.10663,1.87,1.25
2018.05.17 09:18:23.793,1.10659,1.10662,1.57,1.69
2018.05.17 09:18:24.318,1.10658,1.10661,1.57,1.25
2018.05.17 09:18:29.214,1.10657,1.1066,3.82,1.69
2018.05.17 09:18:31.873,1.10657,1.1066,3.82,2.44
2018.05.17 09:18:36.088,1.10657,1.1066,4.76,1.00
2018.05.17 09:18:36.603,1.10658,1.10661,1.20,2.06
2018.05.17 09:18:38.484,1.10658,1.10661,1.76,1.00
2018.05.17 09:18:39.104,1.10658,1.10661,1.20,1.25
2018.05.17 09:18:41.355,1.10659,1.10662,1.12,2.06
2018.05.17 09:18:41.900,1.10661,1.10663,1.12,1.69
2018.05.17 09:18:42.212,1.10662,1.10664,1.37,1.25
2018.05.17 09:18:43.238,1.10663,1.10665,1.50,2.06
2018.05.17 09:18:43.554,1.1066,1.10663,3.86,1.50
2018.05.17 09:18:44.058,1.10662,1.10664,1.00,1.25
2018.05.17 09:18:44.573,1.10663,1.10665,1.50,3.19
2018.05.17 09:18:45.226,1.10663,1.10665,3.00,1.69
2018.05.17 09:18:45.805,1.10663,1.10665,1.50,2.44
2018.05.17 09:18:46.113,1.10664,1.10666,1.00,1.87
2018.05.17 09:18:46.218,1.10665,1.10668,1.50,2.81
2018.05.17 09:18:47.492,1.10665,1.10668,1.57,1.69
2018.05.17 09:18:48.593,1.10664,1.10667,2.32,1.25
2018.05.17 09:18:54.632,1.10664,1.10667,1.57,1.19
2018.05.17 09:18:55.216,1.10664,1.10667,1.57,1.25
2018.05.17 09:18:55.882,1.10664,1.10667,1.57,1.19
2018.05.17 09:18:57.274,1.10664,1.10667,1.57,1.25
2018.05.17 09:18:57.813,1.10664,1.10667,1.57,1.69
2018.05.17 09:18:58.454,1.10664,1.10667,1.57,1.25
2018.05.17 09:18:59.956,1.10664,1.10667,1.12,2.44
2018.05.17 09:19:03.850,1.10663,1.10665,2.32,1.25
2018.05.17 09:19:04.385,1.10662,1.10665,1.37,2.44
2018.05.17 09:19:04.800,1.10661,1.10664,1.95,2.06
2018.05.17 09:19:10.914,1.10663,1.10664,1.00,2.81
2018.05.17 09:19:11.464,1.10661,1.10663,1.10,1.00
2018.05.17 09:19:11.569,1.10663,1.10664,1.00,1.25
2018.05.17 09:19:12.089,1.10663,1.10666,1.00,3.19
2018.05.17 09:19:12.968,1.10662,1.10665,4.95,1.25
2018.05.17 09:19:14.091,1.10662,1.10665,3.82,1.25
2018.05.17 09:19:14.602,1.10662,1.10665,3.37,2.44
2018.05.17 09:19:15.122,1.1066,1.10663,4.50,1.69
2018.05.17 09:19:15.650,1.1066,1.10663,3.37,1.69
2018.05.17 09:19:17.528,1.10661,1.10663,1.00,1.25
2018.05.17 09:19:17.841,1.10663,1.10665,1.12,1.00
2018.05.17 09:19:18.962,1.10663,1.10666,2.25,2.06
2018.05.17 09:19:19.397,1.10666,1.10667,1.00,1.00
2018.05.17 09:19:19.909,1.10666,1.10668,1.12,1.25
2018.05.17 09:19:30.423,1.10667,1.10668,1.00,1.00
2018.05.17 09:19:30.938,1.10667,1.10669,1.37,1.25
2018.05.17 09:19:31.466,1.10667,1.10669,1.50,1.25
2018.05.17 09:19:31.995,1.10668,1.1067,1.00,1.19
2018.05.17 09:19:32.101,1.10669,1.10671,1.00,1.69
2018.05.17 09:19:33.109,1.10669,1.10671,1.00,1.31
2018.05.17 09:19:33.765,1.10667,1.1067,4.95,1.25
2018.05.17 09:19:34.345,1.10668,1.10671,1.00,2.81
2018.05.17 09:19:35.256,1.10669,1.10671,1.00,1.12
2018.05.17 09:19:37.952,1.10668,1.1067,1.20,1.00
2018.05.17 09:19:38.481,1.10668,1.10671,1.50,2.06
2018.05.17 09:19:41.406,1.10668,1.10671,1.00,2.81
2018.05.17 09:19:41.909,1.10667,1.1067,2.32,1.25
2018.05.17 09:19:42.835,1.10668,1.10671,1.00,2.81
2018.05.17 09:19:43.720,1.10668,1.10671,1.00,1.31
2018.05.17 09:19:44.242,1.10669,1.10672,1.50,1.69
2018.05.17 09:19:44.762,1.10669,1.10672,1.50,1.69
2018.05.17 09:19:51.039,1.10669,1.10672,1.50,2.44
2018.05.17 09:19:52.853,1.10669,1.10671,1.12,1.69
2018.05.17 09:19:53.549,1.10669,1.10671,1.12,1.25
2018.05.17 09:19:55.245,1.10667,1.10669,1.12,1.00
2018.05.17 09:19:55.856,1.10667,1.1067,1.00,2.81
2018.05.17 09:19:56.548,1.10667,1.1067,1.00,3.56
2018.05.17 09:19:57.596,1.10666,1.10669,3.45,1.25
2018.05.17 09:19:58.274,1.10667,1.1067,1.00,4.31
2018.05.17 09:19:58.803,1.10667,1.1067,1.00,2.81
2018.05.17 09:19:59.319,1.10666,1.10669,3.45,1.25
2018.05.17 09:20:00.381,1.10667,1.1067,1.00,3.56
2018.05.17 09:20:00.910,1.10666,1.10669,3.82,1.25
2018.05.17 09:20:01.449,1.10667,1.1067,1.00,3.56
2018.05.17 09:20:01.999,1.10667,1.1067,1.00,2.81
2018.05.17 09:20:02.698,1.10667,1.1067,1.00,3.56
2018.05.17 09:20:04.369,1.10669,1.1067,1.00,1.87
2018.05.17 09:20:04.874,1.10668,1.10671,1.00,5.14
2018.05.17 09:20:05.894,1.10668,1.10671,1.00,3.64
2018.05.17 09:20:06.937,1.10668,1.10671,1.00,4.39
2018.05.17 09:20:10.420,1.10669,1.10671,1.00,2.14
2018.05.17 09:20:11.310,1.10668,1.10671,1.00,3.64
2018.05.17 09:20:12.384,1.10669,1.10671,1.00,2.81
2018.05.17 09:20:14.955,1.1067,1.10672,1.00,7.20
2018.05.17 09:20:15.062,1.10671,1.10673,1.00,2.25
2018.05.17 09:20:15.640,1.1067,1.10673,1.50,2.06
2018.05.17 09:20:15.850,1.1067,1.10672,1.00,3.19
2018.05.17 09:20:16.361,1.10669,1.10671,1.12,1.31
2018.05.17 09:20:16.903,1.10669,1.10671,1.00,1.25
2018.05.17 09:20:17.416,1.10668,1.1067,1.00,1.19
2018.05.17 09:20:17.639,1.10669,1.10671,1.00,2.14
2018.05.17 09:20:18.146,1.10668,1.1067,1.00,1.19
2018.05.17 09:20:18.683,1.10667,1.1067,1.87,2.51
2018.05.17 09:20:19.974,1.10667,1.1067,1.00,2.89
2018.05.17 09:20:20.526,1.10668,1.1067,1.00,1.31
2018.05.17 09:20:20.837,1.1067,1.10672,1.00,1.20
2018.05.17 09:20:24.443,1.1067,1.10672,1.00,1.20
2018.05.17 09:20:24.811,1.10672,1.10674,1.00,1.00
2018.05.17 09:20:25.337,1.10672,1.10674,1.00,2.14
2018.05.17 09:20:25.856,1.10671,1.10673,1.00,1.19
2018.05.17 09:20:31.000,1.1067,1.10672,1.50,1.69
2018.05.17 09:20:31.053,1.10669,1.10671,1.87,1.31
2018.05.17 09:20:31.160,1.10668,1.10669,1.00,1.00
2018.05.17 09:20:31.212,1.10667,1.10669,1.57,1.69
2018.05.17 09:20:31.729,1.10666,1.10669,2.25,1.69
2018.05.17 09:20:38.022,1.10667,1.1067,1.00,4.76
2018.05.17 09:20:38.555,1.10668,1.1067,2.25,1.12
2018.05.17 09:20:40.071,1.10668,1.1067,2.25,1.31
2018.05.17 09:20:40.595,1.10668,1.1067,1.37,1.12
2018.05.17 09:20:41.105,1.10668,1.1067,1.00,1.25
2018.05.17 09:20:42.150,1.10667,1.10669,1.87,1.00
2018.05.17 09:20:48.092,1.10668,1.1067,1.00,1.01
2018.05.17 09:20:48.598,1.10669,1.1067,1.12,1.00
2018.05.17 09:20:50.168,1.10669,1.10671,1.12,1.25
2018.05.17 09:20:50.693,1.1067,1.10671,1.00,1.00
2018.05.17 09:20:51.283,1.1067,1.10672,1.12,1.00
2018.05.17 09:20:51.607,1.10672,1.10673,1.00,1.00
2018.05.17 09:20:53.216,1.10671,1.10673,1.87,1.00
2018.05.17 09:20:53.578,1.10675,1.10676,1.00,1.50
2018.05.17 09:20:53.757,1.10676,1.10677,1.00,1.00
2018.05.17 09:20:53.811,1.10674,1.10675,1.00,1.00
2018.05.17 09:20:54.123,1.10672,1.10675,3.37,1.50
2018.05.17 09:20:54.665,1.10671,1.10674,1.12,1.69
2018.05.17 09:20:55.434,1.1067,1.10671,1.87,2.66
2018.05.17 09:20:55.783,1.10671,1.10673,1.12,1.00
2018.05.17 09:20:56.454,1.10672,1.10673,1.00,1.00
2018.05.17 09:20:56.993,1.10671,1.10674,2.25,1.69
2018.05.17 09:21:04.180,1.10672,1.10674,1.00,1.00
2018.05.17 09:21:14.544,1.10673,1.10675,3.00,1.57
2018.05.17 09:21:14.598,1.10674,1.10675,4.87,1.00
2018.05.17 09:21:14.738,1.10676,1.10679,1.00,3.26
2018.05.17 09:21:14.997,1.10677,1.1068,1.12,1.20
2018.05.17 09:21:15.506,1.10678,1.10681,1.00,3.26
2018.05.17 09:21:16.055,1.10677,1.1068,3.00,1.00
2018.05.17 09:21:16.629,1.10678,1.10681,1.00,2.89
2018.05.17 09:21:17.172,1.10677,1.1068,2.25,1.00
2018.05.17 09:21:17.480,1.10676,1.10679,2.25,1.69
2018.05.17 09:21:19.646,1.10676,1.10679,1.00,3.19
2018.05.17 09:21:20.013,1.10673,1.10676,1.50,1.69
2018.05.17 09:21:20.543,1.10673,1.10676,1.12,2.06
2018.05.17 09:21:21.867,1.10673,1.10676,1.12,2.06
2018.05.17 09:21:21.926,1.10675,1.10676,1.00,1.00
2018.05.17 09:21:22.321,1.10673,1.10676,1.50,1.25
2018.05.17 09:21:22.844,1.10674,1.10677,1.00,4.01
2018.05.17 09:21:23.391,1.10673,1.10676,1.12,1.69
2018.05.17 09:21:23.958,1.10673,1.10676,1.00,2.06
2018.05.17 09:21:24.566,1.10673,1.10676,1.00,2.06
2018.05.17 09:21:25.636,1.10673,1.10676,1.00,2.14
2018.05.17 09:21:26.569,1.10673,1.10676,1.50,2.06
2018.05.17 09:21:27.110,1.10674,1.10676,1.00,1.31
2018.05.17 09:21:27.642,1.10673,1.10676,1.50,2.06
2018.05.17 09:21:28.170,1.10674,1.10676,1.00,1.31
2018.05.17 09:21:28.791,1.10674,1.10676,1.00,1.31
2018.05.17 09:21:29.319,1.10674,1.10676,1.00,1.31
2018.05.17 09:21:29.870,1.10674,1.10676,1.00,1.31
2018.05.17 09:21:30.592,1.10674,1.10676,1.00,1.31
2018.05.17 09:21:32.279,1.10673,1.10676,1.00,3.56
2018.05.17 09:21:32.838,1.10672,1.10675,1.00,2.81
2018.05.17 09:21:33.746,1.10672,1.10675,1.00,3.56
2018.05.17 09:21:34.683,1.10673,1.10675,1.00,1.12
2018.05.17 09:21:37.930,1.10673,1.10676,1.00,1.31
2018.05.17 09:21:38.437,1.10674,1.10676,1.00,1.31
2018.05.17 09:21:39.859,1.10673,1.10676,1.00,2.06
2018.05.17 09:21:40.384,1.10673,1.10676,1.00,2.06
2018.05.17 09:21:40.935,1.10673,1.10676,1.00,2.06
2018.05.17 09:21:41.877,1.10674,1.10676,1.00,1.31
2018.05.17 09:21:42.410,1.10674,1.10677,1.69,1.25
2018.05.17 09:21:48.639,1.10675,1.10677,1.00,1.00
2018.05.17 09:21:49.155,1.10674,1.10677,1.00,1.69
2018.05.17 09:21:55.098,1.10673,1.10676,3.00,1.00
2018.05.17 09:22:00.994,1.10673,1.10676,1.50,2.81
2018.05.17 09:22:01.046,1.10672,1.10673,1.20,1.00
2018.05.17 09:22:01.253,1.10668,1.10671,2.70,1.69
2018.05.17 09:22:04.531,1.1067,1.10671,1.25,1.00
2018.05.17 09:22:04.635,1.1067,1.10673,1.50,2.89
2018.05.17 09:22:05.147,1.10669,1.10672,1.00,2.81
2018.05.17 09:22:07.805,1.10669,1.10671,1.00,1.00
2018.05.17 09:22:10.875,1.1067,1.10671,1.00,1.00
2018.05.17 09:22:11.030,1.1067,1.10673,1.00,1.95
2018.05.17 09:22:11.577,1.10671,1.10674,1.00,3.26
2018.05.17 09:22:12.548,1.1067,1.10673,1.50,2.14
2018.05.17 09:22:13.070,1.10671,1.10672,1.00,1.00
2018.05.17 09:22:13.647,1.10671,1.10673,1.00,1.25
2018.05.17 09:22:13.805,1.10673,1.10674,1.00,1.00
2018.05.17 09:22:14.013,1.10673,1.10676,1.00,2.51
2018.05.17 09:22:19.850,1.10674,1.10676,1.69,1.00
2018.05.17 09:22:20.472,1.10673,1.10676,2.62,1.69
2018.05.17 09:22:21.585,1.10673,1.10676,1.87,1.69
2018.05.17 09:22:21.921,1.10671,1.10674,1.00,3.94
2018.05.17 09:22:22.381,1.1067,1.10672,1.50,1.00
2018.05.17 09:22:24.132,1.10669,1.10671,2.62,1.25
2018.05.17 09:22:24.667,1.1067,1.10672,1.00,1.31
2018.05.17 09:22:28.247,1.1067,1.10673,1.00,2.14
2018.05.17 09:22:29.493,1.10671,1.10673,1.00,1.31
2018.05.17 09:22:30.226,1.10671,1.10673,1.00,1.31
2018.05.17 09:22:30.767,1.1067,1.10672,1.00,1.25
2018.05.17 09:22:31.803,1.10669,1.10671,1.12,1.19
2018.05.17 09:22:32.320,1.10668,1.1067,1.00,1.69
2018.05.17 09:22:32.647,1.10669,1.10671,1.00,2.14
2018.05.17 09:22:33.149,1.1067,1.10671,1.00,1.31
2018.05.17 09:22:34.139,1.1067,1.10672,1.00,2.14
2018.05.17 09:22:34.605,1.10671,1.10673,1.00,1.31
2018.05.17 09:22:35.110,1.10671,1.10673,1.00,1.31
2018.05.17 09:22:35.656,1.1067,1.10673,1.50,2.06
2018.05.17 09:22:36.249,1.10671,1.10673,1.00,1.31
2018.05.17 09:22:36.767,1.10669,1.10672,1.57,2.44
2018.05.17 09:22:37.269,1.10668,1.10671,1.00,2.06
2018.05.17 09:22:38.663,1.10669,1.10671,1.00,1.31
2018.05.17 09:22:40.434,1.10669,1.10671,1.00,1.31
2018.05.17 09:22:40.950,1.10669,1.10671,1.00,1.31
2018.05.17 09:22:43.116,1.10668,1.10671,1.00,2.06
2018.05.17 09:22:45.153,1.1067,1.10672,1.00,2.14
2018.05.17 09:22:45.683,1.10671,1.10672,1.00,1.12
2018.05.17 09:22:47.029,1.10671,1.10673,1.12,1.10
2018.05.17 09:22:47.242,1.10672,1.10675,1.00,1.39
2018.05.17 09:22:48.024,1.10672,1.10675,1.00,5.14
2018.05.17 09:22:48.537,1.10671,1.10674,3.00,1.25
2018.05.17 09:22:49.077,1.10672,1.10675,1.12,1.76
2018.05.17 09:22:51.262,1.10672,1.10675,1.12,1.69
2018.05.17 09:22:51.925,1.10673,1.10675,1.00,1.00
2018.05.17 09:22:53.163,1.10671,1.10673,5.70,1.00
2018.05.17 09:22:53.267,1.1067,1.10673,1.00,6.26
2018.05.17 09:22:53.424,1.10671,1.10674,1.00,1.69
2018.05.17 09:22:53.979,1.10672,1.10674,1.50,1.00
2018.05.17 09:22:54.546,1.10672,1.10675,1.87,2.89
2018.05.17 09:22:55.735,1.10673,1.10676,1.00,2.89
2018.05.17 09:22:58.369,1.10673,1.10676,1.00,2.81
2018.05.17 09:22:58.892,1.10672,1.10675,3.00,1.69
2018.05.17 09:22:59.406,1.10673,1.10675,1.50,1.00
2018.05.17 09:22:59.931,1.10673,1.10676,1.00,2.81
2018.05.17 09:23:00.455,1.10672,1.10675,3.07,1.25
2018.05.17 09:23:01.596,1.10672,1.10675,1.50,3.04
2018.05.17 09:23:02.116,1.10672,1.10673,1.00,1.31
2018.05.17 09:23:03.923,1.10672,1.10674,1.00,1.10
2018.05.17 09:23:04.431,1.10673,1.10676,1.00,4.01
2018.05.17 09:23:05.735,1.10674,1.10676,1.00,1.31
2018.05.17 09:23:11.001,1.10673,1.10675,1.00,1.19
2018.05.17 09:23:12.735,1.10673,1.10675,1.00,1.25
2018.05.17 09:23:13.257,1.10674,1.10677,1.00,2.25
2018.05.17 09:23:13.310,1.10676,1.10677,1.00,1.12
2018.05.17 09:23:13.835,1.10675,1.10677,1.00,1.12
2018.05.17 09:23:15.555,1.10676,1.10678,1.00,5.81
2018.05.17 09:23:16.077,1.10677,1.10679,1.00,1.12
2018.05.17 09:23:16.598,1.10678,1.10679,1.00,1.00
2018.05.17 09:23:17.019,1.10679,1.10681,1.00,2.14
2018.05.17 09:23:17.536,1.10678,1.10681,1.00,6.19
2018.05.17 09:23:20.048,1.10678,1.10681,1.00,3.94
2018.05.17 09:23:20.155,1.1068,1.10681,1.00,1.50
2018.05.17 09:23:20.314,1.1068,1.10683,1.31,3.07
2018.05.17 09:23:20.829,1.10681,1.10683,1.00,1.00
2018.05.17 09:23:21.371,1.1068,1.10683,1.12,1.50
2018.05.17 09:23:21.895,1.1068,1.10682,1.12,1.00
2018.05.17 09:23:23.259,1.10678,1.10681,4.39,1.00
2018.05.17 09:23:23.363,1.10678,1.10681,1.20,4.31
2018.05.17 09:23:26.674,1.10679,1.1068,1.00,1.25
2018.05.17 09:23:27.359,1.10678,1.1068,1.00,1.19
2018.05.17 09:23:31.354,1.10677,1.10678,1.50,1.00
2018.05.17 09:23:31.888,1.10678,1.1068,1.00,3.56
2018.05.17 09:23:32.617,1.10677,1.10679,1.00,1.25
2018.05.17 09:23:33.166,1.10678,1.10679,1.00,1.25
2018.05.17 09:23:36.693,1.10677,1.10679,1.00,1.69
2018.05.17 09:23:41.492,1.10677,1.10679,1.00,2.44
2018.05.17 09:23:44.591,1.10676,1.10678,1.00,1.69
2018.05.17 09:23:45.117,1.10675,1.10677,1.00,1.31
2018.05.17 09:23:45.531,1.10673,1.10676,1.00,3.37
2018.05.17 09:23:46.080,1.10674,1.10676,1.00,1.31
2018.05.17 09:23:52.936,1.10673,1.10676,1.00,5.44
2018.05.17 09:23:53.453,1.10673,1.10676,1.00,6.26
2018.05.17 09:24:02.790,1.10672,1.10675,2.25,2.81
2018.05.17 09:24:05.055,1.10672,1.10674,1.00,1.69
2018.05.17 09:24:09.348,1.10671,1.10674,1.87,4.01
2018.05.17 09:24:09.897,1.1067,1.10672,1.00,1.00
2018.05.17 09:24:10.424,1.10671,1.10673,1.00,3.64
2018.05.17 09:24:11.971,1.10671,1.10673,1.00,2.06
2018.05.17 09:24:13.927,1.10671,1.10673,1.00,1.19
2018.05.17 09:24:14.444,1.10671,1.10673,1.00,2.81
2018.05.17 09:24:15.068,1.10672,1.10673,1.00,2.81
2018.05.17 09:24:15.914,1.10671,1.10673,1.00,2.06
2018.05.17 09:24:16.461,1.10672,1.10673,1.00,1.25
2018.05.17 09:24:18.795,1.10672,1.10675,1.00,5.89
2018.05.17 09:24:21.609,1.10673,1.10674,1.00,1.31
2018.05.17 09:24:23.184,1.10671,1.10674,4.57,1.25
2018.05.17 09:24:32.601,1.10673,1.10674,1.00,1.25
2018.05.17 09:24:42.645,1.10672,1.10674,1.20,1.25
2018.05.17 09:24:43.013,1.1067,1.10673,1.10,3.56
2018.05.17 09:24:43.546,1.1067,1.10672,1.00,1.00
2018.05.17 09:24:44.626,1.1067,1.10673,1.69,1.87
2018.05.17 09:24:52.851,1.10669,1.10671,1.10,1.00
2018.05.17 09:24:52.955,1.10667,1.10669,2.14,1.87
2018.05.17 09:24:57.697,1.10667,1.1067,1.69,2.62
2018.05.17 09:24:57.752,1.10669,1.1067,1.00,1.00
2018.05.17 09:24:57.907,1.10669,1.10672,1.12,1.31
2018.05.17 09:24:59.256,1.10669,1.10672,2.51,1.00
2018.05.17 09:25:00.033,1.10669,1.10672,2.14,1.00
2018.05.17 09:25:00.605,1.1067,1.10673,1.00,2.81
2018.05.17 09:25:01.129,1.1067,1.10673,2.44,1.12
2018.05.17 09:25:01.630,1.10671,1.10674,2.51,1.87
2018.05.17 09:25:02.201,1.10672,1.10675,1.00,3.94
2018.05.17 09:25:02.729,1.10671,1.10674,3.26,1.12
2018.05.17 09:25:22.451,1.10672,1.10675,1.25,3.75
2018.05.17 09:25:22.606,1.10674,1.10676,1.25,1.10
2018.05.17 09:25:23.135,1.10674,1.10677,1.31,1.50
2018.05.17 09:25:24.055,1.10673,1.10676,3.26,1.00
2018.05.17 09:25:24.206,1.10672,1.10675,2.14,1.00
2018.05.17 09:25:24.761,1.10673,1.10676,1.25,2.25
2018.05.17 09:25:25.273,1.10672,1.10675,2.32,1.00
2018.05.17 09:25:26.019,1.10673,1.10676,1.00,3.00
2018.05.17 09:25:33.039,1.10677,1.10678,1.25,2.32
2018.05.17 09:25:33.314,1.10677,1.1068,4.95,1.00
2018.05.17 09:25:33.881,1.10677,1.1068,4.76,1.00
2018.05.17 09:25:34.490,1.10677,1.1068,4.76,1.00
2018.05.17 09:25:35.232,1.10677,1.1068,5.14,1.00
2018.05.17 09:25:38.043,1.10678,1.10681,1.25,1.87
2018.05.17 09:25:38.913,1.10679,1.10681,1.00,1.12
2018.05.17 09:25:41.096,1.10679,1.10682,1.39,1.12
2018.05.17 09:25:44.105,1.1068,1.10683,1.00,3.00
2018.05.17 09:25:44.625,1.10681,1.10684,1.00,3.19
2018.05.17 09:25:48.171,1.1068,1.10683,4.39,1.12
2018.05.17 09:25:49.459,1.10681,1.10684,1.00,2.44
2018.05.17 09:25:49.978,1.10682,1.10684,1.00,1.00
2018.05.17 09:25:51.079,1.10683,1.10686,1.00,4.20
2018.05.17 09:25:52.661,1.10682,1.10685,3.45,1.19
2018.05.17 09:25:53.180,1.10682,1.10685,4.95,1.00
2018.05.17 09:25:53.718,1.10683,1.10686,1.10,2.06
2018.05.17 09:25:56.312,1.10684,1.10687,1.00,2.81
2018.05.17 09:26:00.915,1.10684,1.10687,1.00,3.19
2018.05.17 09:26:04.642,1.10683,1.10686,2.32,1.12
2018.05.17 09:26:05.159,1.10684,1.10686,1.00,1.12
2018.05.17 09:26:08.275,1.10683,1.10686,1.57,1.87
2018.05.17 09:26:08.796,1.10682,1.10685,2.70,1.31
2018.05.17 09:26:10.777,1.10682,1.10685,3.26,1.12
2018.05.17 09:26:13.614,1.10683,1.10686,2.14,1.12
2018.05.17 09:26:14.502,1.10684,1.10687,1.25,3.00
2018.05.17 09:26:14.711,1.10686,1.10689,1.87,2.81
2018.05.17 09:26:15.139,1.10687,1.1069,2.70,1.31
2018.05.17 09:26:15.245,1.10686,1.10688,1.57,1.00
2018.05.17 09:26:15.767,1.10686,1.10689,1.76,1.50
2018.05.17 09:26:16.484,1.10685,1.10688,6.64,1.00
2018.05.17 09:26:17.033,1.10686,1.10689,1.31,1.50
2018.05.17 09:26:18.784,1.10687,1.10689,1.00,1.00
2018.05.17 09:26:19.307,1.10687,1.1069,3.07,1.12
2018.05.17 09:26:20.033,1.10688,1.10691,1.00,3.94
2018.05.17 09:26:20.569,1.10689,1.10691,1.12,1.12
2018.05.17 09:26:22.069,1.1069,1.10692,1.00,1.50
2018.05.17 09:26:22.490,1.10691,1.10693,1.00,2.62
2018.05.17 09:26:22.999,1.1069,1.10693,1.50,1.50
2018.05.17 09:26:23.414,1.10692,1.10693,1.00,1.00
2018.05.17 09:26:23.927,1.10692,1.10695,1.00,3.19
2018.05.17 09:26:24.726,1.10691,1.10695,2.70,3.19
2018.05.17 09:26:25.859,1.10692,1.10695,1.00,3.19
2018.05.17 09:26:26.202,1.10695,1.10698,1.00,4.69
2018.05.17 09:26:27.860,1.10695,1.10698,1.12,1.12
2018.05.17 09:26:28.188,1.10698,1.10699,1.50,1.69
2018.05.17 09:26:28.344,1.10695,1.10697,1.57,4.12
2018.05.17 09:26:29.706,1.10694,1.10697,1.20,5.06
2018.05.17 09:26:30.452,1.10695,1.10697,1.00,4.31
2018.05.17 09:26:31.158,1.10696,1.10697,1.00,4.12
2018.05.17 09:26:33.376,1.10697,1.10699,1.00,2.70
2018.05.17 09:26:33.594,1.10701,1.10703,1.00,1.50
2018.05.17 09:26:35.367,1.107,1.10704,1.57,5.06
2018.05.17 09:26:35.471,1.10699,1.10702,2.32,1.69
2018.05.17 09:26:35.982,1.107,1.10702,1.00,1.69
2018.05.17 09:26:36.493,1.10699,1.10702,1.50,2.44
2018.05.17 09:26:37.012,1.10698,1.10701,3.26,1.12
2018.05.17 09:26:38.755,1.10697,1.107,5.89,1.00
2018.05.17 09:26:39.215,1.10697,1.10699,1.00,1.69
2018.05.17 09:26:39.531,1.10695,1.10698,1.00,3.94
2018.05.17 09:26:40.052,1.10694,1.10697,1.25,2.25
2018.05.17 09:26:40.478,1.10693,1.10694,1.00,1.00
2018.05.17 09:26:40.636,1.10691,1.10694,2.51,1.00
2018.05.17 09:26:41.161,1.1069,1.10693,2.14,1.00
2018.05.17 09:26:41.865,1.1069,1.10692,1.00,1.00
2018.05.17 09:26:42.789,1.10689,1.10692,2.81,1.50
2018.05.17 09:26:43.334,1.1069,1.10693,1.00,2.81
2018.05.17 09:26:43.849,1.1069,1.10693,2.44,1.87
2018.05.17 09:26:44.222,1.10693,1.10694,1.00,1.57
2018.05.17 09:26:44.274,1.10694,1.10696,1.00,6.07
2018.05.17 09:26:45.175,1.10694,1.10697,1.00,2.06
2018.05.17 09:26:46.756,1.10695,1.10698,1.50,1.87
2018.05.17 09:26:52.473,1.10695,1.10697,1.00,1.00
2018.05.17 09:26:53.010,1.10695,1.10698,1.00,1.95
2018.05.17 09:26:54.459,1.10694,1.10697,6.82,2.25
2018.05.17 09:26:55.301,1.10695,1.10698,1.00,3.07
2018.05.17 09:26:55.839,1.10695,1.10698,1.50,1.95
2018.05.17 09:27:00.779,1.10695,1.10697,1.00,1.00
2018.05.17 09:27:00.942,1.10693,1.10696,2.62,1.12
2018.05.17 09:27:01.332,1.10693,1.10694,1.00,1.00
2018.05.17 09:27:01.852,1.10692,1.10695,2.81,1.12
2018.05.17 09:27:03.560,1.10692,1.10694,1.12,1.00
2018.05.17 09:27:04.105,1.10691,1.10694,4.31,1.50
2018.05.17 09:27:05.211,1.1069,1.10692,1.25,1.00
2018.05.17 09:27:05.852,1.10689,1.10692,1.00,3.07
2018.05.17 09:27:10.361,1.1069,1.10692,1.00,1.00
2018.05.17 09:27:10.904,1.1069,1.10693,1.87,1.50
2018.05.17 09:27:11.428,1.10692,1.10694,2.06,1.00
2018.05.17 09:27:11.945,1.10693,1.10696,1.00,2.25
2018.05.17 09:27:12.468,1.10692,1.10695,1.50,1.12
2018.05.17 09:27:12.899,1.10692,1.10693,1.00,1.25
2018.05.17 09:27:13.414,1.10691,1.10693,1.12,1.25
2018.05.17 09:27:14.612,1.1069,1.10693,2.62,1.00
2018.05.17 09:27:15.122,1.10689,1.10692,3.37,1.50
2018.05.17 09:27:15.717,1.10689,1.10692,2.62,1.12
2018.05.17 09:27:35.470,1.10689,1.10691,1.00,1.00
2018.05.17 09:27:35.771,1.10686,1.10688,2.25,1.00
2018.05.17 09:27:42.953,1.10687,1.10689,2.44,1.00
2018.05.17 09:27:43.472,1.10688,1.1069,3.00,1.00
2018.05.17 09:27:43.746,1.10687,1.10688,1.12,1.25
2018.05.17 09:27:43.850,1.10687,1.1069,1.87,2.51
2018.05.17 09:27:44.390,1.10686,1.10689,3.75,1.01
2018.05.17 09:27:44.931,1.10686,1.10688,2.25,2.44
2018.05.17 09:27:45.037,1.10683,1.10685,2.25,1.25
2018.05.17 09:27:45.252,1.10682,1.10684,1.00,1.69
2018.05.17 09:27:45.385,1.10681,1.10684,3.64,1.00
2018.05.17 09:27:45.595,1.10683,1.10686,1.00,4.01
2018.05.17 09:27:46.519,1.10683,1.10686,1.25,2.62
2018.05.17 09:27:48.660,1.10683,1.10685,2.25,1.69
2018.05.17 09:27:49.071,1.10681,1.10684,1.00,2.14
2018.05.17 09:27:49.650,1.10681,1.10683,1.00,1.00
2018.05.17 09:27:50.348,1.1068,1.10682,2.44,1.00
2018.05.17 09:27:50.920,1.10679,1.10682,3.07,1.25
2018.05.17 09:27:52.977,1.10679,1.10681,2.70,1.00
2018.05.17 09:27:53.132,1.10678,1.10679,1.57,1.00
2018.05.17 09:27:53.236,1.10675,1.10678,1.10,5.14
2018.05.17 09:27:53.776,1.10676,1.10679,3.75,1.31
2018.05.17 09:27:54.090,1.10678,1.1068,1.00,1.12
2018.05.17 09:27:54.779,1.10678,1.10681,1.50,1.12
2018.05.17 09:27:55.285,1.10678,1.1068,1.00,1.00
2018.05.17 09:27:55.546,1.10679,1.10682,1.00,2.14
2018.05.17 09:27:56.047,1.10679,1.10681,1.00,1.00
2018.05.17 09:27:56.618,1.10679,1.10682,1.50,1.39
2018.05.17 09:27:59.282,1.1068,1.10682,1.00,1.12
2018.05.17 09:27:59.388,1.10681,1.10684,1.12,2.89
2018.05.17 09:28:01.580,1.10682,1.10684,1.87,1.25
2018.05.17 09:28:09.127,1.10681,1.10683,1.87,1.00
2018.05.17 09:28:09.667,1.10681,1.10684,2.62,2.44
2018.05.17 09:28:13.531,1.10682,1.10685,1.50,2.25
2018.05.17 09:28:13.684,1.10684,1.10686,2.06,3.82
2018.05.17 09:28:13.895,1.10685,1.10688,1.00,4.76
2018.05.17 09:28:14.432,1.10684,1.10687,1.00,3.26
2018.05.17 09:28:14.952,1.10683,1.10686,3.00,1.00
2018.05.17 09:28:16.038,1.10684,1.10687,1.00,2.44
2018.05.17 09:28:18.294,1.10683,1.10686,2.44,1.00
2018.05.17 09:28:19.374,1.10684,1.10687,1.00,1.95
2018.05.17 09:28:19.586,1.10682,1.10685,1.20,1.19
2018.05.17 09:28:22.174,1.1068,1.10683,7.01,1.00
2018.05.17 09:28:22.694,1.1068,1.10682,2.81,1.00
2018.05.17 09:28:23.820,1.10681,1.10682,1.00,1.00
2018.05.17 09:28:23.929,1.10688,1.1069,1.50,1.00
2018.05.17 09:28:24.453,1.10687,1.10689,3.82,1.00
2018.05.17 09:28:24.659,1.10688,1.10691,2.25,4.31
2018.05.17 09:28:24.711,1.10688,1.10689,1.50,1.00
2018.05.17 09:28:24.823,1.10685,1.10688,2.06,1.12
2018.05.17 09:28:26.134,1.10684,1.10687,5.89,1.00
2018.05.17 09:28:28.568,1.10685,1.10688,1.12,1.00
2018.05.17 09:28:28.728,1.10684,1.10687,1.10,3.56
2018.05.17 09:28:28.992,1.10682,1.10685,2.25,1.00
2018.05.17 09:28:29.686,1.10681,1.10684,3.07,1.00
2018.05.17 09:28:30.205,1.10682,1.10685,1.12,2.51
2018.05.17 09:28:30.717,1.10681,1.10684,2.25,1.00
2018.05.17 09:28:31.208,1.10679,1.10682,2.14,1.00
2018.05.17 09:28:31.750,1.10679,1.10682,1.12,4.39
2018.05.17 09:28:36.913,1.10678,1.1068,4.24,1.00
2018.05.17 09:28:39.323,1.10678,1.10681,4.24,1.00
2018.05.17 09:28:41.761,1.10678,1.10679,2.47,1.00
2018.05.17 09:28:42.307,1.10677,1.10679,1.00,1.00
2018.05.17 09:28:44.786,1.10677,1.10679,3.07,1.00
2018.05.17 09:28:45.617,1.10677,1.1068,3.82,1.25
2018.05.17 09:28:55.499,1.10678,1.10681,1.31,1.00
2018.05.17 09:28:55.814,1.10681,1.10684,2.51,1.00
2018.05.17 09:28:56.455,1.10681,1.10683,1.20,1.00
2018.05.17 09:28:58.442,1.1068,1.10683,1.12,1.00
2018.05.17 09:28:58.981,1.10679,1.10682,2.06,1.00
2018.05.17 09:29:01.486,1.10679,1.10682,1.39,1.50
2018.05.17 09:29:01.591,1.10681,1.10684,1.31,2.25
2018.05.17 09:29:02.128,1.10682,1.10684,1.00,1.00
2018.05.17 09:29:02.487,1.1068,1.10682,2.32,1.00
2018.05.17 09:29:02.737,1.10679,1.10682,1.95,1.50
2018.05.17 09:29:03.510,1.10681,1.10683,1.00,1.57
2018.05.17 09:29:04.017,1.1068,1.10681,1.20,1.00
2018.05.17 09:29:04.537,1.10679,1.10682,2.44,1.50
2018.05.17 09:29:04.981,1.10681,1.10683,1.00,1.57
2018.05.17 09:29:05.617,1.1068,1.10683,3.26,1.50
2018.05.17 09:29:06.153,1.10679,1.10682,2.32,1.50
2018.05.17 09:29:06.717,1.10681,1.10682,1.00,1.00
2018.05.17 09:29:06.772,1.10682,1.10685,1.00,3.07
2018.05.17 09:29:07.277,1.10681,1.10684,1.87,1.50
2018.05.17 09:29:07.804,1.10681,1.10683,1.12,1.00
2018.05.17 09:29:08.476,1.10681,1.10684,1.12,1.50
2018.05.17 09:29:10.897,1.10682,1.10684,1.00,1.00
2018.05.17 09:29:11.407,1.10682,1.10685,3.07,1.00
2018.05.17 09:29:11.931,1.10683,1.10686,1.00,1.87
2018.05.17 09:29:16.034,1.10682,1.10685,2.70,1.00
2018.05.17 09:29:16.195,1.1068,1.10682,1.05,1.00
2018.05.17 09:29:16.720,1.10678,1.10681,3.64,1.50
2018.05.17 09:29:17.526,1.10679,1.10682,1.12,1.50
2018.05.17 09:29:18.382,1.1068,1.10683,1.00,4.20
2018.05.17 09:29:25.041,1.10679,1.10682,2.32,1.50
2018.05.17 09:29:25.414,1.10678,1.1068,2.89,1.00
2018.05.17 09:29:25.934,1.10678,1.10681,3.19,1.50
2018.05.17 09:29:26.578,1.10679,1.10682,1.25,1.50
2018.05.17 09:29:27.101,1.10678,1.10681,2.06,1.00
2018.05.17 09:29:28.109,1.10678,1.1068,2.44,1.00
2018.05.17 09:29:28.662,1.10677,1.10679,1.76,1.00
2018.05.17 09:29:28.820,1.10676,1.10679,2.51,1.00
2018.05.17 09:29:30.423,1.10676,1.10679,3.56,1.00
2018.05.17 09:29:30.937,1.10677,1.1068,2.14,2.25
2018.05.17 09:29:34.243,1.10678,1.1068,1.00,1.00
2018.05.17 09:29:34.768,1.10678,1.10681,2.06,1.12
2018.05.17 09:29:35.302,1.10678,1.1068,1.25,1.00
2018.05.17 09:29:36.972,1.10677,1.1068,2.44,1.50
2018.05.17 09:29:45.109,1.10679,1.10682,1.00,3.82
2018.05.17 09:29:45.630,1.10678,1.10681,1.87,1.50
2018.05.17 09:29:48.431,1.10678,1.1068,1.87,1.00
2018.05.17 09:29:50.293,1.10678,1.10681,1.50,2.25
2018.05.17 09:29:50.841,1.10678,1.1068,1.50,1.00
2018.05.17 09:29:54.039,1.10677,1.1068,1.87,1.50
2018.05.17 09:29:57.440,1.10678,1.10681,1.00,1.50
2018.05.17 09:29:58.507,1.10678,1.1068,1.50,1.00
2018.05.17 09:30:01.024,1.10677,1.1068,1.50,1.87
2018.05.17 09:30:01.550,1.10677,1.10679,1.00,1.25
2018.05.17 09:30:02.051,1.10676,1.10678,1.00,1.00
2018.05.17 09:30:02.642,1.10675,1.10678,1.00,2.81
2018.05.17 09:30:03.293,1.10675,1.10677,1.00,1.00
2018.05.17 09:30:09.228,1.10676,1.10678,1.00,1.25
2018.05.17 09:30:10.650,1.10675,1.10677,1.87,1.00
2018.05.17 09:30:14.333,1.10676,1.10677,1.00,1.00
2018.05.17 09:30:14.853,1.10675,1.10677,1.00,1.00
2018.05.17 09:30:15.370,1.10676,1.10678,1.00,6.45
2018.05.17 09:30:15.893,1.10675,1.10678,1.25,6.45
2018.05.17 09:30:19.058,1.10674,1.10677,3.64,1.00
2018.05.17 09:30:19.602,1.10674,1.10677,1.69,2.25
2018.05.17 09:30:23.447,1.10673,1.10676,7.01,1.00
2018.05.17 09:30:24.127,1.10673,1.10676,4.31,1.50
2018.05.17 09:30:25.709,1.10673,1.10675,3.75,1.12
2018.05.17 09:30:25.871,1.10671,1.10674,1.00,2.06
2018.05.17 09:30:26.384,1.10671,1.10673,1.00,1.50
2018.05.17 09:30:30.203,1.1067,1.10673,1.69,2.70
2018.05.17 09:30:37.624,1.10669,1.10672,2.81,1.50
2018.05.17 09:30:38.558,1.1067,1.10673,1.25,2.70
2018.05.17 09:30:41.916,1.10669,1.10672,2.06,1.50
2018.05.17 09:30:44.359,1.1067,1.10673,1.25,2.70
2018.05.17 09:30:45.433,1.10669,1.10672,3.19,1.00
2018.05.17 09:30:47.012,1.10668,1.1067,3.07,1.00
2018.05.17 09:30:47.527,1.10667,1.1067,1.00,1.95
2018.05.17 09:30:48.029,1.10666,1.10669,1.12,3.19
2018.05.17 09:30:49.913,1.10667,1.1067,1.00,3.45
2018.05.17 09:30:56.194,1.10669,1.10672,1.12,4.57
2018.05.17 09:30:56.711,1.10667,1.1067,2.25,1.00
2018.05.17 09:30:57.243,1.10667,1.1067,3.00,1.00
2018.05.17 09:30:59.670,1.10668,1.10671,1.12,1.57
2018.05.17 09:30:59.985,1.10672,1.10674,1.10,1.00
2018.05.17 09:31:00.586,1.1067,1.10673,1.76,1.00
2018.05.17 09:31:01.100,1.1067,1.10673,1.20,1.00
2018.05.17 09:31:01.631,1.1067,1.10673,1.00,2.81
2018.05.17 09:31:03.039,1.1067,1.10673,3.37,1.76
2018.05.17 09:31:03.093,1.10672,1.10675,1.12,4.01
2018.05.17 09:31:03.148,1.10673,1.10675,1.50,1.00
2018.05.17 09:31:04.490,1.10673,1.10676,1.00,3.94
2018.05.17 09:31:06.680,1.10672,1.10675,2.32,1.25
2018.05.17 09:31:10.488,1.10672,1.10675,1.12,2.06
2018.05.17 09:31:10.827,1.1067,1.10673,1.20,2.81
2018.05.17 09:31:11.344,1.1067,1.10673,1.00,1.12
2018.05.17 09:31:16.078,1.1067,1.10673,1.00,1.31
2018.05.17 09:31:16.778,1.1067,1.10673,1.00,1.31
2018.05.17 09:31:17.305,1.10671,1.10674,1.00,2.89
2018.05.17 09:31:17.810,1.1067,1.10673,1.87,1.00
2018.05.17 09:31:18.839,1.1067,1.10673,1.12,1.19
2018.05.17 09:31:20.610,1.1067,1.10673,1.12,1.25
2018.05.17 09:31:24.467,1.1067,1.10673,2.44,1.00
2018.05.17 09:31:24.997,1.10671,1.10674,3.82,1.00
2018.05.17 09:31:26.384,1.10671,1.10673,1.20,1.00
2018.05.17 09:31:28.188,1.10671,1.10674,1.12,1.00
2018.05.17 09:31:28.743,1.1067,1.10673,4.95,1.00
2018.05.17 09:31:33.991,1.10671,1.10674,1.12,1.00
2018.05.17 09:31:42.035,1.10672,1.10675,1.05,1.87
2018.05.17 09:31:43.210,1.10673,1.10676,1.00,3.37
2018.05.17 09:31:43.748,1.10671,1.10674,2.70,1.25
2018.05.17 09:31:44.269,1.1067,1.10673,2.81,1.00
2018.05.17 09:31:48.418,1.10671,1.10674,1.00,2.62
2018.05.17 09:31:52.531,1.10672,1.10674,1.00,1.50
2018.05.17 09:31:56.992,1.10671,1.10674,1.95,1.69
2018.05.17 09:31:59.518,1.10671,1.10673,1.57,1.19
2018.05.17 09:32:00.038,1.1067,1.10673,1.95,1.69
2018.05.17 09:32:05.723,1.1067,1.10672,1.20,1.25
2018.05.17 09:32:06.269,1.10671,1.10673,1.20,1.25
2018.05.17 09:32:07.919,1.10672,1.10674,1.00,1.69
2018.05.17 09:32:08.474,1.10672,1.10674,1.20,1.00
2018.05.17 09:32:09.012,1.10672,1.10674,1.20,1.00
2018.05.17 09:32:09.578,1.10672,1.10675,2.32,1.25
2018.05.17 09:32:10.344,1.10672,1.10675,2.70,1.00
2018.05.17 09:32:12.027,1.10673,1.10676,1.20,1.31
2018.05.17 09:32:13.141,1.10672,1.10675,1.57,1.00
2018.05.17 09:32:13.655,1.10672,1.10675,1.10,1.31
2018.05.17 09:32:23.173,1.10671,1.10673,1.10,8.29
2018.05.17 09:32:23.522,1.10667,1.1067,1.57,2.81
2018.05.17 09:32:24.044,1.10667,1.1067,1.57,2.44
2018.05.17 09:32:24.354,1.10668,1.1067,1.00,3.19
2018.05.17 09:32:24.566,1.10669,1.10671,1.12,2.06
2018.05.17 09:32:25.094,1.1067,1.10671,1.12,1.00
2018.05.17 09:32:25.610,1.1067,1.10673,1.50,3.56
2018.05.17 09:32:26.699,1.1067,1.10672,1.12,1.19
2018.05.17 09:32:27.205,1.1067,1.10673,1.12,2.81
2018.05.17 09:32:27.756,1.1067,1.10673,1.12,1.69
2018.05.17 09:32:28.303,1.1067,1.10673,1.12,2.44
2018.05.17 09:32:32.553,1.1067,1.10673,1.12,2.44
2018.05.17 09:32:34.463,1.10671,1.10674,1.12,3.26
2018.05.17 09:32:34.701,1.10673,1.10675,1.50,1.25
2018.05.17 09:32:35.011,1.10676,1.10679,1.50,3.26
2018.05.17 09:32:35.114,1.10675,1.10678,2.70,2.06
2018.05.17 09:32:35.620,1.10674,1.10677,1.57,2.44
2018.05.17 09:32:36.751,1.10675,1.10677,2.06,1.00
2018.05.17 09:32:37.253,1.10675,1.10678,3.26,1.00
2018.05.17 09:32:37.577,1.10674,1.10676,1.10,1.25
2018.05.17 09:32:39.269,1.10674,1.10676,1.50,1.19
2018.05.17 09:32:39.429,1.10674,1.10677,1.01,2.62
2018.05.17 09:32:39.988,1.10675,1.10678,1.57,3.56
2018.05.17 09:32:40.508,1.10675,1.10678,1.57,2.06
2018.05.17 09:32:41.026,1.10676,1.10679,1.00,3.26
2018.05.17 09:32:43.219,1.10677,1.10679,1.00,2.81
2018.05.17 09:32:43.745,1.10676,1.10679,1.50,2.81
2018.05.17 09:32:48.476,1.10676,1.10679,1.50,2.44
2018.05.17 09:32:49.012,1.10677,1.1068,3.45,1.25
2018.05.17 09:32:49.534,1.10677,1.1068,1.95,1.69
2018.05.17 09:32:50.069,1.10676,1.10679,1.12,2.06
2018.05.17 09:32:51.527,1.10677,1.10679,1.00,1.00
2018.05.17 09:32:52.031,1.10677,1.1068,1.00,2.81
2018.05.17 09:32:52.761,1.10677,1.1068,1.00,3.94
2018.05.17 09:32:53.283,1.10676,1.10679,1.12,1.69
2018.05.17 09:32:53.801,1.10676,1.10679,1.12,2.44
2018.05.17 09:32:54.368,1.10676,1.10679,1.12,2.06
2018.05.17 09:32:59.746,1.10675,1.10677,3.26,1.00
2018.05.17 09:33:00.060,1.10674,1.10676,1.01,1.12
2018.05.17 09:33:04.195,1.10675,1.10678,1.25,7.87
2018.05.17 09:33:05.397,1.10676,1.10679,1.00,3.26
2018.05.17 09:33:14.639,1.10675,1.10678,3.19,1.00
2018.05.17 09:33:14.692,1.10674,1.10675,1.57,1.25
2018.05.17 09:33:14.797,1.10672,1.10675,2.89,1.00
2018.05.17 09:33:16.746,1.10672,1.10675,2.70,1.69
2018.05.17 09:33:17.356,1.10671,1.10674,2.70,1.25
2018.05.17 09:33:27.085,1.10671,1.10673,1.00,1.00
2018.05.17 09:33:27.615,1.10669,1.10672,1.95,1.00
2018.05.17 09:33:29.023,1.1067,1.10673,1.12,2.44
2018.05.17 09:33:29.829,1.10671,1.10674,1.87,1.50
2018.05.17 09:33:30.370,1.10671,1.10674,3.07,1.00
2018.05.17 09:33:30.899,1.10671,1.10674,2.70,1.00
2018.05.17 09:33:32.276,1.10671,1.10673,1.12,1.00
2018.05.17 09:33:32.823,1.10669,1.10672,3.45,1.00
2018.05.17 09:33:33.896,1.10669,1.10672,1.00,1.00
2018.05.17 09:33:36.591,1.10669,1.10672,4.12,1.50
2018.05.17 09:33:38.963,1.1067,1.10673,1.12,2.25
2018.05.17 09:33:41.689,1.10671,1.10674,1.50,1.12
2018.05.17 09:33:45.182,1.10671,1.10674,1.12,1.62
2018.05.17 09:33:45.686,1.10671,1.10674,1.87,1.25
2018.05.17 09:33:46.480,1.1067,1.10673,5.14,1.00
2018.05.17 09:33:47.013,1.10671,1.10674,1.87,1.25
2018.05.17 09:33:54.142,1.10671,1.10674,5.89,1.00
2018.05.17 09:33:54.688,1.10671,1.10674,4.20,1.25
2018.05.17 09:34:01.515,1.10674,1.10675,1.00,1.00
2018.05.17 09:34:02.033,1.10674,1.10676,1.00,1.25
2018.05.17 09:34:02.580,1.10673,1.10676,4.20,1.25
2018.05.17 09:34:03.381,1.10674,1.10677,1.12,1.25
2018.05.17 09:34:03.931,1.10675,1.10678,2.81,1.00
2018.05.17 09:34:05.402,1.10676,1.10679,1.50,3.19
2018.05.17 09:34:05.717,1.10679,1.1068,1.00,1.00
2018.05.17 09:34:05.769,1.10679,1.10682,1.50,2.51
2018.05.17 09:34:06.285,1.10679,1.10681,1.00,1.00
2018.05.17 09:34:08.948,1.10679,1.10682,2.25,1.12
2018.05.17 09:34:10.175,1.10679,1.10681,1.00,1.00
2018.05.17 09:34:10.683,1.10678,1.10681,3.45,1.00
2018.05.17 09:34:13.700,1.10679,1.10682,2.44,1.00
2018.05.17 09:34:13.948,1.10682,1.10685,2.25,1.31
2018.05.17 09:34:14.483,1.10681,1.10684,3.45,1.25
2018.05.17 09:34:17.459,1.10682,1.10685,1.00,3.19
2018.05.17 09:34:17.823,1.10683,1.10686,1.00,2.44
2018.05.17 09:34:22.420,1.10684,1.10687,3.56,1.50
2018.05.17 09:34:23.088,1.10685,1.10688,1.31,1.50
2018.05.17 09:34:27.699,1.10686,1.10689,2.62,1.31
2018.05.17 09:34:28.246,1.10685,1.10688,1.12,1.87
2018.05.17 09:34:28.776,1.10685,1.10688,1.00,5.74
2018.05.17 09:34:30.905,1.10684,1.10687,1.00,2.44
2018.05.17 09:34:31.705,1.10683,1.10686,1.00,3.56
2018.05.17 09:34:32.226,1.10682,1.10685,1.20,2.25
2018.05.17 09:34:32.813,1.10683,1.10685,1.00,1.50
2018.05.17 09:34:35.732,1.10683,1.10686,1.00,1.12
2018.05.17 09:34:36.033,1.10685,1.10687,1.25,1.20
2018.05.17 09:34:36.554,1.10684,1.10687,1.50,1.12
2018.05.17 09:34:37.101,1.10685,1.10688,1.69,3.00
2018.05.17 09:34:39.213,1.10684,1.10687,1.10,1.12
2018.05.17 09:34:39.754,1.10685,1.10688,1.76,1.87
2018.05.17 09:34:40.118,1.10687,1.10688,1.00,1.00
2018.05.17 09:34:40.277,1.10688,1.10691,1.00,4.50
2018.05.17 09:34:42.790,1.10687,1.1069,1.20,1.31
2018.05.17 09:34:43.787,1.10686,1.10689,2.32,1.25
2018.05.17 09:34:43.891,1.10688,1.1069,1.00,1.69
2018.05.17 09:34:44.420,1.10688,1.10691,1.00,2.06
2018.05.17 09:34:48.795,1.10687,1.1069,2.32,1.69
2018.05.17 09:34:49.312,1.10686,1.10689,1.12,1.25
2018.05.17 09:34:50.205,1.10685,1.10688,3.26,1.00
2018.05.17 09:34:50.415,1.10684,1.10687,2.51,1.00
2018.05.17 09:34:51.749,1.10685,1.10688,1.00,3.82
2018.05.17 09:34:52.270,1.10684,1.10687,2.89,1.00
2018.05.17 09:34:57.973,1.10682,1.10684,1.57,1.00
2018.05.17 09:34:58.545,1.10681,1.10684,1.12,1.69
2018.05.17 09:34:59.746,1.1068,1.10683,4.01,1.00
2018.05.17 09:35:00.864,1.10682,1.10685,1.00,5.06
2018.05.17 09:35:01.379,1.10681,1.10684,2.32,1.25
2018.05.17 09:35:01.691,1.10679,1.10682,3.00,1.25
2018.05.17 09:35:02.232,1.10678,1.10681,1.00,1.31
2018.05.17 09:35:02.603,1.1068,1.10682,1.25,1.12
2018.05.17 09:35:06.073,1.1068,1.10683,1.25,1.50
2018.05.17 09:35:14.392,1.1068,1.10683,4.76,1.00
2018.05.17 09:35:14.917,1.10682,1.10684,1.00,1.69
2018.05.17 09:35:30.185,1.10681,1.10683,6.45,1.00
2018.05.17 09:35:30.768,1.10682,1.10685,1.00,4.01
2018.05.17 09:35:31.342,1.10682,1.10685,1.00,2.81
2018.05.17 09:35:31.889,1.10682,1.10685,1.00,1.31
2018.05.17 09:35:32.484,1.10682,1.10685,1.00,1.31
2018.05.17 09:35:34.007,1.10682,1.10685,1.00,1.31
2018.05.17 09:35:37.016,1.10681,1.10684,2.70,1.25
2018.05.17 09:35:50.707,1.1068,1.10683,6.64,1.00
2018.05.17 09:35:50.909,1.10682,1.10685,2.70,1.12
2018.05.17 09:35:52.642,1.10683,1.10685,2.06,1.00
2018.05.17 09:35:53.593,1.10682,1.10685,5.32,1.00
2018.05.17 09:35:55.619,1.10682,1.10685,6.45,1.00
2018.05.17 09:35:56.342,1.10682,1.10685,5.32,1.00
2018.05.17 09:35:57.228,1.10682,1.10685,5.70,1.00
2018.05.17 09:35:57.786,1.10682,1.10685,4.57,1.00
2018.05.17 09:35:59.600,1.10682,1.10685,4.95,1.00
2018.05.17 09:36:00.141,1.10682,1.10685,4.57,1.00
2018.05.17 09:36:00.681,1.10682,1.10685,5.70,1.00
2018.05.17 09:36:01.539,1.10682,1.10684,1.57,1.00
2018.05.17 09:36:02.051,1.10681,1.10683,1.10,1.00
2018.05.17 09:36:02.583,1.1068,1.10683,5.51,1.00
2018.05.17 09:36:03.100,1.1068,1.10682,3.64,1.00
2018.05.17 09:36:10.085,1.10681,1.10684,1.31,1.50
2018.05.17 09:36:12.262,1.10682,1.10684,1.00,1.00
2018.05.17 09:36:13.896,1.10679,1.10682,2.89,1.50
2018.05.17 09:36:14.210,1.10678,1.1068,1.00,1.50
2018.05.17 09:36:16.256,1.10677,1.10679,1.87,1.25
2018.05.17 09:36:16.415,1.10675,1.10678,1.20,2.62
2018.05.17 09:36:16.468,1.10674,1.10676,1.57,1.00
2018.05.17 09:36:17.093,1.10676,1.10678,11.40,2.32
2018.05.17 09:36:17.149,1.10678,1.1068,1.31,1.00
2018.05.17 09:36:17.459,1.10681,1.10683,1.00,3.07
2018.05.17 09:36:18.691,1.1068,1.10682,1.25,1.12
2018.05.17 09:36:19.204,1.10679,1.10681,1.00,1.00
2018.05.17 09:36:19.724,1.10677,1.1068,1.95,1.50
2018.05.17 09:36:20.702,1.10678,1.1068,1.00,1.00
2018.05.17 09:36:21.331,1.10678,1.10681,1.00,3.00
2018.05.17 09:36:21.850,1.10679,1.10681,1.00,1.95
2018.05.17 09:36:22.379,1.10679,1.10682,1.00,2.70
2018.05.17 09:36:22.927,1.10679,1.10681,1.00,1.00
2018.05.17 09:36:25.706,1.10679,1.10682,1.00,3.45
2018.05.17 09:36:26.947,1.1068,1.10682,1.00,3.07
2018.05.17 09:36:27.467,1.10681,1.10683,1.00,1.12
2018.05.17 09:36:28.009,1.10681,1.10684,1.25,3.45
2018.05.17 09:36:28.551,1.10682,1.10684,1.00,1.87
2018.05.17 09:36:29.052,1.10683,1.10685,1.00,1.50
2018.05.17 09:36:29.207,1.10685,1.10686,1.25,1.10
2018.05.17 09:36:29.311,1.10685,1.10688,1.31,2.70
2018.05.17 09:36:29.884,1.10686,1.10688,1.00,1.12
2018.05.17 09:36:36.143,1.10685,1.10688,1.25,1.87
2018.05.17 09:36:36.657,1.10686,1.10688,1.00,1.12
2018.05.17 09:36:42.046,1.10687,1.10689,1.00,1.95
2018.05.17 09:36:42.319,1.10689,1.10691,1.00,1.95
2018.05.17 09:36:44.591,1.10687,1.1069,1.50,1.76
2018.05.17 09:36:45.103,1.10688,1.1069,1.00,1.50
2018.05.17 09:36:45.631,1.10687,1.1069,1.12,2.25
2018.05.17 09:36:48.178,1.10687,1.1069,1.87,2.25
2018.05.17 09:36:48.704,1.10688,1.10691,1.12,3.45
2018.05.17 09:37:04.757,1.10689,1.10691,1.00,1.95
2018.05.17 09:37:09.320,1.10687,1.1069,2.25,1.00
2018.05.17 09:37:09.869,1.10688,1.1069,1.00,1.00
2018.05.17 09:37:10.385,1.10688,1.10691,1.00,2.70
2018.05.17 09:37:10.925,1.10687,1.1069,2.44,1.00
2018.05.17 09:37:11.582,1.10688,1.10691,1.00,3.45
2018.05.17 09:37:18.606,1.10688,1.1069,1.00,1.00
2018.05.17 09:37:19.135,1.10688,1.10691,1.00,3.64
2018.05.17 09:37:21.932,1.10689,1.10691,1.00,1.95
2018.05.17 09:37:22.673,1.10688,1.10691,1.00,2.70
2018.05.17 09:37:23.340,1.10687,1.1069,2.25,1.00
2018.05.17 09:37:25.106,1.10688,1.1069,1.00,1.10
2018.05.17 09:37:25.654,1.10689,1.10691,1.00,1.20
2018.05.17 09:37:32.156,1.10689,1.10691,1.00,1.57
2018.05.17 09:37:32.844,1.10688,1.10691,1.00,2.89
2018.05.17 09:37:33.489,1.10687,1.1069,1.87,2.32
2018.05.17 09:37:33.594,1.10685,1.10688,2.14,1.50
2018.05.17 09:37:33.907,1.10687,1.1069,1.12,2.25
2018.05.17 09:37:34.421,1.10687,1.10689,1.00,1.00
2018.05.17 09:37:34.942,1.10687,1.1069,1.50,2.51
2018.05.17 09:37:35.461,1.10688,1.1069,1.00,1.00
2018.05.17 09:37:35.978,1.10687,1.1069,1.00,3.26
2018.05.17 09:37:36.484,1.10688,1.1069,1.00,1.25
2018.05.17 09:37:37.002,1.10688,1.10691,1.00,3.26
2018.05.17 09:37:38.266,1.10689,1.10691,1.00,3.07
2018.05.17 09:37:44.647,1.10689,1.10692,1.00,3.26
2018.05.17 09:37:45.150,1.10689,1.10691,1.00,1.00
2018.05.17 09:37:45.667,1.10689,1.10691,1.00,1.00
2018.05.17 09:37:45.981,1.10691,1.10694,1.50,2.81
2018.05.17 09:37:46.034,1.10693,1.10695,1.00,1.20
2018.05.17 09:37:46.204,1.10691,1.10694,3.45,1.00
2018.05.17 09:37:47.937,1.10692,1.10695,1.00,3.56
2018.05.17 09:37:48.452,1.10693,1.10696,1.00,2.51
2018.05.17 09:37:49.033,1.10692,1.10695,1.87,1.12
2018.05.17 09:37:49.661,1.10693,1.10696,1.00,2.51
2018.05.17 09:37:50.242,1.10692,1.10695,2.81,1.12
2018.05.17 09:37:50.749,1.10691,1.10694,3.07,1.25
2018.05.17 09:37:51.166,1.10693,1.10695,1.00,2.14
2018.05.17 09:37:51.740,1.10694,1.10696,1.00,1.01
2018.05.17 09:37:52.282,1.10695,1.10697,1.00,1.12
2018.05.17 09:38:01.417,1.10696,1.10698,1.50,3.45
2018.05.17 09:38:01.756,1.10698,1.107,2.62,1.25
2018.05.17 09:38:02.278,1.10697,1.107,3.75,1.25
2018.05.17 09:38:05.252,1.10697,1.107,1.87,1.19
2018.05.17 09:38:06.552,1.10697,1.107,1.87,1.25
2018.05.17 09:38:07.532,1.10697,1.107,1.00,2.06
2018.05.17 09:38:14.980,1.10698,1.107,1.00,1.87
2018.05.17 09:38:20.544,1.10699,1.107,1.00,1.00
2018.05.17 09:38:20.858,1.10701,1.10703,1.00,1.20
2018.05.17 09:38:21.377,1.10702,1.10703,1.00,1.00
2018.05.17 09:38:21.770,1.10703,1.10705,1.00,1.00
2018.05.17 09:38:22.282,1.10704,1.10707,1.12,1.50
2018.05.17 09:38:22.784,1.10705,1.10708,1.00,3.82
2018.05.17 09:38:22.939,1.10707,1.10709,1.00,1.25
2018.05.17 09:38:24.093,1.10706,1.10709,1.50,1.69
2018.05.17 09:38:24.614,1.10708,1.10709,1.00,1.39
2018.05.17 09:38:27.076,1.10707,1.1071,1.12,1.19
2018.05.17 09:38:28.152,1.10708,1.10711,1.00,4.39
2018.05.17 09:38:31.007,1.10707,1.1071,1.12,1.44
2018.05.17 09:38:43.696,1.10706,1.10709,1.12,1.69
2018.05.17 09:38:44.213,1.10707,1.10709,1.00,1.25
2018.05.17 09:38:44.743,1.10705,1.10708,3.82,1.25
2018.05.17 09:38:45.258,1.10707,1.1071,1.00,2.32
2018.05.17 09:38:45.760,1.10708,1.1071,1.00,1.50
2018.05.17 09:38:46.308,1.10707,1.1071,1.00,2.25
2018.05.17 09:38:47.781,1.10707,1.1071,1.00,2.25
2018.05.17 09:38:50.182,1.10708,1.1071,1.00,1.25
2018.05.17 09:38:50.499,1.10712,1.10714,2.98,1.50
2018.05.17 09:38:50.606,1.10713,1.10716,2.06,1.00
2018.05.17 09:38:51.740,1.10714,1.10716,1.00,1.31
2018.05.17 09:38:54.166,1.10714,1.10717,1.00,5.51
2018.05.17 09:38:54.714,1.10714,1.10717,1.00,4.01
2018.05.17 09:38:54.969,1.10715,1.10717,1.00,1.95
2018.05.17 09:38:55.313,1.10718,1.1072,1.00,2.14
2018.05.17 09:38:55.968,1.10717,1.10719,1.12,1.25
2018.05.17 09:38:56.508,1.10717,1.10719,1.00,3.26
2018.05.17 09:38:58.564,1.10716,1.10719,1.12,2.51
2018.05.17 09:38:59.594,1.10716,1.10719,1.12,3.26
2018.05.17 09:39:00.146,1.10716,1.10719,1.00,3.64
2018.05.17 09:39:06.838,1.10717,1.10719,1.00,2.51
2018.05.17 09:39:07.367,1.10718,1.1072,1.00,3.64
2018.05.17 09:39:07.905,1.10716,1.1072,2.81,1.39
2018.05.17 09:39:08.531,1.10719,1.10721,1.00,3.26
2018.05.17 09:39:09.240,1.10719,1.10721,1.00,2.89
2018.05.17 09:39:09.850,1.10719,1.10721,1.00,2.89
2018.05.17 09:39:10.357,1.10719,1.10721,1.00,2.89
2018.05.17 09:39:11.834,1.10719,1.10721,1.00,2.89
2018.05.17 09:39:13.308,1.10719,1.10721,1.00,2.81
2018.05.17 09:39:13.704,1.1072,1.10722,1.00,4.76
2018.05.17 09:39:14.824,1.1072,1.10721,1.00,1.31
2018.05.17 09:39:15.409,1.10719,1.10721,1.50,2.06
2018.05.17 09:39:16.276,1.1072,1.10721,1.00,2.06
2018.05.17 09:39:19.921,1.10719,1.10721,1.00,2.06
2018.05.17 09:39:20.432,1.1072,1.10721,1.00,1.25
2018.05.17 09:39:21.725,1.10721,1.10722,1.12,1.00
2018.05.17 09:39:21.778,1.10722,1.10723,1.31,1.10
2018.05.17 09:39:22.282,1.10721,1.10724,1.12,2.44
2018.05.17 09:39:22.800,1.1072,1.10723,1.57,1.25
2018.05.17 09:39:25.809,1.1072,1.10723,1.12,1.19
2018.05.17 09:39:25.914,1.10719,1.10721,1.10,1.69
2018.05.17 09:39:26.071,1.10717,1.1072,1.00,2.06
2018.05.17 09:39:26.607,1.10716,1.10719,1.00,2.89
2018.05.17 09:39:26.920,1.10716,1.10718,1.00,1.19
2018.05.17 09:39:27.447,1.10715,1.10718,1.00,2.89
2018.05.17 09:39:27.989,1.10715,1.10718,1.00,1.39
2018.05.17 09:39:28.520,1.10715,1.10718,1.00,1.39
2018.05.17 09:39:31.904,1.10715,1.10718,1.00,1.39
2018.05.17 09:39:34.354,1.10716,1.10719,1.00,5.51
2018.05.17 09:39:34.943,1.10715,1.10718,1.50,1.12
2018.05.17 09:39:37.975,1.10715,1.10718,1.50,2.81
2018.05.17 09:39:38.586,1.10714,1.10717,1.87,1.69
2018.05.17 09:39:41.268,1.10711,1.10713,3.82,2.25
2018.05.17 09:39:41.573,1.10705,1.10708,1.57,2.44
2018.05.17 09:39:42.091,1.10704,1.10707,2.25,1.00
2018.05.17 09:39:42.592,1.10704,1.10707,1.50,1.12
2018.05.17 09:39:43.474,1.10705,1.10708,1.00,4.50
2018.05.17 09:39:43.992,1.10705,1.10708,1.00,1.00
2018.05.17 09:39:46.654,1.10706,1.10709,1.00,3.07
2018.05.17 09:39:51.588,1.10707,1.1071,1.00,4.76
2018.05.17 09:39:53.956,1.10707,1.1071,1.00,2.06
2018.05.17 09:39:54.849,1.10707,1.1071,1.00,2.06
2018.05.17 09:39:56.385,1.10708,1.1071,1.00,1.31
2018.05.17 09:39:56.961,1.10708,1.10711,1.50,3.19
2018.05.17 09:39:57.492,1.10708,1.1071,1.00,1.31
2018.05.17 09:39:58.042,1.10707,1.1071,2.32,1.31
2018.05.17 09:40:04.395,1.10705,1.10708,1.95,1.25
2018.05.17 09:40:04.906,1.10705,1.10708,1.50,3.94
2018.05.17 09:40:07.045,1.10704,1.10707,1.00,1.50
2018.05.17 09:40:07.561,1.10705,1.10708,1.50,3.19
2018.05.17 09:40:09.718,1.10703,1.10706,2.70,1.69
2018.05.17 09:40:09.876,1.10702,1.10705,1.87,2.81
2018.05.17 09:40:11.346,1.10702,1.10705,1.87,3.19
2018.05.17 09:40:11.910,1.10702,1.10705,1.87,3.19
2018.05.17 09:40:16.145,1.10701,1.10704,2.70,1.31
2018.05.17 09:40:20.313,1.10702,1.10705,1.50,2.81
2018.05.17 09:40:20.417,1.10704,1.10705,1.00,1.00
2018.05.17 09:40:20.933,1.10703,1.10706,1.76,1.50
2018.05.17 09:40:21.468,1.10704,1.10707,1.50,3.75
2018.05.17 09:40:22.819,1.10703,1.10706,1.76,1.12
2018.05.17 09:40:23.138,1.10705,1.10708,4.01,1.50
2018.05.17 09:40:23.449,1.10707,1.10709,1.00,1.62
2018.05.17 09:40:24.106,1.10707,1.1071,1.50,3.56
2018.05.17 09:40:24.364,1.1071,1.10713,3.26,1.12
2018.05.17 09:40:25.351,1.10711,1.10714,1.00,3.19
2018.05.17 09:40:26.986,1.10711,1.10714,1.69,1.87
2018.05.17 09:40:27.039,1.10713,1.10714,1.00,1.12
2018.05.17 09:40:27.144,1.10715,1.10717,1.25,1.12
2018.05.17 09:40:27.300,1.10717,1.1072,2.81,3.07
2018.05.17 09:40:27.353,1.10716,1.10719,2.25,2.06
2018.05.17 09:40:27.457,1.10714,1.10717,3.26,1.00
2018.05.17 09:40:27.804,1.10713,1.10715,1.10,1.12
2018.05.17 09:40:28.066,1.10716,1.10719,2.25,1.50
2018.05.17 09:40:28.279,1.10717,1.10719,1.00,1.39
2018.05.17 09:40:28.472,1.10719,1.10721,1.00,4.76
2018.05.17 09:40:28.628,1.1072,1.10722,1.00,3.26
2018.05.17 09:40:29.048,1.10718,1.1072,2.62,1.00
2018.05.17 09:40:29.617,1.10718,1.10721,1.50,2.06
2018.05.17 09:40:30.123,1.10719,1.10721,1.00,2.14
2018.05.17 09:40:31.323,1.1072,1.10722,1.00,1.76
2018.05.17 09:40:31.842,1.10719,1.10722,1.00,2.14
2018.05.17 09:40:37.999,1.10717,1.1072,2.32,1.69
2018.05.17 09:40:38.106,1.10716,1.10719,3.19,1.00
2018.05.17 09:40:38.619,1.10716,1.10719,4.76,1.00
2018.05.17 09:40:38.891,1.10718,1.10721,1.00,2.70
2018.05.17 09:40:39.446,1.10717,1.1072,1.31,1.00
2018.05.17 09:40:40.241,1.10716,1.10719,4.87,1.25
2018.05.17 09:40:40.842,1.10717,1.1072,1.00,2.89
2018.05.17 09:40:44.590,1.10718,1.1072,1.00,2.14
2018.05.17 09:40:45.177,1.10717,1.1072,1.69,1.95
2018.05.17 09:40:45.316,1.10718,1.1072,1.00,1.20
2018.05.17 09:40:46.406,1.10718,1.1072,1.00,1.20
2018.05.17 09:40:46.921,1.10718,1.10721,1.00,3.26
2018.05.17 09:40:48.944,1.10719,1.10722,1.50,3.45
2018.05.17 09:40:49.271,1.1072,1.10723,1.12,3.07
2018.05.17 09:40:49.880,1.1072,1.10723,1.50,2.70
2018.05.17 09:40:50.394,1.1072,1.10723,1.00,3.26
2018.05.17 09:40:50.549,1.10718,1.10721,1.87,1.00
2018.05.17 09:40:50.857,1.10716,1.10719,1.87,1.00
2018.05.17 09:40:54.229,1.10716,1.10719,1.12,2.14
2018.05.17 09:40:54.772,1.10715,1.10718,1.25,1.20
2018.05.17 09:40:55.372,1.10715,1.10718,1.00,3.07
2018.05.17 09:40:56.153,1.10714,1.10717,2.25,1.10
2018.05.17 09:40:57.945,1.10714,1.10717,1.12,2.51
2018.05.17 09:40:58.482,1.10712,1.10715,2.62,1.25
2018.05.17 09:40:58.794,1.1071,1.10713,3.56,1.20
2018.05.17 09:41:00.760,1.1071,1.10713,1.31,1.95
2018.05.17 09:41:01.309,1.1071,1.10713,1.19,2.32
2018.05.17 09:41:02.459,1.1071,1.10713,1.69,1.57
2018.05.17 09:41:02.991,1.1071,1.10713,1.00,1.76
2018.05.17 09:41:03.516,1.1071,1.10713,1.25,2.32
2018.05.17 09:41:05.911,1.10709,1.10712,3.56,1.00
2018.05.17 09:41:07.505,1.1071,1.10713,1.62,2.32
2018.05.17 09:41:08.012,1.1071,1.10713,1.25,2.32
2018.05.17 09:41:09.663,1.1071,1.10713,3.94,1.12
2018.05.17 09:41:10.168,1.10711,1.10714,2.44,1.10
2018.05.17 09:41:10.610,1.10713,1.10716,1.00,3.07
2018.05.17 09:41:11.430,1.10714,1.10717,1.00,4.20
2018.05.17 09:41:11.957,1.10714,1.10717,1.12,1.95
2018.05.17 09:41:13.122,1.10714,1.10717,1.69,1.95
2018.05.17 09:41:13.229,1.10716,1.10719,1.50,2.51
2018.05.17 09:41:13.828,1.10715,1.10718,2.44,1.10
2018.05.17 09:41:14.346,1.10714,1.10717,3.45,1.69
2018.05.17 09:41:14.897,1.10714,1.10717,1.12,5.51
2018.05.17 09:41:15.401,1.10714,1.10717,4.69,1.00
