2018.04.11 02:00:00.183,1.07092,1.07093,1.00,1.12
2018.04.11 02:00:00.235,1.07093,1.07094,18.94,1.00
2018.04.11 02:00:00.288,1.07095,1.07099,1.31,6.45
2018.04.11 02:00:00.445,1.07096,1.071,1.25,1.95
2018.04.11 02:00:00.964,1.07095,1.071,2.06,1.57
2018.04.11 02:00:01.178,1.07095,1.07099,1.25,3.07
2018.04.11 02:00:01.386,1.0709,1.07095,5.44,2.51
2018.04.11 02:00:01.901,1.0709,1.07095,2.81,4.39
2018.04.11 02:00:02.258,1.07092,1.07095,1.00,1.57
2018.04.11 02:00:02.816,1.0709,1.07096,3.19,5.14
2018.04.11 02:00:04.361,1.0709,1.07095,2.81,2.70
2018.04.11 02:00:05.991,1.07089,1.07094,1.31,2.51
2018.04.11 02:00:12.749,1.07089,1.07094,3.56,1.01
2018.04.11 02:00:14.259,1.07089,1.07093,1.12,1.00
2018.04.11 02:00:14.573,1.07086,1.07089,1.00,1.87
2018.04.11 02:00:14.734,1.0708,1.07084,1.76,1.00
2018.04.11 02:00:15.739,1.0708,1.07083,1.39,2.25
2018.04.11 02:00:15.792,1.0708,1.07085,3.19,4.20
2018.04.11 02:00:16.816,1.07078,1.07083,4.95,4.69
2018.04.11 02:00:17.076,1.07074,1.07078,3.45,3.00
2018.04.11 02:00:17.493,1.07074,1.07079,3.19,1.01
2018.04.11 02:00:17.908,1.07077,1.07081,1.12,4.01
2018.04.11 02:00:18.104,1.07077,1.07082,1.50,3.64
2018.04.11 02:00:18.619,1.07075,1.07081,4.01,3.19
2018.04.11 02:00:18.724,1.07075,1.07078,1.95,1.00
2018.04.11 02:00:18.829,1.07073,1.07078,1.57,2.06
2018.04.11 02:00:19.942,1.07074,1.07079,1.12,3.26
2018.04.11 02:00:20.098,1.07077,1.07079,1.00,1.12
2018.04.11 02:00:20.151,1.07077,1.07081,5.06,1.00
2018.04.11 02:00:20.513,1.07078,1.07083,4.99,2.06
2018.04.11 02:00:21.332,1.07079,1.07084,2.89,1.19
2018.04.11 02:00:22.160,1.07078,1.07082,3.60,2.06
2018.04.11 02:00:22.211,1.07076,1.0708,1.20,1.31
2018.04.11 02:00:22.315,1.07074,1.07079,2.70,2.81
2018.04.11 02:00:22.886,1.07073,1.07079,2.70,6.19
2018.04.11 02:00:23.547,1.07075,1.07079,1.10,1.25
2018.04.11 02:00:23.600,1.07077,1.07079,1.00,1.00
2018.04.11 02:00:23.654,1.07077,1.07081,1.50,4.39
2018.04.11 02:00:23.811,1.07078,1.07083,2.06,1.76
2018.04.11 02:00:24.883,1.07079,1.07083,1.39,1.00
2018.04.11 02:00:25.433,1.07079,1.07085,4.76,3.56
2018.04.11 02:00:25.763,1.07082,1.07086,3.19,2.89
2018.04.11 02:00:26.024,1.07079,1.07084,3.64,1.31
2018.04.11 02:00:26.557,1.07079,1.07084,3.26,1.69
2018.04.11 02:00:27.407,1.07079,1.07081,1.87,1.56
2018.04.11 02:00:27.511,1.07076,1.07081,1.50,4.76
2018.04.11 02:00:28.159,1.07074,1.0708,1.95,3.64
2018.04.11 02:00:29.146,1.07073,1.07079,6.26,1.69
2018.04.11 02:00:30.449,1.07073,1.07079,5.51,1.69
2018.04.11 02:00:30.975,1.07075,1.07079,1.00,1.69
2018.04.11 02:00:31.491,1.07073,1.07079,3.07,3.19
2018.04.11 02:00:31.596,1.07073,1.07076,1.10,2.81
2018.04.11 02:00:31.907,1.0707,1.07074,1.50,1.25
2018.04.11 02:00:32.310,1.07069,1.07074,1.00,5.14
2018.04.11 02:00:32.827,1.07068,1.07073,1.37,2.51
2018.04.11 02:00:32.983,1.07071,1.07075,1.50,8.89
2018.04.11 02:00:33.088,1.07071,1.07075,3.00,1.00
2018.04.11 02:00:33.597,1.07071,1.07077,5.89,4.76
2018.04.11 02:00:34.114,1.07071,1.07076,1.20,3.19
2018.04.11 02:00:35.972,1.0707,1.07074,1.10,4.39
2018.04.11 02:00:36.025,1.07068,1.07073,1.20,1.25
2018.04.11 02:00:36.544,1.07067,1.07072,4.95,1.25
2018.04.11 02:00:37.132,1.07067,1.07072,1.95,1.00
2018.04.11 02:00:38.166,1.07065,1.07071,2.51,8.06
2018.04.11 02:00:38.218,1.07066,1.07071,1.00,7.76
2018.04.11 02:00:38.322,1.07065,1.07068,1.00,1.00
2018.04.11 02:00:38.424,1.07063,1.07068,1.39,1.50
2018.04.11 02:00:39.534,1.07063,1.07069,2.32,5.14
2018.04.11 02:00:39.744,1.07065,1.0707,5.51,1.50
2018.04.11 02:00:40.400,1.07066,1.07069,1.12,1.31
2018.04.11 02:00:42.547,1.07068,1.0707,1.50,1.31
2018.04.11 02:00:42.855,1.07068,1.07072,1.25,3.94
2018.04.11 02:00:43.483,1.07067,1.07072,4.01,1.50
2018.04.11 02:00:44.054,1.07066,1.07072,5.51,3.19
2018.04.11 02:00:44.570,1.07067,1.07072,1.39,2.44
2018.04.11 02:00:46.071,1.07068,1.07072,11.51,1.37
2018.04.11 02:00:46.124,1.0707,1.07073,1.25,2.25
2018.04.11 02:00:46.249,1.07071,1.07075,2.14,1.25
2018.04.11 02:00:46.611,1.07071,1.07074,1.10,1.19
2018.04.11 02:00:46.768,1.07068,1.07073,2.14,1.87
2018.04.11 02:00:47.995,1.07069,1.07074,1.31,1.76
2018.04.11 02:00:49.127,1.07068,1.07073,2.51,1.00
2018.04.11 02:00:49.655,1.07067,1.07073,7.76,1.62
2018.04.11 02:00:49.847,1.07069,1.07074,3.64,1.50
2018.04.11 02:00:50.222,1.0707,1.07075,2.14,2.62
2018.04.11 02:00:50.786,1.07071,1.07076,3.64,1.00
2018.04.11 02:00:51.411,1.0707,1.07075,1.07,5.44
2018.04.11 02:00:52.108,1.0707,1.07075,1.10,1.62
2018.04.11 02:00:57.893,1.07069,1.07073,1.00,1.00
2018.04.11 02:00:58.163,1.07067,1.07072,1.87,6.26
2018.04.11 02:00:58.421,1.07066,1.07069,1.12,1.00
2018.04.11 02:00:58.526,1.07063,1.07068,3.64,1.12
2018.04.11 02:00:59.199,1.07063,1.07067,1.57,1.00
2018.04.11 02:00:59.717,1.07062,1.07067,2.06,2.32
2018.04.11 02:01:00.642,1.07061,1.07067,7.01,2.89
2018.04.11 02:01:00.950,1.07065,1.07068,1.20,1.87
2018.04.11 02:01:02.036,1.07065,1.07068,2.14,1.12
2018.04.11 02:01:02.350,1.0707,1.07075,1.25,2.51
2018.04.11 02:01:02.402,1.07071,1.07075,1.69,1.50
2018.04.11 02:01:04.002,1.07073,1.07075,1.00,1.25
2018.04.11 02:01:04.314,1.07074,1.07077,1.00,1.69
2018.04.11 02:01:05.210,1.07075,1.07078,1.25,1.50
2018.04.11 02:01:05.757,1.07074,1.07078,1.31,2.70
2018.04.11 02:01:06.347,1.07074,1.07078,1.31,2.70
2018.04.11 02:01:08.463,1.07074,1.07078,1.00,4.01
2018.04.11 02:01:10.079,1.07074,1.07078,1.00,3.26
2018.04.11 02:01:11.941,1.07073,1.07078,1.69,3.64
2018.04.11 02:01:15.524,1.07073,1.07077,1.00,1.25
2018.04.11 02:01:20.688,1.07073,1.07078,1.69,2.89
2018.04.11 02:01:25.181,1.07073,1.07078,2.14,1.69
2018.04.11 02:01:28.023,1.07076,1.07079,1.12,1.10
2018.04.11 02:01:28.284,1.07079,1.07083,1.12,3.26
2018.04.11 02:01:29.183,1.07078,1.07083,5.25,3.64
2018.04.11 02:01:29.790,1.07078,1.07083,5.44,3.64
2018.04.11 02:01:30.214,1.07078,1.07081,4.69,1.00
2018.04.11 02:01:30.633,1.07078,1.07083,5.44,3.64
2018.04.11 02:01:31.312,1.07078,1.07082,1.50,1.25
2018.04.11 02:01:31.470,1.07078,1.0708,1.00,1.00
2018.04.11 02:01:32.001,1.07077,1.0708,2.25,1.00
2018.04.11 02:01:33.952,1.07075,1.07079,3.26,1.50
2018.04.11 02:01:34.938,1.07075,1.0708,2.89,4.31
2018.04.11 02:01:37.194,1.07077,1.07082,3.37,4.76
2018.04.11 02:01:37.851,1.07077,1.07082,3.37,2.51
2018.04.11 02:01:38.360,1.07078,1.07083,2.32,3.19
2018.04.11 02:01:38.876,1.07079,1.07084,1.50,6.26
2018.04.11 02:01:39.465,1.07079,1.07084,1.57,4.31
2018.04.11 02:01:39.795,1.0708,1.07084,2.62,1.00
2018.04.11 02:01:39.964,1.07082,1.07086,2.62,1.00
2018.04.11 02:01:40.327,1.07081,1.07083,3.00,2.14
2018.04.11 02:01:40.381,1.07077,1.07081,7.05,1.25
2018.04.11 02:01:40.900,1.07079,1.07083,1.50,1.31
2018.04.11 02:01:43.623,1.0708,1.07084,1.12,4.39
2018.04.11 02:01:54.769,1.0708,1.07084,1.12,1.12
2018.04.11 02:01:55.287,1.07081,1.07085,1.12,2.62
2018.04.11 02:01:55.805,1.07081,1.07085,1.50,2.06
2018.04.11 02:01:56.299,1.07079,1.07084,4.76,3.00
2018.04.11 02:01:57.442,1.0708,1.07084,1.12,1.69
2018.04.11 02:01:58.004,1.0708,1.07084,1.12,1.12
2018.04.11 02:02:01.704,1.07079,1.07083,2.25,1.00
2018.04.11 02:02:02.322,1.0708,1.07084,1.12,1.76
2018.04.11 02:02:02.993,1.0708,1.07084,2.89,1.00
2018.04.11 02:02:03.097,1.07083,1.07085,1.00,1.00
2018.04.11 02:02:03.149,1.07083,1.07086,1.12,1.25
2018.04.11 02:02:03.202,1.07085,1.07087,1.25,3.75
2018.04.11 02:02:03.308,1.07088,1.07091,1.69,1.10
2018.04.11 02:02:03.466,1.07089,1.07093,1.00,1.25
2018.04.11 02:02:03.589,1.07089,1.07091,1.00,1.00
2018.04.11 02:02:03.745,1.07089,1.07094,1.25,5.14
2018.04.11 02:02:05.361,1.07089,1.07095,3.26,7.16
2018.04.11 02:02:06.640,1.07089,1.07094,2.14,1.25
2018.04.11 02:02:08.199,1.07089,1.07094,4.39,1.25
2018.04.11 02:02:08.357,1.07091,1.07095,2.44,1.87
2018.04.11 02:02:08.859,1.07091,1.07096,4.09,2.06
2018.04.11 02:02:08.965,1.07091,1.07096,1.25,4.76
2018.04.11 02:02:09.486,1.07089,1.07095,4.01,3.41
2018.04.11 02:02:10.950,1.0709,1.07095,2.51,1.69
2018.04.11 02:02:11.469,1.07091,1.07096,4.76,2.06
2018.04.11 02:02:15.429,1.07091,1.07096,6.26,1.25
2018.04.11 02:02:15.482,1.07096,1.071,1.50,1.29
2018.04.11 02:02:15.844,1.07098,1.071,1.00,1.00
2018.04.11 02:02:15.896,1.07098,1.07101,1.00,1.00
2018.04.11 02:02:16.088,1.07098,1.07103,1.69,2.89
2018.04.11 02:02:16.447,1.071,1.07103,3.00,1.00
2018.04.11 02:02:16.550,1.07101,1.07105,3.94,1.95
2018.04.11 02:02:16.652,1.07103,1.07106,1.00,1.00
2018.04.11 02:02:16.806,1.07105,1.07109,1.31,3.82
2018.04.11 02:02:17.319,1.07105,1.07109,2.81,1.00
2018.04.11 02:02:18.672,1.07106,1.07111,1.12,5.89
2018.04.11 02:02:20.508,1.07106,1.07111,2.44,2.89
2018.04.11 02:02:22.984,1.07105,1.07109,4.28,1.12
2018.04.11 02:02:23.387,1.07102,1.07107,1.19,4.80
2018.04.11 02:02:25.191,1.07101,1.07107,4.01,5.32
2018.04.11 02:02:27.715,1.07101,1.07106,4.31,2.70
2018.04.11 02:02:27.821,1.07101,1.07104,1.25,1.12
2018.04.11 02:02:27.981,1.07098,1.07103,2.14,3.37
2018.04.11 02:02:28.033,1.07098,1.07101,1.57,1.00
2018.04.11 02:02:28.340,1.07094,1.07099,3.56,1.10
2018.04.11 02:02:28.888,1.07094,1.07099,2.81,1.57
2018.04.11 02:02:37.524,1.07093,1.07098,3.64,2.25
2018.04.11 02:02:37.731,1.07094,1.07099,5.81,3.82
2018.04.11 02:02:38.241,1.07096,1.07099,1.19,1.10
2018.04.11 02:02:40.295,1.07095,1.07099,1.31,1.57
2018.04.11 02:02:40.555,1.07091,1.07096,5.89,1.12
2018.04.11 02:02:41.113,1.07091,1.07097,3.56,10.57
2018.04.11 02:02:43.310,1.07091,1.07096,3.56,1.95
2018.04.11 02:02:43.825,1.07091,1.07096,3.19,2.32
2018.04.11 02:02:44.770,1.07091,1.07096,3.56,1.95
2018.04.11 02:02:46.744,1.07091,1.07095,2.81,1.00
2018.04.11 02:02:47.258,1.07092,1.07096,1.25,1.95
2018.04.11 02:02:48.282,1.07091,1.07095,2.44,1.20
2018.04.11 02:02:49.919,1.0709,1.07093,2.06,1.12
2018.04.11 02:02:50.235,1.07084,1.07088,2.44,2.25
2018.04.11 02:02:50.782,1.07083,1.07088,1.69,4.20
2018.04.11 02:02:51.485,1.07083,1.07088,1.69,4.95
2018.04.11 02:02:55.608,1.07088,1.07089,1.00,4.20
2018.04.11 02:02:55.713,1.07088,1.07091,2.81,1.50
2018.04.11 02:02:55.765,1.07092,1.07095,1.19,2.65
2018.04.11 02:02:56.137,1.07094,1.07098,3.19,1.22
2018.04.11 02:02:56.661,1.07095,1.07099,1.31,1.60
2018.04.11 02:02:56.765,1.07094,1.07098,1.25,1.50
2018.04.11 02:02:57.572,1.07093,1.07098,1.31,6.45
2018.04.11 02:02:57.987,1.07091,1.07096,3.56,1.57
2018.04.11 02:02:58.681,1.07091,1.07095,1.69,1.00
2018.04.11 02:02:59.223,1.0709,1.07096,2.44,6.82
2018.04.11 02:02:59.964,1.07089,1.07094,5.44,1.20
2018.04.11 02:03:01.433,1.0709,1.07095,1.69,3.45
2018.04.11 02:03:02.293,1.0709,1.07095,2.06,1.57
2018.04.11 02:03:02.800,1.0709,1.07095,5.81,1.57
2018.04.11 02:03:05.019,1.07091,1.07096,2.44,2.70
2018.04.11 02:03:05.710,1.07091,1.07094,3.19,1.00
2018.04.11 02:03:06.334,1.07091,1.07096,3.94,3.45
2018.04.11 02:03:06.949,1.07091,1.07094,3.19,1.00
2018.04.11 02:03:07.515,1.07091,1.07096,3.94,3.07
2018.04.11 02:03:08.686,1.0709,1.07095,5.06,1.95
2018.04.11 02:03:15.442,1.07092,1.07096,1.00,1.95
2018.04.11 02:03:15.956,1.07093,1.07097,1.76,1.57
2018.04.11 02:03:16.518,1.07094,1.07098,2.06,1.95
2018.04.11 02:03:17.065,1.07095,1.07099,1.25,3.07
2018.04.11 02:03:23.633,1.07094,1.07099,4.31,3.07
2018.04.11 02:03:25.174,1.07095,1.07099,1.25,2.32
2018.04.11 02:03:25.801,1.07095,1.07099,1.25,2.32
2018.04.11 02:03:26.587,1.07095,1.07099,1.25,2.32
2018.04.11 02:03:33.946,1.07095,1.07099,1.25,2.70
2018.04.11 02:03:34.477,1.07095,1.07099,1.25,2.70
2018.04.11 02:03:36.109,1.07095,1.07099,1.31,2.70
2018.04.11 02:03:36.638,1.07096,1.071,4.31,1.25
2018.04.11 02:03:37.156,1.07096,1.071,3.94,1.39
2018.04.11 02:03:55.027,1.07096,1.07099,1.31,2.70
2018.04.11 02:03:57.960,1.07096,1.07099,1.12,3.26
2018.04.11 02:04:14.220,1.07096,1.071,6.94,2.32
2018.04.11 02:04:14.273,1.07099,1.07101,1.20,3.64
2018.04.11 02:04:14.789,1.07098,1.07102,3.94,3.64
2018.04.11 02:04:15.112,1.07099,1.07103,8.81,1.76
2018.04.11 02:04:15.630,1.071,1.07103,5.44,1.12
2018.04.11 02:04:16.198,1.071,1.07102,3.19,1.00
2018.04.11 02:04:16.725,1.07098,1.07101,3.19,1.50
2018.04.11 02:04:17.181,1.07097,1.07099,1.00,1.25
2018.04.11 02:04:17.693,1.07095,1.07098,2.81,1.00
2018.04.11 02:04:19.083,1.07095,1.07098,1.00,5.32
2018.04.11 02:04:19.136,1.07093,1.07097,2.44,1.39
2018.04.11 02:04:19.634,1.07095,1.07096,1.31,1.00
2018.04.11 02:04:19.738,1.07097,1.071,7.87,5.14
2018.04.11 02:04:20.614,1.07097,1.07098,7.87,1.00
2018.04.11 02:04:23.818,1.07095,1.07099,4.69,1.69
2018.04.11 02:04:24.452,1.07095,1.07098,4.31,1.00
2018.04.11 02:04:28.291,1.07095,1.07098,2.44,1.12
2018.04.11 02:04:28.449,1.0709,1.07094,6.64,1.00
2018.04.11 02:04:28.502,1.0709,1.07093,6.19,1.00
2018.04.11 02:04:29.691,1.07089,1.07094,4.12,6.26
2018.04.11 02:04:33.545,1.07089,1.07094,6.26,6.00
2018.04.11 02:04:38.499,1.07089,1.07094,4.01,5.81
2018.04.11 02:04:38.715,1.07087,1.07089,1.20,1.00
2018.04.11 02:04:39.232,1.07087,1.0709,1.12,1.87
2018.04.11 02:04:39.874,1.07086,1.0709,1.69,2.25
2018.04.11 02:04:40.646,1.07086,1.0709,1.00,5.44
2018.04.11 02:04:40.962,1.07088,1.07091,3.56,1.00
2018.04.11 02:04:41.068,1.07089,1.07093,2.06,2.32
2018.04.11 02:04:41.122,1.07091,1.07094,1.25,1.00
2018.04.11 02:04:41.436,1.07094,1.07097,1.50,1.00
2018.04.11 02:04:42.703,1.07094,1.07098,1.69,1.50
2018.04.11 02:04:44.451,1.07093,1.07097,2.44,1.87
2018.04.11 02:04:44.981,1.07092,1.07096,1.87,2.06
2018.04.11 02:04:48.327,1.07094,1.07096,1.00,1.00
2018.04.11 02:04:48.837,1.07094,1.07097,1.00,1.12
2018.04.11 02:04:49.349,1.07093,1.07097,1.25,2.62
2018.04.11 02:04:51.211,1.07093,1.07097,1.19,2.25
2018.04.11 02:04:52.907,1.07092,1.07097,2.89,4.87
2018.04.11 02:04:53.432,1.07092,1.07096,2.06,1.00
2018.04.11 02:05:00.408,1.07092,1.07096,1.31,2.32
2018.04.11 02:05:01.224,1.07091,1.07096,6.94,4.57
2018.04.11 02:05:01.557,1.07088,1.07092,2.81,1.95
2018.04.11 02:05:01.663,1.07086,1.07091,3.94,4.57
2018.04.11 02:05:01.939,1.07085,1.0709,4.69,2.32
2018.04.11 02:05:02.149,1.07088,1.07093,7.69,4.57
2018.04.11 02:05:02.752,1.07087,1.07092,4.69,2.32
2018.04.11 02:05:03.270,1.07086,1.0709,2.81,1.57
2018.04.11 02:05:07.607,1.07088,1.07091,2.81,1.07
2018.04.11 02:05:07.711,1.07089,1.07093,1.19,5.32
2018.04.11 02:05:08.734,1.07089,1.07093,2.81,3.07
2018.04.11 02:05:08.992,1.07089,1.07091,1.25,1.00
2018.04.11 02:05:09.507,1.07087,1.07091,2.44,1.50
2018.04.11 02:05:12.686,1.07086,1.0709,3.56,1.12
2018.04.11 02:05:18.209,1.07088,1.07091,2.81,1.20
2018.04.11 02:05:18.415,1.07089,1.07093,2.06,1.00
2018.04.11 02:05:19.245,1.07089,1.07092,1.25,1.12
2018.04.11 02:05:19.768,1.07086,1.07091,4.69,1.95
2018.04.11 02:05:20.273,1.07087,1.07091,1.31,1.95
2018.04.11 02:05:35.829,1.07086,1.07091,4.69,5.32
2018.04.11 02:05:36.337,1.07085,1.0709,3.94,4.80
2018.04.11 02:05:36.864,1.07085,1.0709,3.19,5.17
2018.04.11 02:05:37.369,1.07085,1.07089,2.44,1.20
2018.04.11 02:05:39.274,1.07084,1.07085,3.37,1.00
2018.04.11 02:05:39.326,1.07082,1.07084,1.31,1.00
2018.04.11 02:05:41.689,1.0708,1.07084,1.19,1.57
2018.04.11 02:05:42.327,1.07079,1.07083,2.06,1.12
2018.04.11 02:05:43.654,1.07079,1.07082,1.31,1.87
2018.04.11 02:05:43.706,1.07076,1.07081,3.34,2.25
2018.04.11 02:05:44.222,1.07077,1.07081,2.06,3.82
2018.04.11 02:05:44.276,1.07078,1.07081,2.06,1.00
2018.04.11 02:05:44.329,1.07079,1.07084,3.56,5.70
2018.04.11 02:05:49.441,1.07078,1.07082,3.19,6.00
2018.04.11 02:05:49.988,1.07078,1.07082,2.06,3.75
2018.04.11 02:05:52.364,1.07078,1.07082,1.31,4.12
2018.04.11 02:05:53.898,1.07078,1.07081,1.31,1.00
2018.04.11 02:05:54.399,1.07078,1.07082,1.31,3.00
2018.04.11 02:05:57.389,1.07078,1.07082,4.01,3.37
2018.04.11 02:05:57.902,1.07079,1.07083,5.51,1.00
2018.04.11 02:05:59.791,1.07082,1.07084,2.06,3.75
2018.04.11 02:06:00.047,1.07082,1.07086,3.56,4.31
2018.04.11 02:06:00.201,1.07081,1.07085,3.26,3.00
2018.04.11 02:06:00.354,1.07079,1.07084,3.64,4.87
2018.04.11 02:06:00.889,1.0708,1.07084,1.31,5.62
2018.04.11 02:06:01.404,1.07079,1.07084,4.01,5.62
2018.04.11 02:06:03.151,1.07078,1.07081,1.01,1.00
2018.04.11 02:06:03.565,1.07076,1.0708,1.25,1.12
2018.04.11 02:06:04.888,1.07077,1.0708,2.81,1.12
2018.04.11 02:06:05.097,1.07081,1.07085,2.06,2.25
2018.04.11 02:06:05.209,1.07083,1.07086,1.69,2.25
2018.04.11 02:06:05.261,1.07084,1.07088,1.31,1.20
2018.04.11 02:06:05.365,1.07085,1.07089,1.69,4.12
2018.04.11 02:06:07.379,1.07085,1.0709,3.64,2.62
2018.04.11 02:06:07.844,1.07084,1.07087,3.19,1.00
2018.04.11 02:06:10.585,1.07084,1.07089,3.26,6.00
2018.04.11 02:06:36.919,1.07086,1.07089,1.19,3.75
2018.04.11 02:06:37.028,1.07088,1.07092,5.81,6.82
2018.04.11 02:06:37.237,1.07089,1.07093,3.19,2.70
2018.04.11 02:06:37.850,1.0709,1.07094,1.69,3.75
2018.04.11 02:06:42.686,1.0709,1.07093,2.44,1.00
2018.04.11 02:06:43.232,1.0709,1.07095,3.26,7.87
2018.04.11 02:06:48.101,1.0709,1.07094,3.19,1.50
2018.04.11 02:06:58.001,1.0709,1.07094,2.89,1.87
2018.04.11 02:06:58.585,1.07092,1.07096,1.69,6.45
2018.04.11 02:07:04.468,1.07094,1.07097,1.25,3.00
2018.04.11 02:07:04.727,1.07094,1.07098,2.81,3.75
2018.04.11 02:07:05.140,1.07092,1.07096,4.01,1.50
2018.04.11 02:07:05.244,1.07091,1.07094,6.64,1.00
2018.04.11 02:07:05.791,1.0709,1.07094,3.19,4.95
2018.04.11 02:07:08.468,1.07089,1.07092,1.25,1.12
2018.04.11 02:07:09.287,1.07088,1.07092,1.25,1.87
2018.04.11 02:07:09.909,1.07087,1.07092,4.31,6.07
2018.04.11 02:07:11.668,1.07086,1.0709,5.51,1.12
2018.04.11 02:07:11.980,1.07084,1.07088,2.44,4.87
2018.04.11 02:07:14.883,1.07084,1.07088,2.06,2.25
2018.04.11 02:07:15.039,1.07082,1.07086,2.81,5.25
2018.04.11 02:07:15.153,1.07082,1.07085,1.87,4.12
2018.04.11 02:07:15.673,1.0708,1.07084,2.06,3.75
2018.04.11 02:07:20.424,1.0708,1.07084,1.31,4.12
2018.04.11 02:07:20.938,1.07079,1.07083,4.69,1.12
2018.04.11 02:07:24.547,1.0708,1.07083,2.06,1.00
2018.04.11 02:07:25.685,1.0708,1.07083,1.25,1.00
2018.04.11 02:07:29.772,1.07083,1.07085,2.44,3.45
2018.04.11 02:07:30.323,1.07083,1.07085,3.00,1.25
2018.04.11 02:07:31.777,1.07083,1.07085,2.25,1.31
2018.04.11 02:07:31.882,1.07081,1.07085,2.62,1.31
2018.04.11 02:07:32.739,1.0708,1.07083,1.00,1.25
2018.04.11 02:07:32.846,1.07078,1.07082,3.37,4.54
2018.04.11 02:07:34.354,1.07076,1.0708,3.07,1.31
2018.04.11 02:07:34.773,1.07078,1.07082,1.25,1.07
2018.04.11 02:07:35.280,1.07078,1.07083,1.25,5.14
2018.04.11 02:07:35.808,1.07078,1.07083,3.19,2.70
2018.04.11 02:07:36.019,1.07077,1.07081,1.00,3.64
2018.04.11 02:07:36.493,1.07079,1.07082,1.25,1.10
2018.04.11 02:07:36.647,1.07079,1.07084,2.44,2.70
2018.04.11 02:07:37.633,1.07078,1.07081,3.75,1.00
2018.04.11 02:07:37.840,1.07077,1.07081,1.50,2.06
2018.04.11 02:07:38.349,1.07077,1.0708,1.00,1.31
2018.04.11 02:07:39.408,1.07078,1.07082,3.94,1.95
2018.04.11 02:07:40.275,1.07079,1.07083,2.06,1.87
2018.04.11 02:07:40.327,1.07079,1.07082,1.50,2.06
2018.04.11 02:07:40.538,1.07079,1.07083,1.25,3.45
2018.04.11 02:07:44.424,1.0708,1.07083,1.69,1.00
2018.04.11 02:07:44.970,1.0708,1.07084,1.69,2.25
2018.04.11 02:07:45.493,1.0708,1.07084,1.25,1.50
2018.04.11 02:07:46.192,1.0708,1.07084,1.69,1.00
2018.04.11 02:07:48.011,1.0708,1.07084,1.25,1.50
2018.04.11 02:07:48.736,1.0708,1.07084,1.69,1.50
2018.04.11 02:07:49.295,1.0708,1.07084,1.25,2.32
2018.04.11 02:07:53.016,1.0708,1.07085,2.44,6.07
2018.04.11 02:07:53.530,1.0708,1.07084,1.69,2.62
2018.04.11 02:07:55.206,1.0708,1.07085,3.94,9.45
2018.04.11 02:07:56.842,1.07081,1.07085,1.25,2.44
2018.04.11 02:07:57.375,1.07082,1.07086,1.10,7.01
2018.04.11 02:07:59.951,1.07082,1.07086,5.44,4.12
2018.04.11 02:08:03.842,1.07082,1.07087,8.51,7.12
2018.04.11 02:08:03.950,1.07087,1.07091,2.44,7.12
2018.04.11 02:08:04.470,1.07087,1.07091,1.31,4.12
2018.04.11 02:08:05.422,1.07087,1.07091,2.06,5.62
2018.04.11 02:08:05.937,1.07087,1.07091,2.06,3.00
2018.04.11 02:08:07.034,1.07087,1.0709,2.06,1.12
2018.04.11 02:08:07.144,1.07085,1.07089,4.31,1.50
2018.04.11 02:08:07.764,1.07084,1.07088,1.69,1.87
2018.04.11 02:08:08.265,1.07084,1.07088,1.31,2.62
2018.04.11 02:08:10.453,1.07085,1.07088,2.81,1.87
2018.04.11 02:08:10.606,1.07089,1.07092,1.19,1.10
2018.04.11 02:08:11.120,1.07087,1.07091,1.95,2.81
2018.04.11 02:08:11.862,1.07087,1.07091,2.81,1.00
2018.04.11 02:08:12.337,1.07085,1.07089,3.64,2.25
2018.04.11 02:08:12.856,1.07084,1.07089,2.81,7.20
2018.04.11 02:08:14.556,1.07083,1.07088,4.31,2.32
2018.04.11 02:08:16.034,1.07084,1.07088,1.69,1.50
2018.04.11 02:08:19.705,1.07084,1.07089,3.64,4.87
2018.04.11 02:08:19.915,1.07086,1.0709,1.69,4.50
2018.04.11 02:08:20.425,1.07086,1.0709,2.44,1.12
2018.04.11 02:08:20.933,1.07085,1.07089,1.31,2.62
2018.04.11 02:08:24.387,1.07084,1.07089,5.89,3.37
2018.04.11 02:08:24.542,1.07084,1.07088,1.31,1.87
2018.04.11 02:08:26.106,1.07083,1.07087,1.31,1.50
2018.04.11 02:08:26.637,1.07082,1.07086,2.44,4.12
2018.04.11 02:08:34.722,1.07081,1.07086,3.19,5.89
2018.04.11 02:08:35.244,1.0708,1.07084,1.69,5.62
2018.04.11 02:08:38.596,1.0708,1.07084,1.69,3.75
2018.04.11 02:08:40.239,1.0708,1.07084,2.81,1.12
2018.04.11 02:08:40.294,1.07081,1.07085,1.25,7.01
2018.04.11 02:08:40.813,1.07081,1.07085,2.44,5.25
2018.04.11 02:08:41.459,1.07081,1.07085,1.25,5.25
2018.04.11 02:08:41.961,1.07081,1.07085,1.69,5.25
2018.04.11 02:08:54.298,1.0708,1.07084,4.01,1.12
2018.04.11 02:08:55.725,1.0708,1.07084,3.26,1.12
2018.04.11 02:08:57.707,1.0708,1.07084,1.76,1.87
2018.04.11 02:09:02.774,1.0708,1.07083,1.19,1.00
2018.04.11 02:09:03.322,1.0708,1.07084,1.19,3.37
2018.04.11 02:09:04.067,1.0708,1.07084,1.69,5.25
2018.04.11 02:09:04.746,1.07079,1.07084,7.01,6.37
2018.04.11 02:09:04.954,1.07078,1.07081,1.76,3.37
2018.04.11 02:09:05.007,1.07076,1.07079,1.29,1.50
2018.04.11 02:09:05.520,1.07075,1.07079,1.19,5.25
2018.04.11 02:09:06.554,1.07074,1.07077,1.39,1.00
2018.04.11 02:09:07.064,1.07073,1.07077,4.01,1.00
2018.04.11 02:09:08.016,1.07074,1.07077,1.19,1.00
2018.04.11 02:09:09.862,1.07074,1.07078,1.31,3.37
2018.04.11 02:09:11.201,1.07075,1.07079,3.94,2.62
2018.04.11 02:09:11.573,1.07077,1.0708,1.31,3.37
2018.04.11 02:09:12.689,1.07077,1.0708,1.31,1.50
2018.04.11 02:09:14.060,1.07077,1.07079,1.00,3.00
2018.04.11 02:09:14.163,1.07075,1.07079,3.19,3.37
2018.04.11 02:09:20.203,1.07075,1.07077,1.69,1.00
2018.04.11 02:09:21.791,1.07074,1.07078,1.31,6.37
2018.04.11 02:09:23.660,1.07073,1.07077,5.89,1.12
2018.04.11 02:09:28.187,1.07077,1.07078,1.31,2.25
2018.04.11 02:09:28.395,1.07077,1.0708,2.06,1.00
2018.04.11 02:09:28.551,1.07078,1.07082,3.94,2.32
2018.04.11 02:09:28.708,1.07079,1.07083,3.56,3.00
2018.04.11 02:09:38.820,1.0708,1.07083,2.44,2.32
2018.04.11 02:09:44.324,1.07082,1.07084,2.06,1.95
2018.04.11 02:09:44.428,1.07082,1.07085,7.69,2.32
2018.04.11 02:09:44.531,1.07081,1.07085,3.79,2.25
2018.04.11 02:09:45.588,1.07081,1.07084,2.44,1.10
2018.04.11 02:09:45.692,1.07079,1.07082,2.44,1.87
2018.04.11 02:09:49.328,1.07079,1.07083,3.94,1.57
2018.04.11 02:09:50.585,1.0708,1.07083,2.06,1.57
2018.04.11 02:10:09.365,1.07079,1.07082,2.44,1.20
2018.04.11 02:10:15.678,1.07078,1.07082,2.06,4.76
2018.04.11 02:10:16.267,1.07078,1.07082,2.06,6.07
2018.04.11 02:10:17.909,1.07077,1.07081,3.56,3.45
2018.04.11 02:10:19.141,1.07077,1.0708,1.31,1.57
2018.04.11 02:10:19.193,1.07076,1.07078,5.06,1.50
2018.04.11 02:10:19.298,1.07074,1.07077,3.19,1.00
2018.04.11 02:10:20.478,1.07074,1.07078,3.56,1.95
2018.04.11 02:10:23.056,1.07074,1.07078,5.81,1.95
2018.04.11 02:10:23.268,1.07076,1.0708,7.69,2.32
2018.04.11 02:10:23.870,1.07076,1.0708,6.19,1.95
2018.04.11 02:10:24.871,1.07076,1.0708,4.69,1.95
2018.04.11 02:10:31.282,1.07076,1.0708,2.44,2.70
2018.04.11 02:10:32.019,1.07077,1.07081,2.81,3.07
2018.04.11 02:10:32.601,1.07078,1.07081,1.69,1.00
2018.04.11 02:10:33.131,1.07077,1.07081,3.94,1.12
2018.04.11 02:10:37.790,1.07078,1.07082,1.19,6.45
2018.04.11 02:10:43.645,1.07078,1.07082,1.31,3.75
2018.04.11 02:10:45.565,1.07078,1.07082,2.06,6.07
2018.04.11 02:10:46.072,1.07079,1.07083,6.94,3.82
2018.04.11 02:10:47.787,1.07079,1.07083,6.19,3.82
2018.04.11 02:11:05.854,1.0708,1.07083,1.31,3.00
2018.04.11 02:11:13.742,1.07081,1.07083,1.25,1.00
2018.04.11 02:11:14.082,1.07078,1.07082,4.69,6.37
2018.04.11 02:11:14.615,1.07077,1.0708,3.19,1.12
2018.04.11 02:11:21.002,1.07077,1.07081,2.81,5.62
2018.04.11 02:11:23.894,1.07081,1.07084,1.31,8.32
2018.04.11 02:11:24.106,1.07081,1.07085,4.69,2.62
2018.04.11 02:11:24.651,1.07082,1.07085,1.31,1.87
2018.04.11 02:11:26.009,1.07082,1.07084,1.31,1.00
2018.04.11 02:11:26.622,1.07082,1.07086,1.31,3.75
2018.04.11 02:11:28.254,1.07081,1.07085,2.51,3.75
2018.04.11 02:11:30.594,1.07082,1.07085,1.25,3.75
2018.04.11 02:11:59.740,1.07084,1.07086,1.62,1.87
2018.04.11 02:11:59.846,1.07085,1.07088,1.42,3.45
2018.04.11 02:12:00.369,1.07085,1.07088,2.06,1.00
2018.04.11 02:12:01.036,1.07085,1.07088,1.12,2.25
2018.04.11 02:12:01.246,1.07083,1.07087,2.06,5.70
2018.04.11 02:12:07.702,1.07082,1.07086,2.44,1.20
2018.04.11 02:12:21.087,1.07082,1.07085,2.06,1.00
2018.04.11 02:12:28.989,1.07081,1.07086,5.06,7.20
2018.04.11 02:12:29.299,1.0708,1.07083,2.81,1.12
2018.04.11 02:12:29.822,1.07079,1.07082,2.06,2.25
2018.04.11 02:12:30.339,1.07077,1.07081,7.39,1.12
2018.04.11 02:12:30.848,1.07077,1.0708,2.81,1.00
2018.04.11 02:12:31.361,1.07076,1.0708,2.81,1.95
2018.04.11 02:12:33.109,1.07076,1.07079,3.26,1.00
2018.04.11 02:12:33.625,1.07075,1.07078,2.06,1.50
2018.04.11 02:12:34.372,1.07075,1.07079,2.06,3.00
2018.04.11 02:12:48.377,1.07076,1.07079,1.31,1.87
2018.04.11 02:12:54.235,1.07075,1.07079,2.81,2.62
2018.04.11 02:12:56.943,1.07077,1.07079,1.31,1.50
2018.04.11 02:12:57.049,1.07077,1.07081,3.26,3.00
2018.04.11 02:12:57.546,1.07075,1.07079,4.31,7.12
2018.04.11 02:12:58.069,1.07073,1.07077,5.44,2.25
2018.04.11 02:13:00.303,1.07073,1.07076,3.37,1.31
2018.04.11 02:13:00.854,1.07072,1.07076,3.56,5.14
2018.04.11 02:13:02.961,1.07072,1.07075,2.06,1.87
2018.04.11 02:13:03.462,1.07072,1.07075,2.81,1.37
2018.04.11 02:13:04.122,1.07073,1.07075,1.19,1.12
2018.04.11 02:13:05.202,1.07072,1.07075,4.61,1.37
2018.04.11 02:13:05.516,1.07073,1.07076,1.39,1.50
2018.04.11 02:13:20.395,1.07073,1.07076,1.76,1.87
2018.04.11 02:13:20.941,1.07074,1.07078,4.31,4.12
2018.04.11 02:13:23.859,1.07075,1.07078,1.69,1.50
2018.04.11 02:13:26.147,1.07076,1.0708,2.51,2.70
2018.04.11 02:13:29.818,1.07077,1.0708,3.94,1.57
2018.04.11 02:13:30.366,1.07078,1.07081,3.26,1.12
2018.04.11 02:13:33.246,1.07079,1.07083,1.19,2.25
2018.04.11 02:13:42.877,1.07079,1.07083,2.51,2.62
2018.04.11 02:13:43.084,1.07081,1.07085,2.89,1.00
2018.04.11 02:13:43.676,1.07082,1.07085,1.19,1.00
2018.04.11 02:13:45.438,1.07083,1.07086,1.19,1.12
2018.04.11 02:13:45.542,1.07085,1.07087,1.19,1.12
2018.04.11 02:13:45.595,1.07085,1.07088,2.44,3.37
2018.04.11 02:13:47.253,1.07084,1.07088,4.39,1.50
2018.04.11 02:13:55.215,1.07085,1.07089,2.89,1.87
2018.04.11 02:13:55.735,1.07085,1.07089,1.29,2.25
2018.04.11 02:13:56.293,1.07084,1.07088,2.51,1.00
2018.04.11 02:13:56.830,1.07083,1.07087,8.14,1.00
2018.04.11 02:14:01.625,1.07083,1.07087,1.57,1.69
2018.04.11 02:14:04.628,1.07082,1.07087,9.07,6.56
2018.04.11 02:14:04.784,1.07082,1.07084,1.87,1.00
2018.04.11 02:14:05.167,1.07079,1.07083,4.20,3.56
2018.04.11 02:14:05.767,1.07078,1.07082,1.12,2.44
2018.04.11 02:14:11.796,1.07077,1.07081,3.45,2.44
2018.04.11 02:14:12.743,1.07077,1.07081,2.70,2.44
2018.04.11 02:14:13.276,1.07077,1.07081,4.20,2.44
2018.04.11 02:14:17.078,1.07077,1.07081,4.57,2.06
2018.04.11 02:14:22.975,1.07078,1.07081,2.51,1.50
2018.04.11 02:14:24.524,1.07079,1.07082,2.14,1.00
2018.04.11 02:14:25.285,1.07081,1.07084,1.09,1.00
2018.04.11 02:14:25.389,1.0708,1.07082,5.51,1.00
2018.04.11 02:14:25.948,1.07078,1.07081,2.89,1.00
2018.04.11 02:14:32.241,1.07078,1.07081,1.57,1.00
2018.04.11 02:14:33.511,1.07079,1.07081,1.00,1.00
2018.04.11 02:14:34.078,1.07078,1.07081,2.51,1.00
2018.04.11 02:14:46.170,1.07076,1.0708,1.57,2.81
2018.04.11 02:14:46.224,1.07075,1.0708,5.89,4.91
2018.04.11 02:14:46.743,1.07074,1.07078,3.45,2.06
2018.04.11 02:14:47.254,1.07073,1.07077,4.01,2.25
2018.04.11 02:14:49.697,1.07073,1.07076,1.01,1.12
2018.04.11 02:14:51.621,1.07073,1.07076,1.10,3.00
2018.04.11 02:14:57.042,1.07073,1.07077,1.10,7.31
2018.04.11 02:15:03.337,1.07073,1.07076,1.00,1.00
2018.04.11 02:15:15.011,1.07075,1.07076,2.25,1.00
2018.04.11 02:15:15.219,1.07077,1.0708,1.20,3.56
2018.04.11 02:15:15.739,1.07078,1.07081,1.39,1.12
2018.04.11 02:15:16.815,1.07078,1.07081,3.64,1.00
2018.04.11 02:15:24.259,1.07078,1.07081,3.64,1.00
2018.04.11 02:15:27.447,1.07079,1.07081,1.12,1.00
2018.04.11 02:15:36.429,1.07078,1.07081,2.89,1.12
2018.04.11 02:15:36.947,1.07077,1.0708,1.39,1.12
2018.04.11 02:15:37.156,1.07075,1.07079,5.14,1.69
2018.04.11 02:15:37.705,1.07074,1.07079,4.39,6.19
2018.04.11 02:15:38.064,1.07075,1.07079,5.14,1.25
2018.04.11 02:15:38.370,1.07077,1.07081,2.89,1.69
2018.04.11 02:15:38.892,1.07078,1.07081,2.89,1.00
2018.04.11 02:15:40.879,1.07077,1.0708,4.57,1.00
2018.04.11 02:15:41.454,1.07077,1.07081,4.57,1.25
2018.04.11 02:15:48.637,1.07077,1.0708,2.70,1.00
2018.04.11 02:15:49.168,1.07077,1.07081,3.07,2.44
2018.04.11 02:15:54.042,1.07077,1.07081,2.32,4.69
2018.04.11 02:15:54.146,1.07076,1.07079,1.95,1.25
2018.04.11 02:15:54.348,1.07074,1.07079,2.51,8.06
2018.04.11 02:15:54.880,1.07074,1.07078,3.26,1.12
2018.04.11 02:15:55.698,1.07074,1.07077,1.07,1.50
2018.04.11 02:15:56.231,1.07073,1.07077,4.01,1.00
2018.04.11 02:15:56.918,1.07073,1.07077,5.14,1.12
2018.04.11 02:15:58.949,1.07074,1.07077,2.25,1.00
2018.04.11 02:15:59.053,1.07075,1.07078,1.50,1.12
2018.04.11 02:15:59.209,1.07076,1.0708,2.77,1.69
2018.04.11 02:15:59.755,1.07075,1.07079,5.14,1.00
2018.04.11 02:16:00.393,1.07075,1.07079,3.45,1.25
2018.04.11 02:16:00.793,1.07074,1.07078,1.57,4.69
2018.04.11 02:16:00.949,1.07073,1.07078,3.64,6.19
2018.04.11 02:16:03.925,1.07072,1.07076,2.70,1.25
2018.04.11 02:16:04.479,1.07072,1.07076,1.39,2.25
2018.04.11 02:16:04.586,1.07073,1.07077,1.70,2.25
2018.04.11 02:16:05.105,1.07074,1.07078,3.45,1.25
2018.04.11 02:16:05.659,1.07073,1.07077,3.64,1.00
2018.04.11 02:16:07.353,1.07073,1.07076,2.70,1.00
2018.04.11 02:16:07.900,1.07073,1.07077,2.70,1.69
2018.04.11 02:16:10.737,1.07073,1.07076,2.70,1.00
2018.04.11 02:16:11.239,1.07073,1.07077,1.10,3.56
2018.04.11 02:16:13.853,1.07073,1.07076,1.10,1.00
2018.04.11 02:16:14.377,1.07073,1.07077,1.00,2.44
2018.04.11 02:16:15.991,1.07072,1.07077,5.70,3.19
2018.04.11 02:16:16.322,1.07067,1.07069,3.45,1.69
2018.04.11 02:16:16.477,1.07065,1.07069,5.51,1.25
2018.04.11 02:16:16.994,1.07065,1.0707,5.96,2.81
2018.04.11 02:16:18.018,1.07065,1.0707,5.21,3.94
2018.04.11 02:16:21.633,1.07065,1.0707,4.76,3.19
2018.04.11 02:16:22.621,1.07063,1.07067,3.07,2.06
2018.04.11 02:16:23.130,1.07062,1.07067,2.89,6.56
2018.04.11 02:16:23.646,1.07062,1.07067,2.89,7.31
2018.04.11 02:16:25.833,1.07061,1.07066,3.26,4.69
2018.04.11 02:16:26.350,1.0706,1.07065,6.64,3.94
2018.04.11 02:16:26.867,1.07061,1.07065,1.39,2.44
2018.04.11 02:16:27.590,1.07061,1.07065,1.01,3.19
2018.04.11 02:16:28.228,1.07061,1.07065,1.32,1.25
2018.04.11 02:16:28.823,1.07061,1.07065,1.01,1.25
2018.04.11 02:16:30.029,1.07061,1.07065,1.32,1.25
2018.04.11 02:16:30.583,1.07061,1.07065,1.01,1.25
2018.04.11 02:16:32.662,1.07061,1.07065,1.32,1.25
2018.04.11 02:16:34.441,1.07061,1.07065,1.01,1.25
2018.04.11 02:16:34.988,1.07061,1.07065,1.32,1.25
2018.04.11 02:16:35.537,1.07061,1.07066,1.39,6.94
2018.04.11 02:16:39.326,1.07061,1.07065,1.39,1.50
2018.04.11 02:16:39.959,1.0706,1.07063,3.26,1.00
2018.04.11 02:16:40.586,1.0706,1.07063,1.20,1.25
2018.04.11 02:16:41.481,1.07059,1.07063,1.57,3.56
2018.04.11 02:16:41.794,1.07056,1.0706,1.57,3.19
2018.04.11 02:16:42.319,1.07056,1.0706,2.89,1.25
2018.04.11 02:16:42.525,1.07058,1.07063,6.14,2.06
2018.04.11 02:16:42.834,1.0706,1.07065,3.82,1.87
2018.04.11 02:16:43.354,1.0706,1.07065,3.45,2.25
2018.04.11 02:16:43.896,1.07061,1.07065,1.95,1.50
2018.04.11 02:16:46.925,1.07063,1.07067,2.81,1.76
2018.04.11 02:16:46.977,1.07063,1.07068,3.94,7.57
2018.04.11 02:16:47.508,1.07064,1.07068,3.56,1.00
2018.04.11 02:16:47.616,1.07064,1.07067,1.31,1.00
2018.04.11 02:16:47.827,1.07062,1.07066,2.62,2.06
2018.04.11 02:16:48.343,1.07062,1.07065,4.12,1.25
2018.04.11 02:16:50.769,1.07061,1.07064,1.62,1.00
2018.04.11 02:16:51.296,1.0706,1.07064,2.44,1.50
2018.04.11 02:16:54.529,1.07061,1.07065,1.25,3.26
2018.04.11 02:16:55.721,1.07062,1.07066,1.56,3.75
2018.04.11 02:16:57.498,1.07062,1.07066,3.19,1.00
2018.04.11 02:16:58.015,1.07063,1.07067,1.31,1.12
2018.04.11 02:16:58.360,1.07065,1.07069,1.39,2.70
2018.04.11 02:17:10.493,1.07064,1.07068,2.06,1.00
2018.04.11 02:17:12.152,1.07064,1.07068,1.69,1.87
2018.04.11 02:17:19.927,1.07063,1.07067,3.75,1.00
2018.04.11 02:17:20.429,1.07063,1.07067,1.12,1.12
2018.04.11 02:17:25.525,1.07064,1.07067,1.87,1.00
2018.04.11 02:17:26.034,1.07064,1.07068,1.37,1.69
2018.04.11 02:17:26.563,1.07064,1.07068,1.00,1.69
2018.04.11 02:17:29.514,1.07065,1.07068,1.10,1.12
2018.04.11 02:17:30.046,1.07066,1.0707,1.50,2.14
2018.04.11 02:17:32.774,1.07065,1.0707,8.89,2.06
2018.04.11 02:17:36.877,1.07066,1.07071,4.31,3.64
2018.04.11 02:17:37.192,1.0707,1.07073,2.81,1.00
2018.04.11 02:17:37.347,1.07072,1.07076,1.12,2.44
2018.04.11 02:17:41.890,1.07071,1.07075,5.06,1.00
2018.04.11 02:17:42.401,1.07071,1.07074,1.12,1.87
2018.04.11 02:17:43.271,1.07071,1.07075,1.12,1.31
2018.04.11 02:17:47.257,1.07071,1.07075,1.12,2.44
2018.04.11 02:17:48.585,1.0707,1.07075,1.69,5.36
2018.04.11 02:17:51.823,1.07069,1.07073,3.45,1.31
2018.04.11 02:17:52.240,1.07067,1.07072,6.26,4.31
2018.04.11 02:17:52.784,1.07067,1.07071,1.69,1.00
2018.04.11 02:17:54.657,1.07067,1.0707,1.69,1.00
2018.04.11 02:17:56.191,1.07067,1.07072,2.51,4.31
2018.04.11 02:17:56.713,1.07067,1.07072,8.51,2.62
2018.04.11 02:17:57.230,1.07068,1.07072,1.69,1.00
2018.04.11 02:18:01.186,1.07068,1.07071,1.50,2.25
2018.04.11 02:18:01.342,1.07067,1.07071,1.00,3.56
2018.04.11 02:18:01.859,1.07066,1.07069,3.19,1.00
2018.04.11 02:18:02.374,1.07066,1.0707,1.69,1.50
2018.04.11 02:18:05.994,1.07066,1.0707,1.12,3.00
2018.04.11 02:18:07.357,1.07066,1.0707,1.12,3.75
2018.04.11 02:18:08.588,1.07066,1.0707,1.12,3.37
2018.04.11 02:18:09.129,1.07066,1.0707,1.12,3.37
2018.04.11 02:18:10.722,1.07066,1.07071,5.70,4.31
2018.04.11 02:18:11.243,1.07067,1.07071,1.00,2.62
2018.04.11 02:18:11.866,1.07066,1.07071,3.64,3.37
2018.04.11 02:18:12.433,1.07066,1.0707,1.12,1.00
2018.04.11 02:18:13.154,1.07066,1.07071,2.70,3.56
2018.04.11 02:18:14.295,1.07066,1.07071,8.14,3.37
2018.04.11 02:18:14.808,1.07066,1.0707,5.14,1.00
2018.04.11 02:18:15.335,1.07066,1.0707,3.45,1.00
2018.04.11 02:18:15.844,1.07066,1.07071,6.19,4.20
2018.04.11 02:18:16.352,1.07066,1.0707,7.76,1.00
2018.04.11 02:18:17.384,1.07066,1.0707,4.76,1.00
2018.04.11 02:18:17.905,1.07066,1.07071,7.01,3.37
2018.04.11 02:18:18.440,1.07066,1.0707,6.26,1.00
2018.04.11 02:18:18.983,1.07066,1.07071,4.39,3.37
2018.04.11 02:18:19.505,1.07066,1.07071,2.89,4.50
2018.04.11 02:18:21.784,1.07066,1.07071,6.64,3.37
2018.04.11 02:18:22.452,1.07066,1.07071,4.39,4.87
2018.04.11 02:18:22.965,1.07067,1.07071,1.12,2.62
2018.04.11 02:18:23.633,1.07066,1.07069,3.00,1.00
2018.04.11 02:18:24.229,1.07066,1.0707,2.51,2.25
2018.04.11 02:18:24.752,1.07066,1.0707,2.62,2.81
2018.04.11 02:18:25.604,1.07066,1.0707,4.39,1.12
2018.04.11 02:18:26.183,1.07066,1.07069,2.25,1.19
2018.04.11 02:18:26.342,1.07065,1.0707,10.39,2.06
2018.04.11 02:18:26.869,1.07066,1.0707,1.50,2.06
2018.04.11 02:18:28.142,1.07066,1.0707,3.45,1.31
2018.04.11 02:18:28.654,1.07066,1.0707,3.56,1.87
2018.04.11 02:18:31.054,1.07067,1.0707,1.50,1.12
2018.04.11 02:18:32.157,1.07066,1.0707,5.44,1.12
2018.04.11 02:18:36.185,1.07067,1.0707,1.50,1.12
2018.04.11 02:18:36.706,1.07066,1.0707,3.26,1.00
2018.04.11 02:18:37.221,1.07067,1.0707,1.50,1.00
2018.04.11 02:18:38.201,1.07067,1.07071,3.37,1.25
2018.04.11 02:18:42.664,1.07071,1.07072,1.12,1.50
2018.04.11 02:18:42.770,1.07073,1.07076,2.25,1.50
2018.04.11 02:18:43.271,1.07073,1.07077,5.51,1.25
2018.04.11 02:18:54.088,1.07073,1.07078,3.26,3.75
2018.04.11 02:18:54.448,1.07075,1.07078,1.19,3.00
2018.04.11 02:18:54.555,1.07077,1.0708,1.31,1.87
2018.04.11 02:18:55.129,1.07077,1.07081,1.69,2.25
2018.04.11 02:18:58.357,1.07077,1.07081,4.01,1.87
2018.04.11 02:19:03.254,1.07078,1.07081,2.14,1.00
2018.04.11 02:19:28.329,1.07079,1.07082,2.89,1.00
2018.04.11 02:19:28.540,1.07082,1.07085,3.26,1.00
2018.04.11 02:19:29.955,1.07081,1.07084,2.81,1.87
2018.04.11 02:19:30.998,1.07081,1.07084,2.25,3.19
2018.04.11 02:19:32.462,1.0708,1.07084,4.76,3.56
2018.04.11 02:19:38.026,1.07079,1.07082,8.89,1.00
2018.04.11 02:19:38.079,1.07082,1.07083,1.00,1.87
2018.04.11 02:19:38.309,1.07082,1.07085,2.89,3.00
2018.04.11 02:19:38.826,1.07082,1.07087,2.51,6.37
2018.04.11 02:19:39.346,1.07083,1.07087,5.51,1.00
2018.04.11 02:19:39.887,1.07083,1.07088,9.64,6.37
2018.04.11 02:19:40.916,1.07086,1.07088,1.00,6.37
2018.04.11 02:19:41.434,1.07083,1.07088,9.26,6.37
2018.04.11 02:19:41.950,1.07083,1.07088,8.14,6.56
2018.04.11 02:19:42.487,1.07084,1.07089,6.26,3.94
2018.04.11 02:19:43.004,1.07084,1.07089,4.01,3.19
2018.04.11 02:19:45.355,1.07084,1.07089,1.01,4.69
2018.04.11 02:19:45.869,1.07084,1.07089,2.14,5.81
2018.04.11 02:19:50.574,1.07083,1.07087,7.39,1.00
2018.04.11 02:19:51.298,1.07083,1.07088,8.32,3.19
2018.04.11 02:19:52.979,1.07085,1.07088,1.00,1.00
2018.04.11 02:19:53.501,1.07085,1.07089,1.00,5.62
2018.04.11 02:19:58.191,1.07085,1.07088,1.00,1.00
2018.04.11 02:19:59.367,1.07084,1.07089,2.62,5.51
2018.04.11 02:20:00.552,1.07084,1.07088,2.70,1.00
2018.04.11 02:20:02.279,1.07084,1.07089,3.37,6.26
2018.04.11 02:20:02.993,1.07084,1.07089,3.00,5.14
2018.04.11 02:20:12.059,1.07088,1.07089,1.00,2.62
2018.04.11 02:20:12.111,1.07088,1.07092,1.69,1.20
2018.04.11 02:20:12.266,1.07088,1.0709,1.12,1.00
2018.04.11 02:20:12.803,1.07086,1.0709,2.25,3.94
2018.04.11 02:20:15.024,1.07087,1.07091,3.56,1.31
2018.04.11 02:20:15.492,1.07087,1.07091,5.25,1.31
2018.04.11 02:20:15.544,1.07087,1.07092,4.69,9.82
2018.04.11 02:20:16.080,1.07087,1.07091,3.75,2.06
2018.04.11 02:20:17.199,1.07088,1.07091,5.51,1.00
2018.04.11 02:20:17.252,1.0709,1.07094,1.12,3.64
2018.04.11 02:20:17.768,1.07091,1.07094,1.00,1.25
2018.04.11 02:20:17.976,1.07092,1.07096,3.75,1.19
2018.04.11 02:20:19.705,1.07091,1.07096,3.52,2.44
2018.04.11 02:20:19.860,1.07091,1.07095,3.75,2.06
2018.04.11 02:20:37.626,1.0709,1.07095,3.37,5.51
2018.04.11 02:20:37.681,1.0709,1.07091,1.87,1.00
2018.04.11 02:20:37.894,1.0709,1.07093,1.12,3.19
2018.04.11 02:20:39.267,1.0709,1.07095,3.56,5.14
2018.04.11 02:20:51.013,1.07089,1.07093,1.87,1.00
2018.04.11 02:20:54.659,1.07089,1.07094,1.87,2.14
2018.04.11 02:20:55.947,1.07091,1.07095,1.00,4.76
2018.04.11 02:20:56.465,1.07091,1.07095,1.12,3.64
2018.04.11 02:21:25.533,1.0709,1.07093,3.19,1.00
2018.04.11 02:21:26.210,1.0709,1.07094,2.81,2.06
2018.04.11 02:21:26.366,1.0709,1.07092,1.25,1.12
2018.04.11 02:21:26.470,1.07087,1.07091,6.64,1.12
2018.04.11 02:21:26.832,1.07087,1.07089,1.00,1.25
2018.04.11 02:21:35.120,1.07086,1.07089,2.25,1.25
2018.04.11 02:21:35.625,1.07085,1.07088,3.00,1.31
2018.04.11 02:21:36.386,1.07085,1.07088,2.62,1.31
2018.04.11 02:21:37.005,1.07086,1.07089,1.12,1.69
2018.04.11 02:21:37.325,1.07087,1.07091,1.57,3.56
2018.04.11 02:21:37.865,1.07087,1.07091,2.51,2.81
2018.04.11 02:21:44.948,1.07088,1.07092,1.70,5.44
2018.04.11 02:21:45.503,1.07089,1.07092,2.70,1.25
2018.04.11 02:21:47.450,1.07089,1.07092,1.57,1.25
2018.04.11 02:21:48.144,1.07089,1.07093,3.07,1.69
2018.04.11 02:21:48.679,1.07089,1.07093,3.45,1.69
2018.04.11 02:21:54.335,1.0709,1.07094,1.32,3.56
2018.04.11 02:21:59.683,1.0709,1.07093,1.31,2.25
2018.04.11 02:22:05.826,1.07088,1.0709,4.57,1.25
2018.04.11 02:22:06.142,1.07084,1.07087,1.62,1.12
2018.04.11 02:22:06.661,1.07083,1.07087,2.81,1.50
2018.04.11 02:22:13.246,1.07083,1.07087,2.62,5.44
2018.04.11 02:22:13.767,1.07083,1.07087,1.12,3.56
2018.04.11 02:22:21.771,1.07083,1.07087,1.31,3.37
2018.04.11 02:22:22.625,1.07086,1.07088,1.00,3.00
2018.04.11 02:22:22.729,1.07087,1.07089,1.00,1.12
2018.04.11 02:22:22.833,1.07087,1.07091,4.76,1.50
2018.04.11 02:22:23.395,1.07087,1.07091,2.51,1.50
2018.04.11 02:22:23.653,1.07087,1.07091,1.01,1.50
2018.04.11 02:22:24.016,1.07087,1.07091,1.76,1.50
2018.04.11 02:22:24.517,1.07087,1.07091,1.76,1.50
2018.04.11 02:22:25.061,1.07087,1.07091,2.96,1.50
2018.04.11 02:22:25.733,1.07087,1.07091,1.01,1.50
2018.04.11 02:22:26.629,1.07087,1.07091,1.76,1.50
2018.04.11 02:22:30.093,1.07087,1.07091,2.14,1.50
2018.04.11 02:22:34.590,1.07087,1.07091,3.64,1.50
2018.04.11 02:22:34.643,1.07087,1.07089,1.95,1.00
2018.04.11 02:22:34.852,1.07085,1.07088,5.51,1.87
2018.04.11 02:22:38.034,1.07084,1.07087,4.39,1.00
2018.04.11 02:22:45.291,1.07085,1.07089,2.06,3.00
2018.04.11 02:22:48.980,1.07085,1.07088,1.62,1.12
2018.04.11 02:22:49.482,1.07085,1.07088,1.25,1.95
2018.04.11 02:22:50.373,1.07083,1.07087,7.16,1.20
2018.04.11 02:22:50.921,1.07083,1.07087,2.44,1.95
2018.04.11 02:22:56.724,1.07083,1.07087,2.25,1.95
2018.04.11 02:22:57.235,1.07083,1.07087,1.37,2.70
2018.04.11 02:23:01.264,1.07083,1.07087,1.00,2.89
2018.04.11 02:23:01.778,1.07083,1.07087,1.00,4.76
2018.04.11 02:23:02.333,1.07083,1.07087,1.12,4.76
2018.04.11 02:23:03.476,1.07083,1.07087,1.00,4.76
2018.04.11 02:23:04.886,1.07083,1.07087,1.50,5.51
2018.04.11 02:23:05.409,1.07084,1.07087,1.12,1.00
2018.04.11 02:23:05.921,1.07084,1.07087,1.50,1.00
2018.04.11 02:23:07.786,1.07084,1.07088,1.50,5.14
2018.04.11 02:23:08.326,1.07084,1.07087,1.50,1.95
2018.04.11 02:23:09.959,1.07084,1.07087,1.12,1.57
2018.04.11 02:23:10.940,1.07082,1.07084,2.32,1.25
2018.04.11 02:23:11.280,1.0708,1.07083,1.50,2.14
2018.04.11 02:23:12.453,1.07079,1.07083,5.06,2.51
2018.04.11 02:23:12.514,1.07078,1.07081,2.62,2.89
2018.04.11 02:23:12.759,1.07076,1.07079,1.50,4.39
2018.04.11 02:23:13.744,1.07075,1.07079,2.62,3.26
2018.04.11 02:23:14.224,1.07073,1.07077,1.50,1.39
2018.04.11 02:23:14.742,1.07072,1.07076,1.12,2.14
2018.04.11 02:23:15.841,1.07073,1.07077,1.00,5.89
2018.04.11 02:23:31.172,1.07073,1.07077,1.12,2.89
2018.04.11 02:23:37.560,1.07074,1.07077,1.50,2.25
2018.04.11 02:23:37.819,1.07075,1.07079,3.19,2.44
2018.04.11 02:23:38.344,1.07075,1.07079,1.62,2.06
2018.04.11 02:23:38.877,1.07075,1.07079,1.69,3.19
2018.04.11 02:23:52.515,1.07076,1.07079,1.00,2.06
2018.04.11 02:23:53.021,1.07077,1.0708,1.00,3.94
2018.04.11 02:23:55.998,1.07075,1.07079,2.44,2.81
2018.04.11 02:23:56.543,1.07075,1.07079,1.25,3.94
2018.04.11 02:23:58.414,1.07074,1.07078,3.94,1.31
2018.04.11 02:23:58.986,1.07076,1.07078,1.12,1.00
2018.04.11 02:23:59.211,1.07077,1.0708,1.00,2.06
2018.04.11 02:24:00.059,1.07076,1.0708,3.00,3.56
2018.04.11 02:24:00.214,1.07075,1.07079,5.89,2.06
2018.04.11 02:24:00.857,1.07075,1.07079,1.31,4.31
2018.04.11 02:24:15.346,1.07076,1.07079,1.37,1.69
2018.04.11 02:24:15.870,1.07076,1.0708,1.76,2.44
2018.04.11 02:24:16.385,1.07076,1.0708,1.95,2.44
2018.04.11 02:24:17.011,1.07076,1.0708,3.00,2.81
2018.04.11 02:24:17.981,1.07076,1.0708,1.76,1.31
2018.04.11 02:24:20.682,1.07076,1.0708,5.47,2.81
2018.04.11 02:24:20.993,1.07078,1.07081,1.50,2.81
2018.04.11 02:24:21.536,1.07078,1.07081,1.87,1.31
2018.04.11 02:24:31.838,1.07079,1.07082,1.00,3.19
2018.04.11 02:24:32.379,1.07078,1.07081,1.50,1.31
2018.04.11 02:24:36.549,1.07079,1.07082,1.12,1.31
2018.04.11 02:24:36.651,1.07079,1.07083,4.31,3.94
2018.04.11 02:25:00.287,1.07084,1.07086,9.29,1.76
2018.04.11 02:25:00.340,1.07087,1.0709,1.12,7.57
2018.04.11 02:25:00.755,1.07089,1.07091,1.19,1.10
2018.04.11 02:25:00.807,1.07089,1.07093,1.19,2.70
2018.04.11 02:25:03.074,1.07089,1.07091,3.37,1.00
2018.04.11 02:25:03.230,1.07087,1.0709,1.00,1.01
2018.04.11 02:25:03.563,1.07085,1.07089,4.69,2.51
2018.04.11 02:25:06.981,1.07085,1.07088,2.81,2.25
2018.04.11 02:25:12.025,1.07084,1.07088,1.00,1.01
2018.04.11 02:25:12.681,1.07083,1.07087,3.00,1.76
2018.04.11 02:25:30.742,1.07083,1.07086,3.37,1.19
2018.04.11 02:25:31.309,1.07083,1.07086,1.12,1.39
2018.04.11 02:25:52.590,1.07084,1.07087,1.50,2.51
2018.04.11 02:25:52.908,1.07087,1.0709,1.50,1.00
2018.04.11 02:25:53.425,1.07087,1.07091,3.45,2.70
2018.04.11 02:25:53.735,1.07087,1.07091,3.00,1.50
2018.04.11 02:25:55.025,1.07087,1.07091,6.00,1.12
2018.04.11 02:25:55.696,1.07087,1.07091,3.00,1.12
2018.04.11 02:25:58.041,1.07086,1.07089,3.00,2.44
2018.04.11 02:25:58.352,1.07084,1.07087,1.00,1.12
2018.04.11 02:26:00.436,1.07083,1.07087,2.62,4.39
2018.04.11 02:26:07.971,1.07083,1.07087,2.25,5.89
2018.04.11 02:26:08.281,1.07083,1.07085,1.39,1.31
2018.04.11 02:26:10.950,1.07083,1.07085,1.39,1.12
2018.04.11 02:26:11.694,1.07083,1.07086,1.76,1.57
2018.04.11 02:26:15.649,1.07083,1.07086,2.51,1.00
2018.04.11 02:26:17.403,1.07083,1.07087,3.26,4.39
2018.04.11 02:26:23.650,1.07083,1.07087,3.64,1.39
2018.04.11 02:26:24.769,1.07083,1.07087,4.39,1.39
2018.04.11 02:26:35.470,1.07084,1.07088,3.37,3.64
2018.04.11 02:26:35.933,1.07085,1.07088,2.44,1.10
2018.04.11 02:26:36.246,1.07088,1.0709,7.87,2.14
2018.04.11 02:26:37.186,1.07087,1.0709,3.94,1.10
2018.04.11 02:26:37.545,1.07089,1.07093,2.25,2.89
2018.04.11 02:26:49.336,1.07089,1.07093,1.12,7.76
2018.04.11 02:26:50.923,1.07088,1.07091,1.00,1.39
2018.04.11 02:26:51.440,1.07087,1.07091,4.87,1.76
2018.04.11 02:27:01.286,1.07089,1.07092,1.12,4.01
2018.04.11 02:27:01.773,1.07089,1.07093,8.62,2.51
2018.04.11 02:27:02.640,1.07089,1.07093,8.62,2.51
2018.04.11 02:27:22.723,1.07088,1.07092,1.50,4.76
2018.04.11 02:27:23.244,1.07088,1.07092,2.25,3.26
2018.04.11 02:28:08.349,1.07089,1.07091,1.87,3.37
2018.04.11 02:28:08.402,1.07087,1.07091,2.06,5.70
2018.04.11 02:28:08.614,1.07085,1.07088,1.31,1.20
2018.04.11 02:28:09.181,1.07084,1.07087,1.69,2.32
2018.04.11 02:28:09.729,1.07084,1.07087,1.50,2.32
2018.04.11 02:28:10.275,1.07083,1.07086,2.51,3.64
2018.04.11 02:28:11.648,1.07083,1.07086,2.70,1.95
2018.04.11 02:28:15.092,1.07083,1.07085,2.14,1.00
2018.04.11 02:28:15.612,1.07083,1.07086,5.14,1.10
2018.04.11 02:28:17.639,1.07083,1.07085,2.14,1.12
2018.04.11 02:28:18.458,1.07083,1.07086,1.65,1.20
2018.04.11 02:28:32.442,1.07084,1.07087,1.00,1.95
2018.04.11 02:28:33.031,1.07084,1.07087,1.00,1.95
2018.04.11 02:28:33.633,1.07083,1.07087,6.34,1.95
2018.04.11 02:28:34.568,1.07084,1.07087,9.56,1.47
2018.04.11 02:28:35.340,1.07085,1.07088,2.81,1.57
2018.04.11 02:29:20.872,1.07083,1.07087,7.09,2.70
2018.04.11 02:29:21.637,1.07083,1.07087,7.84,2.70
2018.04.11 02:29:35.114,1.07084,1.07087,1.50,1.57
2018.04.11 02:29:40.719,1.07083,1.07087,7.27,1.57
2018.04.11 02:29:42.988,1.07083,1.07087,6.90,2.32
2018.04.11 02:30:01.646,1.07083,1.07087,5.77,5.32
2018.04.11 02:30:12.191,1.07083,1.07085,5.02,1.25
2018.04.11 02:30:16.836,1.07083,1.07086,3.15,1.57
2018.04.11 02:30:17.946,1.07084,1.07086,1.00,1.20
2018.04.11 02:30:18.484,1.07084,1.07087,1.00,5.32
2018.04.11 02:30:22.923,1.07086,1.07087,1.00,7.20
2018.04.11 02:30:23.081,1.07084,1.07087,3.94,1.37
2018.04.11 02:30:23.282,1.07083,1.07087,7.69,1.95
2018.04.11 02:30:23.384,1.07084,1.07087,1.25,2.32
2018.04.11 02:30:34.212,1.07084,1.07087,1.00,1.50
2018.04.11 02:30:35.246,1.07083,1.07087,5.44,1.50
2018.04.11 02:30:36.906,1.07083,1.07087,4.69,3.00
2018.04.11 02:30:55.584,1.07083,1.07087,4.31,6.00
2018.04.11 02:30:58.409,1.07083,1.07087,4.31,6.00
2018.04.11 02:31:03.950,1.07083,1.07087,4.69,4.87
2018.04.11 02:31:09.994,1.07084,1.07087,1.00,3.75
2018.04.11 02:31:16.512,1.07084,1.07087,2.70,1.50
2018.04.11 02:31:17.017,1.07084,1.07088,2.70,3.75
2018.04.11 02:31:18.062,1.07084,1.07088,2.25,3.75
2018.04.11 02:31:19.157,1.07084,1.07087,2.25,1.00
2018.04.11 02:31:19.694,1.07084,1.07088,3.75,3.00
2018.04.11 02:31:25.839,1.07084,1.07088,4.95,1.87
2018.04.11 02:31:26.044,1.07084,1.07088,5.70,1.87
2018.04.11 02:31:26.293,1.07084,1.07088,6.37,1.87
2018.04.11 02:31:41.485,1.07087,1.07089,1.12,2.25
2018.04.11 02:31:41.745,1.07088,1.07091,1.50,3.45
2018.04.11 02:31:42.130,1.0709,1.07092,1.00,6.56
2018.04.11 02:31:42.447,1.07098,1.07101,3.00,2.62
2018.04.11 02:31:42.959,1.07098,1.07101,2.25,1.50
2018.04.11 02:31:43.628,1.07098,1.071,1.00,1.00
2018.04.11 02:31:44.161,1.07098,1.07101,1.00,2.81
2018.04.11 02:31:45.295,1.07097,1.07101,2.25,4.31
2018.04.11 02:31:45.930,1.07098,1.07101,1.00,3.56
2018.04.11 02:31:46.754,1.07097,1.071,1.50,1.69
2018.04.11 02:31:47.274,1.07096,1.07099,1.37,1.00
2018.04.11 02:31:47.792,1.07096,1.071,3.64,1.50
2018.04.11 02:31:49.923,1.07096,1.07099,1.87,1.00
2018.04.11 02:31:50.441,1.07096,1.07099,1.00,1.12
2018.04.11 02:31:51.180,1.07096,1.071,3.75,1.31
2018.04.11 02:31:51.698,1.07096,1.07099,2.25,1.12
2018.04.11 02:31:52.211,1.07097,1.071,1.00,1.31
2018.04.11 02:31:52.753,1.07096,1.071,2.25,2.44
2018.04.11 02:31:53.901,1.07096,1.071,2.25,1.69
2018.04.11 02:31:54.418,1.07096,1.07099,3.45,1.25
2018.04.11 02:31:55.103,1.07096,1.071,4.12,1.25
2018.04.11 02:31:59.344,1.07097,1.071,1.00,1.25
2018.04.11 02:32:00.579,1.07097,1.071,1.87,1.25
2018.04.11 02:32:00.890,1.071,1.07104,2.44,1.12
2018.04.11 02:32:01.430,1.07102,1.07105,1.50,2.06
2018.04.11 02:32:06.422,1.07102,1.07105,1.50,1.31
2018.04.11 02:32:08.190,1.07101,1.07105,5.25,2.44
2018.04.11 02:32:09.306,1.07101,1.07105,5.25,2.44
2018.04.11 02:32:11.091,1.07101,1.07105,5.25,2.44
2018.04.11 02:32:12.147,1.07099,1.07101,2.51,1.50
2018.04.11 02:32:12.354,1.07098,1.07101,1.12,1.69
2018.04.11 02:32:13.162,1.07098,1.07101,1.00,4.76
2018.04.11 02:32:13.868,1.07096,1.071,2.25,2.89
2018.04.11 02:32:16.236,1.07096,1.07099,1.00,2.81
2018.04.11 02:32:20.400,1.07096,1.07099,1.75,2.25
2018.04.11 02:32:25.903,1.07096,1.07099,1.50,1.69
2018.04.11 02:32:26.440,1.07097,1.071,1.50,1.31
2018.04.11 02:32:38.272,1.07099,1.07102,1.50,2.89
2018.04.11 02:32:39.638,1.07099,1.07102,4.50,1.19
2018.04.11 02:32:40.481,1.07098,1.07101,2.62,1.19
2018.04.11 02:32:41.033,1.07098,1.07101,1.87,3.19
2018.04.11 02:32:41.749,1.07098,1.07101,1.50,3.19
2018.04.11 02:32:45.914,1.07098,1.07101,1.50,1.19
2018.04.11 02:32:46.431,1.07099,1.07101,1.00,1.19
2018.04.11 02:32:47.608,1.07099,1.07101,1.00,1.25
2018.04.11 02:32:49.229,1.07098,1.07101,1.50,1.69
2018.04.11 02:32:49.757,1.07098,1.07101,1.12,2.44
2018.04.11 02:32:50.304,1.07097,1.071,1.00,4.31
2018.04.11 02:32:50.897,1.07097,1.071,1.00,3.94
2018.04.11 02:32:56.318,1.07098,1.071,1.00,1.31
2018.04.11 02:33:02.090,1.07097,1.07101,6.00,2.81
2018.04.11 02:33:02.621,1.07096,1.071,3.75,1.19
2018.04.11 02:33:03.289,1.07096,1.07097,1.00,1.00
2018.04.11 02:33:03.499,1.07094,1.07097,4.87,1.31
2018.04.11 02:33:03.589,1.07094,1.07095,2.81,1.00
2018.04.11 02:33:03.747,1.07096,1.07099,1.12,1.25
2018.04.11 02:33:03.905,1.07097,1.071,2.25,1.69
2018.04.11 02:33:04.217,1.07093,1.07095,2.25,1.00
2018.04.11 02:33:05.345,1.07093,1.07097,3.37,2.06
2018.04.11 02:33:05.501,1.07095,1.07098,1.50,1.93
2018.04.11 02:33:05.656,1.07095,1.07099,2.62,4.01
2018.04.11 02:33:06.176,1.07095,1.07099,2.62,3.19
2018.04.11 02:33:06.687,1.07096,1.07101,5.25,7.39
2018.04.11 02:33:07.216,1.07096,1.07097,1.00,19.31
2018.04.11 02:33:07.269,1.07095,1.07099,3.26,2.44
2018.04.11 02:33:07.375,1.07094,1.07098,3.75,2.06
2018.04.11 02:33:07.480,1.07093,1.07095,1.12,1.25
2018.04.11 02:33:08.613,1.07092,1.07095,1.37,1.19
2018.04.11 02:33:09.149,1.07091,1.07095,5.25,4.31
2018.04.11 02:33:09.473,1.0709,1.07092,1.00,1.25
2018.04.11 02:33:09.989,1.07089,1.07092,1.00,1.19
2018.04.11 02:33:10.814,1.07087,1.07089,3.00,1.25
2018.04.11 02:33:12.274,1.07087,1.07089,1.00,1.25
2018.04.11 02:33:12.893,1.07086,1.07089,2.62,1.19
2018.04.11 02:33:19.083,1.07085,1.07086,3.75,1.00
2018.04.11 02:33:19.234,1.0708,1.07084,3.30,1.69
2018.04.11 02:33:19.752,1.07079,1.07084,4.87,3.64
2018.04.11 02:33:20.218,1.07078,1.07082,2.25,1.19
2018.04.11 02:33:20.487,1.07075,1.07076,1.00,1.25
2018.04.11 02:33:20.539,1.07073,1.07076,4.22,1.19
2018.04.11 02:33:20.644,1.07071,1.07073,1.87,2.06
2018.04.11 02:33:20.960,1.07067,1.07072,1.12,5.89
2018.04.11 02:33:22.246,1.07068,1.07071,1.00,1.76
2018.04.11 02:33:22.764,1.07067,1.07071,1.12,1.76
2018.04.11 02:33:23.430,1.07066,1.07071,10.35,2.51
2018.04.11 02:33:23.851,1.0707,1.07073,2.06,1.00
2018.04.11 02:33:23.956,1.0707,1.07074,6.04,3.56
2018.04.11 02:33:25.054,1.07072,1.07075,1.50,1.25
2018.04.11 02:33:25.555,1.07072,1.07075,1.50,1.69
2018.04.11 02:33:27.331,1.07072,1.07076,1.87,3.19
2018.04.11 02:33:29.987,1.07073,1.07077,1.12,4.69
2018.04.11 02:33:30.507,1.07073,1.07077,1.85,1.25
2018.04.11 02:33:32.105,1.07074,1.07078,3.19,1.31
2018.04.11 02:33:32.419,1.07076,1.07081,5.55,2.20
2018.04.11 02:33:32.771,1.07078,1.07083,3.30,2.95
2018.04.11 02:33:33.315,1.07078,1.07082,1.50,1.31
2018.04.11 02:33:33.866,1.07078,1.07082,2.70,1.19
2018.04.11 02:33:34.407,1.07078,1.07083,5.32,2.44
2018.04.11 02:33:35.377,1.0708,1.07084,1.50,4.31
2018.04.11 02:33:35.702,1.07084,1.07087,1.75,1.50
2018.04.11 02:33:35.808,1.07086,1.07089,5.25,1.50
2018.04.11 02:33:36.665,1.07085,1.07089,1.12,2.06
2018.04.11 02:33:37.181,1.07086,1.0709,1.00,6.26
2018.04.11 02:33:40.873,1.07085,1.07086,1.87,1.00
2018.04.11 02:33:40.987,1.07083,1.07085,2.25,1.69
2018.04.11 02:33:41.040,1.07084,1.07088,3.37,1.99
2018.04.11 02:33:41.352,1.07086,1.0709,3.00,2.81
2018.04.11 02:33:51.293,1.07086,1.0709,3.75,2.89
2018.04.11 02:33:58.634,1.07088,1.0709,1.00,3.64
2018.04.11 02:34:00.303,1.0709,1.07094,2.62,2.44
2018.04.11 02:34:00.614,1.07093,1.07095,1.50,1.69
2018.04.11 02:34:01.155,1.07091,1.07094,1.75,1.69
2018.04.11 02:34:01.758,1.07092,1.07095,1.50,1.31
2018.04.11 02:34:03.724,1.07092,1.07094,1.50,3.52
2018.04.11 02:34:04.272,1.07091,1.07094,1.50,15.19
2018.04.11 02:34:06.092,1.07091,1.07093,1.50,1.57
2018.04.11 02:34:06.402,1.07092,1.07095,1.50,6.04
2018.04.11 02:34:09.007,1.07091,1.07093,1.50,1.10
2018.04.11 02:34:09.572,1.07092,1.07094,1.50,4.16
2018.04.11 02:34:13.219,1.07093,1.07096,1.50,4.76
2018.04.11 02:34:13.584,1.07096,1.07098,1.12,1.00
2018.04.11 02:34:14.169,1.07096,1.07098,1.12,3.24
2018.04.11 02:34:14.722,1.07095,1.07099,1.00,4.01
2018.04.11 02:34:15.227,1.07096,1.07099,1.00,2.89
2018.04.11 02:34:15.600,1.07096,1.07099,1.50,1.69
2018.04.11 02:34:17.899,1.07097,1.071,1.12,2.14
2018.04.11 02:34:19.166,1.07103,1.07106,4.12,5.89
2018.04.11 02:34:19.220,1.07103,1.07107,6.00,3.26
2018.04.11 02:34:25.404,1.07103,1.07107,5.62,7.57
2018.04.11 02:34:27.490,1.07101,1.07104,1.12,2.06
2018.04.11 02:34:27.645,1.07101,1.07104,1.75,1.01
2018.04.11 02:34:28.112,1.07105,1.07107,1.00,1.19
2018.04.11 02:34:28.261,1.07107,1.07111,3.82,2.81
2018.04.11 02:34:28.366,1.07108,1.07112,6.75,1.31
2018.04.11 02:34:29.623,1.07108,1.07113,11.32,2.44
2018.04.11 02:34:39.066,1.07108,1.0711,2.62,1.13
2018.04.11 02:34:39.637,1.07107,1.07111,1.75,1.76
2018.04.11 02:34:42.044,1.07108,1.07112,2.25,1.76
2018.04.11 02:34:42.559,1.07106,1.07108,2.25,2.44
2018.04.11 02:34:42.818,1.07103,1.07107,5.62,3.26
2018.04.11 02:34:42.870,1.07103,1.07107,2.25,3.26
2018.04.11 02:34:48.676,1.07103,1.07105,1.50,1.19
2018.04.11 02:34:49.091,1.07101,1.07103,1.50,1.87
2018.04.11 02:34:49.610,1.07102,1.07105,1.75,1.01
2018.04.11 02:34:50.131,1.07104,1.07106,1.50,1.31
2018.04.11 02:34:51.307,1.07104,1.07107,1.50,2.89
2018.04.11 02:34:53.327,1.07104,1.07107,1.75,2.51
2018.04.11 02:34:56.258,1.07105,1.07108,1.50,4.39
2018.04.11 02:34:56.776,1.07105,1.07108,1.50,2.89
2018.04.11 02:34:59.025,1.07105,1.07108,1.50,2.51
2018.04.11 02:34:59.601,1.07105,1.07108,1.50,2.51
2018.04.11 02:35:01.791,1.07105,1.07109,1.50,4.01
2018.04.11 02:35:02.296,1.07105,1.0711,2.25,5.42
2018.04.11 02:35:02.612,1.07109,1.07112,1.50,1.01
2018.04.11 02:35:06.016,1.07109,1.07113,2.25,1.76
2018.04.11 02:35:16.172,1.0711,1.07113,1.12,1.29
2018.04.11 02:35:17.656,1.0711,1.07113,1.12,1.01
2018.04.11 02:35:27.852,1.07109,1.07112,1.87,3.94
2018.04.11 02:35:28.062,1.07106,1.07108,1.50,1.95
2018.04.11 02:35:28.218,1.07103,1.07107,4.12,1.25
2018.04.11 02:35:28.722,1.07103,1.07107,2.62,1.01
2018.04.11 02:35:29.311,1.07102,1.07103,1.12,1.57
2018.04.11 02:35:29.415,1.07099,1.07102,1.87,1.25
2018.04.11 02:35:30.028,1.07098,1.07102,1.50,1.76
2018.04.11 02:35:30.547,1.07098,1.07102,1.50,1.39
2018.04.11 02:35:34.553,1.07097,1.071,4.50,1.69
2018.04.11 02:35:35.078,1.07096,1.071,3.00,1.39
2018.04.11 02:35:38.197,1.07097,1.071,1.37,2.44
2018.04.11 02:35:38.711,1.07097,1.07101,1.50,1.26
2018.04.11 02:35:39.629,1.07098,1.07101,1.00,1.01
2018.04.11 02:35:41.379,1.07098,1.07101,1.00,1.76
2018.04.11 02:35:41.588,1.07096,1.07099,1.50,1.50
2018.04.11 02:35:42.794,1.07094,1.07098,3.37,1.00
2018.04.11 02:35:43.975,1.07094,1.07099,4.12,1.76
2018.04.11 02:35:48.982,1.07096,1.071,1.00,2.89
2018.04.11 02:35:50.101,1.07096,1.071,6.00,1.12
2018.04.11 02:35:50.205,1.07097,1.07101,2.62,2.32
2018.04.11 02:35:50.312,1.07101,1.07105,1.37,3.64
2018.04.11 02:35:50.416,1.07102,1.07105,1.12,1.10
2018.04.11 02:35:52.746,1.07103,1.07106,1.37,1.25
2018.04.11 02:36:03.150,1.07103,1.07106,1.50,1.00
2018.04.11 02:36:04.721,1.07102,1.07103,1.12,2.44
2018.04.11 02:36:04.775,1.07099,1.07101,1.00,3.56
2018.04.11 02:36:04.827,1.07097,1.071,3.82,1.69
2018.04.11 02:36:04.880,1.07095,1.07098,3.45,1.39
2018.04.11 02:36:04.933,1.07094,1.07096,1.50,1.19
2018.04.11 02:36:04.985,1.07093,1.07096,1.50,1.69
2018.04.11 02:36:05.090,1.0709,1.07093,1.57,1.00
2018.04.11 02:36:05.196,1.07087,1.07092,3.26,2.81
2018.04.11 02:36:05.300,1.07089,1.07092,1.00,2.51
2018.04.11 02:36:05.846,1.07087,1.07091,2.06,1.00
2018.04.11 02:36:08.241,1.07087,1.07092,2.89,1.31
2018.04.11 02:36:10.164,1.07089,1.07093,3.37,4.01
2018.04.11 02:36:10.542,1.07091,1.07094,1.37,3.45
2018.04.11 02:36:11.117,1.0709,1.07094,1.87,1.69
2018.04.11 02:36:11.626,1.0709,1.07094,1.87,1.19
2018.04.11 02:36:12.144,1.0709,1.07094,4.69,1.31
2018.04.11 02:36:12.660,1.07092,1.07095,1.25,1.00
2018.04.11 02:36:13.006,1.0709,1.07094,1.87,2.44
2018.04.11 02:36:13.650,1.0709,1.07094,1.87,2.44
2018.04.11 02:36:16.902,1.0709,1.07094,3.64,1.00
2018.04.11 02:36:21.475,1.07092,1.07096,4.31,1.57
2018.04.11 02:36:21.528,1.07094,1.07097,1.50,2.89
2018.04.11 02:36:21.996,1.07094,1.07098,1.50,1.31
2018.04.11 02:36:22.627,1.07095,1.07099,1.50,1.25
2018.04.11 02:36:22.945,1.07096,1.071,3.19,1.10
2018.04.11 02:36:23.412,1.07095,1.07099,1.87,1.25
2018.04.11 02:36:24.392,1.07095,1.071,2.62,4.76
2018.04.11 02:36:24.960,1.07095,1.07099,1.87,1.00
2018.04.11 02:36:26.295,1.07095,1.07099,1.00,2.25
2018.04.11 02:36:28.682,1.07094,1.07098,1.50,1.69
2018.04.11 02:36:30.363,1.07094,1.07098,2.32,1.00
2018.04.11 02:36:38.887,1.07095,1.07099,1.87,1.63
2018.04.11 02:36:39.409,1.07096,1.071,2.62,3.76
2018.04.11 02:36:41.624,1.07095,1.07097,2.25,1.00
2018.04.11 02:36:41.728,1.07095,1.07099,1.12,3.76
2018.04.11 02:36:47.430,1.07095,1.07099,3.37,1.00
2018.04.11 02:36:49.614,1.07095,1.07099,3.00,1.00
2018.04.11 02:36:49.718,1.07095,1.07097,1.00,1.00
2018.04.11 02:36:49.877,1.07093,1.07097,2.32,2.44
2018.04.11 02:36:50.421,1.07092,1.07097,3.75,7.89
2018.04.11 02:36:56.661,1.07091,1.07096,6.45,1.81
2018.04.11 02:36:57.176,1.07091,1.07096,5.25,4.51
2018.04.11 02:37:00.429,1.07091,1.07095,4.50,1.14
2018.04.11 02:37:01.149,1.07091,1.07095,4.50,1.38
2018.04.11 02:37:14.367,1.07091,1.07095,2.62,1.00
2018.04.11 02:37:17.620,1.07091,1.07096,3.56,3.82
2018.04.11 02:37:18.145,1.07092,1.07096,2.25,1.00
2018.04.11 02:37:19.244,1.07092,1.07097,7.57,2.44
2018.04.11 02:37:26.999,1.07093,1.07097,1.37,2.06
2018.04.11 02:37:27.511,1.07093,1.07097,1.37,2.25
2018.04.11 02:37:27.865,1.07095,1.07099,2.44,1.00
2018.04.11 02:37:27.970,1.07096,1.07099,1.37,1.00
2018.04.11 02:37:32.079,1.07096,1.071,1.37,2.25
2018.04.11 02:38:24.976,1.07096,1.071,1.50,2.06
2018.04.11 02:38:40.730,1.07098,1.071,1.50,1.12
2018.04.11 02:38:40.836,1.07099,1.07102,1.00,2.51
2018.04.11 02:38:41.524,1.07099,1.07102,7.76,1.50
2018.04.11 02:38:41.578,1.07106,1.07109,2.25,3.64
2018.04.11 02:38:41.799,1.07109,1.07112,1.00,1.57
2018.04.11 02:38:42.274,1.07108,1.0711,1.00,1.00
2018.04.11 02:38:42.754,1.07106,1.07108,1.87,1.00
2018.04.11 02:38:42.907,1.07104,1.07108,3.07,2.62
2018.04.11 02:38:46.229,1.07103,1.07106,6.60,1.00
2018.04.11 02:38:46.768,1.07103,1.07106,3.00,1.00
2018.04.11 02:38:57.824,1.07103,1.07107,1.12,3.37
2018.04.11 02:39:12.846,1.07104,1.07107,1.00,4.12
2018.04.11 02:39:16.971,1.07105,1.07107,1.00,3.37
2018.04.11 02:39:19.339,1.07105,1.07107,1.00,3.00
2018.04.11 02:39:20.212,1.07106,1.07108,1.00,3.37
2018.04.11 02:39:23.363,1.07106,1.07107,1.00,1.00
2018.04.11 02:39:26.551,1.07106,1.07108,1.00,2.81
2018.04.11 02:39:26.759,1.07107,1.07111,3.26,1.00
2018.04.11 02:39:27.281,1.07107,1.07112,4.24,6.19
2018.04.11 02:39:29.891,1.07107,1.07111,3.94,1.00
2018.04.11 02:39:30.407,1.07107,1.07111,1.50,3.94
2018.04.11 02:39:33.095,1.07107,1.07111,3.00,2.06
2018.04.11 02:39:52.624,1.07107,1.07109,1.87,1.00
2018.04.11 02:39:52.727,1.07107,1.0711,1.50,3.19
2018.04.11 02:39:53.293,1.07107,1.0711,1.00,3.00
2018.04.11 02:39:56.660,1.07108,1.0711,1.50,1.00
2018.04.11 02:39:57.175,1.07108,1.07111,3.00,1.00
2018.04.11 02:39:57.875,1.07108,1.07113,7.01,7.12
2018.04.11 02:40:06.970,1.07108,1.07111,2.62,3.00
2018.04.11 02:40:07.517,1.07105,1.07109,3.26,1.57
2018.04.11 02:40:25.256,1.07105,1.07109,1.69,1.95
2018.04.11 02:40:25.308,1.07104,1.07108,2.70,2.44
2018.04.11 02:40:27.035,1.07103,1.07107,1.12,3.19
2018.04.11 02:40:27.552,1.07105,1.07107,1.00,1.50
2018.04.11 02:40:27.710,1.07106,1.0711,3.19,3.37
2018.04.11 02:40:28.219,1.07107,1.07111,2.44,1.00
2018.04.11 02:40:28.751,1.07108,1.07112,1.31,3.00
2018.04.11 02:40:36.243,1.07109,1.07113,1.00,5.06
2018.04.11 02:40:36.563,1.07111,1.07114,1.12,2.62
2018.04.11 02:40:36.768,1.07112,1.07116,2.44,2.25
2018.04.11 02:40:37.178,1.07115,1.07117,1.50,1.00
2018.04.11 02:40:37.636,1.07115,1.07119,1.00,5.44
2018.04.11 02:40:38.443,1.07115,1.07119,1.50,5.44
2018.04.11 02:40:42.431,1.07115,1.07118,1.00,3.56
2018.04.11 02:40:42.586,1.07113,1.07117,1.50,1.69
2018.04.11 02:40:43.740,1.07115,1.07118,1.00,7.95
2018.04.11 02:40:46.144,1.07116,1.07119,1.00,1.69
2018.04.11 02:40:47.057,1.07115,1.07119,1.87,2.44
2018.04.11 02:40:48.179,1.07114,1.07118,1.57,6.75
2018.04.11 02:40:48.338,1.07112,1.07116,1.95,5.44
2018.04.11 02:40:49.437,1.07111,1.07114,2.62,1.19
2018.04.11 02:40:49.593,1.0711,1.07114,3.07,3.19
2018.04.11 02:40:50.108,1.07109,1.07113,1.87,4.01
2018.04.11 02:40:53.743,1.07111,1.07115,1.00,6.64
2018.04.11 02:40:53.901,1.07111,1.07115,3.00,2.06
2018.04.11 02:40:55.203,1.07111,1.07116,4.01,3.19
2018.04.11 02:40:55.566,1.07112,1.07117,3.45,3.19
2018.04.11 02:40:58.873,1.07113,1.07117,3.75,1.25
2018.04.11 02:40:59.422,1.07113,1.07118,4.20,4.31
2018.04.11 02:41:05.632,1.07117,1.0712,1.50,5.70
2018.04.11 02:41:05.739,1.07118,1.07121,1.50,5.89
2018.04.11 02:41:05.791,1.07119,1.07123,3.41,8.06
2018.04.11 02:41:07.396,1.0712,1.07124,1.12,1.19
2018.04.11 02:41:10.209,1.07119,1.07122,1.00,2.06
2018.04.11 02:41:10.425,1.07117,1.07121,1.87,1.39
2018.04.11 02:41:10.630,1.07116,1.07119,2.25,2.81
2018.04.11 02:41:10.682,1.07115,1.07119,1.87,4.31
2018.04.11 02:41:12.607,1.07115,1.07119,1.12,5.89
2018.04.11 02:41:13.155,1.07115,1.07118,1.00,1.31
2018.04.11 02:41:13.707,1.07114,1.07117,1.00,1.25
2018.04.11 02:41:14.591,1.07116,1.07118,1.00,1.00
2018.04.11 02:41:15.109,1.07115,1.0712,3.45,7.31
2018.04.11 02:41:15.611,1.07114,1.07118,1.20,3.56
2018.04.11 02:41:21.385,1.07115,1.07119,1.50,3.56
2018.04.11 02:41:21.905,1.07115,1.0712,2.89,4.12
2018.04.11 02:41:22.456,1.07115,1.07119,1.20,1.19
2018.04.11 02:41:22.972,1.07115,1.07119,1.39,1.00
2018.04.11 02:41:23.479,1.07115,1.07119,1.12,1.19
2018.04.11 02:41:26.676,1.07118,1.07119,1.00,1.00
2018.04.11 02:41:26.728,1.07118,1.07121,1.00,1.01
2018.04.11 02:41:27.256,1.07117,1.07121,1.00,1.31
2018.04.11 02:41:27.568,1.07116,1.0712,1.87,2.81
2018.04.11 02:41:28.084,1.07115,1.07119,1.12,5.06
2018.04.11 02:41:29.930,1.07115,1.07119,1.50,5.44
2018.04.11 02:41:31.799,1.07115,1.07119,1.00,6.56
2018.04.11 02:41:33.209,1.07117,1.07119,1.50,1.50
2018.04.11 02:41:33.362,1.07118,1.07122,1.00,4.69
2018.04.11 02:41:33.920,1.07119,1.07122,1.00,1.25
2018.04.11 02:41:35.330,1.07117,1.07122,4.95,6.19
2018.04.11 02:41:35.983,1.07116,1.0712,1.50,7.31
2018.04.11 02:41:42.783,1.07116,1.0712,1.50,4.87
2018.04.11 02:41:43.754,1.07116,1.0712,1.50,6.56
2018.04.11 02:41:45.941,1.07115,1.07119,3.82,3.19
2018.04.11 02:41:53.051,1.07116,1.0712,1.00,6.00
2018.04.11 02:41:54.535,1.07116,1.0712,1.10,5.06
2018.04.11 02:41:56.217,1.07116,1.0712,1.50,5.06
2018.04.11 02:41:57.032,1.07116,1.0712,1.00,2.81
2018.04.11 02:41:57.697,1.07116,1.0712,1.00,2.44
2018.04.11 02:41:58.646,1.07116,1.0712,1.00,4.69
2018.04.11 02:42:02.234,1.07115,1.07118,1.00,2.06
2018.04.11 02:42:05.507,1.07115,1.07117,1.25,1.00
2018.04.11 02:42:06.013,1.07115,1.07118,1.25,1.31
2018.04.11 02:42:09.179,1.07115,1.07117,1.25,1.00
2018.04.11 02:42:09.692,1.07115,1.07118,1.16,1.31
2018.04.11 02:42:13.461,1.07116,1.07119,2.25,1.50
2018.04.11 02:42:13.901,1.07117,1.07121,1.00,2.25
2018.04.11 02:42:14.429,1.07117,1.07122,4.57,4.69
2018.04.11 02:42:14.938,1.07118,1.07122,1.12,3.19
2018.04.11 02:42:16.230,1.07119,1.07122,1.00,1.87
2018.04.11 02:42:16.739,1.07119,1.07123,3.45,1.12
2018.04.11 02:42:21.804,1.07118,1.07123,3.07,2.81
2018.04.11 02:42:21.908,1.07117,1.0712,1.12,1.00
2018.04.11 02:42:22.412,1.07116,1.07121,4.95,3.19
2018.04.11 02:42:22.886,1.07116,1.0712,1.57,4.31
2018.04.11 02:42:23.426,1.07117,1.07121,1.00,3.19
2018.04.11 02:42:24.288,1.07116,1.0712,1.87,3.19
2018.04.11 02:42:26.451,1.07115,1.07119,2.07,1.31
2018.04.11 02:42:28.815,1.07115,1.07119,2.89,1.31
2018.04.11 02:42:30.213,1.07116,1.0712,1.25,5.44
2018.04.11 02:42:33.928,1.07116,1.0712,1.25,5.44
2018.04.11 02:42:35.178,1.07116,1.0712,1.25,5.44
2018.04.11 02:42:35.720,1.07116,1.0712,1.25,4.69
2018.04.11 02:42:36.250,1.07116,1.0712,3.26,1.25
2018.04.11 02:42:37.641,1.07117,1.07121,3.82,1.31
2018.04.11 02:42:38.300,1.07117,1.07122,6.07,2.81
2018.04.11 02:42:40.687,1.07117,1.07122,2.32,4.69
2018.04.11 02:42:41.308,1.07117,1.07121,2.32,1.31
2018.04.11 02:42:41.567,1.07116,1.07121,3.26,3.94
2018.04.11 02:42:42.317,1.07117,1.07121,1.50,2.44
2018.04.11 02:42:43.649,1.07116,1.07121,2.14,4.31
2018.04.11 02:42:44.344,1.07116,1.07121,2.14,4.31
2018.04.11 02:42:45.852,1.07116,1.07121,2.14,6.56
2018.04.11 02:42:46.408,1.07116,1.07121,3.64,6.56
2018.04.11 02:42:49.894,1.07118,1.07121,1.00,3.00
2018.04.11 02:42:53.392,1.07118,1.07122,1.10,2.81
2018.04.11 02:42:55.867,1.07118,1.07122,1.29,2.06
2018.04.11 02:43:02.152,1.07117,1.07121,1.39,1.31
2018.04.11 02:43:02.204,1.07116,1.07121,2.70,6.94
2018.04.11 02:43:02.715,1.07115,1.07119,2.32,1.25
2018.04.11 02:43:02.974,1.07117,1.07121,1.50,2.25
2018.04.11 02:43:03.574,1.07118,1.07122,1.00,5.81
2018.04.11 02:43:08.697,1.07118,1.07122,1.50,4.50
2018.04.11 02:43:09.208,1.07119,1.07124,5.89,3.94
2018.04.11 02:43:10.641,1.0712,1.07124,1.00,2.81
2018.04.11 02:43:11.641,1.07121,1.07124,2.06,1.00
2018.04.11 02:43:12.148,1.07121,1.07124,1.12,1.25
2018.04.11 02:43:12.680,1.0712,1.07124,2.14,1.31
2018.04.11 02:43:13.886,1.07121,1.07125,4.39,3.37
2018.04.11 02:43:14.418,1.07121,1.07125,2.70,1.69
2018.04.11 02:43:14.577,1.0712,1.07125,4.76,6.56
2018.04.11 02:43:16.885,1.07121,1.07125,1.50,3.56
2018.04.11 02:43:17.411,1.0712,1.07124,2.51,1.31
2018.04.11 02:43:29.003,1.0712,1.07124,1.12,2.81
2018.04.11 02:43:30.368,1.07119,1.07124,3.82,5.06
2018.04.11 02:43:33.721,1.07119,1.07124,2.62,8.89
2018.04.11 02:43:38.011,1.07119,1.07123,1.87,1.31
2018.04.11 02:43:40.225,1.0712,1.07124,1.00,5.06
2018.04.11 02:43:40.764,1.07121,1.07124,1.00,1.00
2018.04.11 02:43:45.876,1.07123,1.07125,3.37,1.12
2018.04.11 02:43:45.928,1.07123,1.07127,7.31,1.95
2018.04.11 02:43:45.979,1.07123,1.07127,5.66,1.50
2018.04.11 02:43:46.159,1.07124,1.07128,2.44,1.00
2018.04.11 02:43:50.118,1.07124,1.07128,2.51,1.00
2018.04.11 02:43:53.078,1.07124,1.07128,3.56,1.00
2018.04.11 02:43:53.579,1.07125,1.07129,2.06,1.00
2018.04.11 02:43:55.885,1.07125,1.07129,4.20,1.00
2018.04.11 02:43:59.369,1.07128,1.07131,1.31,1.87
2018.04.11 02:43:59.905,1.07129,1.07132,1.31,1.00
2018.04.11 02:44:00.485,1.07129,1.07133,2.14,2.25
2018.04.11 02:44:01.002,1.0713,1.07134,1.12,2.25
2018.04.11 02:44:03.926,1.07131,1.07135,1.50,6.37
2018.04.11 02:44:04.794,1.07131,1.07135,2.32,1.87
2018.04.11 02:44:06.466,1.07131,1.07136,4.76,2.81
2018.04.11 02:44:15.435,1.07131,1.07136,2.06,7.39
2018.04.11 02:44:16.185,1.07131,1.07136,2.14,8.06
2018.04.11 02:44:16.238,1.07131,1.07136,2.25,8.14
2018.04.11 02:44:19.521,1.07131,1.07136,1.69,5.14
2018.04.11 02:44:19.831,1.07129,1.07132,1.12,1.12
2018.04.11 02:44:19.885,1.07127,1.07129,2.06,1.00
2018.04.11 02:44:20.043,1.07129,1.0713,1.50,1.00
2018.04.11 02:44:20.255,1.07126,1.0713,5.89,1.00
2018.04.11 02:44:20.764,1.07126,1.0713,2.81,1.12
2018.04.11 02:44:42.382,1.07126,1.0713,2.06,3.00
2018.04.11 02:44:44.809,1.07126,1.07128,1.31,1.00
2018.04.11 02:44:44.993,1.07121,1.07125,1.69,2.25
2018.04.11 02:44:45.153,1.0712,1.07123,1.01,1.12
2018.04.11 02:44:45.665,1.0712,1.07124,2.06,3.75
2018.04.11 02:44:50.129,1.0712,1.07124,1.31,1.87
2018.04.11 02:44:50.440,1.07123,1.07125,1.25,1.00
2018.04.11 02:44:50.914,1.07121,1.07125,1.31,4.87
2018.04.11 02:44:51.329,1.07122,1.07125,1.19,2.62
2018.04.11 02:44:52.130,1.07122,1.07126,1.69,5.62
2018.04.11 02:44:53.418,1.07123,1.07127,1.69,2.62
2018.04.11 02:44:53.937,1.07123,1.07128,7.76,2.25
2018.04.11 02:44:54.773,1.07123,1.07126,6.26,1.00
2018.04.11 02:44:54.877,1.07124,1.07128,1.19,2.32
2018.04.11 02:45:07.197,1.07124,1.07128,1.19,3.75
2018.04.11 02:45:10.202,1.07123,1.07126,3.94,1.37
2018.04.11 02:45:10.512,1.0712,1.07124,1.69,3.37
2018.04.11 02:45:11.023,1.0712,1.07124,1.25,3.37
2018.04.11 02:45:11.575,1.0712,1.07124,1.25,2.62
2018.04.11 02:45:13.186,1.07119,1.07123,2.81,2.62
2018.04.11 02:45:13.761,1.07119,1.07123,2.06,2.62
2018.04.11 02:45:22.640,1.07119,1.07122,1.25,1.12
2018.04.11 02:45:24.279,1.07118,1.07122,1.00,4.87
2018.04.11 02:45:24.852,1.07117,1.07121,7.39,1.12
2018.04.11 02:45:31.323,1.07117,1.07121,7.39,1.12
2018.04.11 02:45:50.490,1.07117,1.07119,5.44,3.90
2018.04.11 02:45:50.801,1.0711,1.07114,1.39,1.50
2018.04.11 02:45:51.131,1.07107,1.0711,3.64,1.12
2018.04.11 02:45:51.184,1.07106,1.0711,2.14,1.87
2018.04.11 02:46:05.275,1.07106,1.07111,4.76,2.25
2018.04.11 02:46:09.326,1.07108,1.07111,1.00,2.25
2018.04.11 02:46:09.590,1.07112,1.07113,1.00,1.10
2018.04.11 02:46:10.003,1.07112,1.07115,1.19,1.00
2018.04.11 02:46:10.918,1.07113,1.07116,1.31,1.00
2018.04.11 02:46:11.434,1.07113,1.07116,2.89,1.00
2018.04.11 02:46:13.436,1.07113,1.07117,2.14,3.19
2018.04.11 02:46:18.190,1.07113,1.07117,1.50,2.81
2018.04.11 02:46:18.344,1.07111,1.07114,4.01,2.25
2018.04.11 02:46:18.602,1.07109,1.07112,2.81,1.00
2018.04.11 02:46:19.689,1.07108,1.07112,2.44,1.31
2018.04.11 02:46:21.829,1.07108,1.07112,2.06,1.12
2018.04.11 02:46:22.337,1.0711,1.07113,2.06,2.25
2018.04.11 02:46:22.546,1.07112,1.07114,4.01,1.00
2018.04.11 02:46:22.598,1.07113,1.07116,2.62,1.00
2018.04.11 02:46:23.133,1.07114,1.07116,1.87,1.00
2018.04.11 02:46:23.609,1.07114,1.07118,1.87,1.69
2018.04.11 02:46:34.226,1.07114,1.07117,1.87,1.00
2018.04.11 02:46:52.273,1.07114,1.07117,1.50,1.50
2018.04.11 02:46:58.539,1.07114,1.07116,1.50,1.00
2018.04.11 02:47:00.154,1.07114,1.07117,1.50,1.00
2018.04.11 02:47:04.220,1.07115,1.07117,2.25,1.00
2018.04.11 02:47:04.325,1.07116,1.07118,1.50,1.00
2018.04.11 02:47:04.856,1.07116,1.07119,4.20,1.00
2018.04.11 02:47:05.414,1.07118,1.0712,2.25,1.00
2018.04.11 02:47:11.260,1.07118,1.07121,1.31,1.50
2018.04.11 02:47:28.850,1.07118,1.0712,1.50,1.00
2018.04.11 02:47:31.941,1.07118,1.07121,1.69,1.50
2018.04.11 02:47:58.367,1.07118,1.07122,3.26,1.00
2018.04.11 02:47:59.877,1.07118,1.07121,1.50,1.00
2018.04.11 02:48:00.235,1.07117,1.07118,1.00,1.00
2018.04.11 02:48:00.783,1.07115,1.07118,1.50,1.00
2018.04.11 02:48:01.305,1.07115,1.07118,1.00,1.00
2018.04.11 02:48:04.145,1.07117,1.0712,4.31,1.12
2018.04.11 02:48:04.663,1.07118,1.07121,4.31,1.00
2018.04.11 02:48:21.874,1.07118,1.07121,4.31,1.00
2018.04.11 02:48:25.276,1.07118,1.07122,4.31,2.25
2018.04.11 02:48:33.435,1.07118,1.07121,4.31,1.00
2018.04.11 02:48:34.542,1.07117,1.07121,4.76,1.87
2018.04.11 02:48:34.854,1.07114,1.07119,10.76,5.62
2018.04.11 02:48:50.302,1.07115,1.07118,1.62,1.00
2018.04.11 02:48:50.818,1.07115,1.07118,1.69,1.00
2018.04.11 02:48:51.736,1.07115,1.07118,1.69,1.00
2018.04.11 02:48:52.258,1.07115,1.07118,1.69,1.00
2018.04.11 02:48:54.547,1.07115,1.07118,1.69,1.00
2018.04.11 02:48:55.236,1.07115,1.07119,1.19,3.00
2018.04.11 02:48:57.105,1.07115,1.07118,3.75,1.00
2018.04.11 02:48:57.630,1.07115,1.07118,1.50,1.00
2018.04.11 02:49:00.267,1.07115,1.07119,1.25,3.37
2018.04.11 02:49:00.770,1.07115,1.07119,4.69,2.62
2018.04.11 02:49:06.916,1.07115,1.07117,4.69,1.00
2018.04.11 02:49:07.427,1.07115,1.07118,4.69,1.00
2018.04.11 02:49:22.903,1.07115,1.07118,4.69,1.00
2018.04.11 02:49:23.435,1.07115,1.07119,5.44,2.62
2018.04.11 02:49:25.590,1.07115,1.07119,5.44,1.87
2018.04.11 02:49:32.549,1.07115,1.07118,5.44,1.00
2018.04.11 02:49:33.348,1.07115,1.07119,5.44,2.62
2018.04.11 02:49:34.021,1.07117,1.07119,2.62,1.00
2018.04.11 02:49:34.238,1.07118,1.07121,2.25,1.50
2018.04.11 02:49:44.062,1.07118,1.0712,1.12,1.00
2018.04.11 02:49:44.577,1.07118,1.07121,1.31,1.50
2018.04.11 02:50:02.328,1.07118,1.07119,1.12,1.25
2018.04.11 02:50:02.513,1.07116,1.07119,1.69,1.00
2018.04.11 02:50:03.185,1.07117,1.07119,1.00,1.00
2018.04.11 02:50:21.909,1.07117,1.07118,1.00,1.50
2018.04.11 02:50:23.007,1.07114,1.07118,5.51,1.87
2018.04.11 02:50:23.838,1.07114,1.07117,4.69,1.50
2018.04.11 02:50:29.714,1.07114,1.07117,3.56,1.50
2018.04.11 02:50:35.315,1.07114,1.07118,4.24,2.06
2018.04.11 02:50:35.933,1.07114,1.07118,6.49,1.87
2018.04.11 02:50:39.556,1.07114,1.07117,7.76,1.00
2018.04.11 02:50:40.079,1.07114,1.07118,5.36,2.06
2018.04.11 02:50:43.416,1.07114,1.07117,2.25,1.25
2018.04.11 02:50:53.244,1.07114,1.07118,3.19,2.81
2018.04.11 02:50:55.818,1.07115,1.07119,4.39,1.87
2018.04.11 02:50:55.975,1.07116,1.0712,5.81,3.75
2018.04.11 02:50:56.491,1.07118,1.07121,3.75,2.06
2018.04.11 02:51:06.406,1.07118,1.07121,2.62,1.69
2018.04.11 02:51:11.228,1.07118,1.0712,2.81,1.00
2018.04.11 02:51:12.231,1.07118,1.07121,4.69,1.00
2018.04.11 02:51:22.312,1.07118,1.07122,4.69,1.25
2018.04.11 02:51:22.838,1.0712,1.07123,1.00,2.06
2018.04.11 02:51:23.624,1.07119,1.07123,4.01,1.69
2018.04.11 02:51:50.540,1.07119,1.07121,1.87,1.00
2018.04.11 02:51:51.271,1.07119,1.07122,1.87,1.00
2018.04.11 02:51:52.843,1.07119,1.07121,1.87,1.00
2018.04.11 02:51:53.824,1.07119,1.07122,1.87,1.00
2018.04.11 02:52:16.818,1.07121,1.07123,1.50,2.81
2018.04.11 02:52:17.428,1.07121,1.07125,2.25,4.76
2018.04.11 02:52:18.653,1.07121,1.07124,1.12,1.31
2018.04.11 02:52:25.194,1.0712,1.07123,5.44,1.00
2018.04.11 02:52:28.205,1.0712,1.07122,1.31,1.00
2018.04.11 02:52:28.735,1.07119,1.07121,1.31,1.00
2018.04.11 02:52:41.519,1.07117,1.07121,6.07,2.44
2018.04.11 02:52:41.625,1.07116,1.07118,2.25,1.00
2018.04.11 02:52:44.641,1.07115,1.07119,4.69,1.12
2018.04.11 02:52:45.270,1.07115,1.07118,4.12,1.00
2018.04.11 02:52:52.588,1.07117,1.07119,2.25,2.25
2018.04.11 02:52:52.796,1.07118,1.07121,3.00,1.00
2018.04.11 02:52:54.190,1.07117,1.07122,7.76,1.87
2018.04.11 02:52:55.478,1.07122,1.07124,2.12,2.70
2018.04.11 02:52:55.584,1.07123,1.07125,2.62,3.00
2018.04.11 02:52:55.690,1.07124,1.07128,2.44,2.89
2018.04.11 02:52:56.193,1.07125,1.07129,2.06,3.19
2018.04.11 02:53:07.711,1.07125,1.07129,2.44,3.56
2018.04.11 02:53:28.642,1.07123,1.07127,6.64,1.12
2018.04.11 02:53:29.200,1.07123,1.07126,5.44,1.00
2018.04.11 02:53:30.163,1.07123,1.07125,5.44,1.00
2018.04.11 02:53:30.811,1.07122,1.07125,1.87,1.12
2018.04.11 02:53:32.445,1.07122,1.07125,2.89,1.00
2018.04.11 02:53:32.806,1.07123,1.07127,3.64,3.00
2018.04.11 02:53:34.944,1.07123,1.07125,1.87,1.00
2018.04.11 02:53:36.074,1.07123,1.07126,2.44,1.00
2018.04.11 02:53:40.530,1.07123,1.07125,1.31,1.00
2018.04.11 02:53:41.454,1.07122,1.07125,2.70,1.00
2018.04.11 02:53:41.766,1.0712,1.07123,2.89,1.12
2018.04.11 02:53:43.388,1.07119,1.07122,2.81,1.00
2018.04.11 02:53:44.316,1.07119,1.07122,1.25,1.00
2018.04.11 02:53:44.629,1.07118,1.0712,2.89,1.00
2018.04.11 02:53:51.075,1.07118,1.07121,1.25,1.50
2018.04.11 02:53:51.387,1.0712,1.07123,1.50,2.62
2018.04.11 02:53:51.978,1.07119,1.07123,2.89,1.87
2018.04.11 02:54:03.971,1.07122,1.07124,2.06,1.00
2018.04.11 02:54:04.078,1.07122,1.07126,3.56,1.12
2018.04.11 02:54:04.666,1.07123,1.07127,7.01,3.75
2018.04.11 02:54:07.478,1.07123,1.07127,5.51,1.00
2018.04.11 02:54:08.521,1.07124,1.07127,4.39,1.00
2018.04.11 02:54:09.043,1.07124,1.07128,4.01,3.00
2018.04.11 02:54:10.944,1.07124,1.07127,2.44,1.00
2018.04.11 02:54:15.798,1.07124,1.07127,1.31,1.00
2018.04.11 02:54:24.176,1.07123,1.07126,5.32,1.12
2018.04.11 02:54:24.713,1.07122,1.07126,1.76,4.12
2018.04.11 02:54:25.268,1.07121,1.07124,2.70,1.00
2018.04.11 02:54:25.375,1.0712,1.07124,1.12,4.69
2018.04.11 02:54:32.847,1.0712,1.07124,5.25,3.19
2018.04.11 02:54:39.233,1.07119,1.07124,1.95,6.19
2018.04.11 02:54:42.064,1.07119,1.07123,1.95,2.44
2018.04.11 02:54:43.220,1.07119,1.07122,1.87,2.06
2018.04.11 02:54:43.970,1.07119,1.07122,1.00,1.69
2018.04.11 02:54:46.447,1.07119,1.07121,1.00,1.00
2018.04.11 02:54:46.972,1.07119,1.07122,1.00,1.25
2018.04.11 02:54:48.977,1.07119,1.07124,4.91,4.01
2018.04.11 02:54:49.480,1.0712,1.07124,3.37,3.19
2018.04.11 02:54:50.137,1.0712,1.07124,1.00,2.81
2018.04.11 02:54:51.359,1.0712,1.07124,1.50,2.44
2018.04.11 02:54:56.175,1.07119,1.07124,4.39,2.81
2018.04.11 02:54:59.702,1.0712,1.07124,1.12,2.81
2018.04.11 02:55:01.741,1.07119,1.07123,2.62,1.31
2018.04.11 02:55:05.768,1.07119,1.07124,5.70,6.19
2018.04.11 02:55:12.901,1.07119,1.07124,6.26,3.00
2018.04.11 02:55:23.365,1.07121,1.07124,1.00,2.25
2018.04.11 02:55:23.537,1.07123,1.07126,2.25,1.50
2018.04.11 02:55:24.520,1.07124,1.07127,1.00,5.25
2018.04.11 02:55:26.384,1.07124,1.07128,2.62,3.75
2018.04.11 02:56:14.104,1.07125,1.07128,1.00,3.37
2018.04.11 02:56:14.884,1.07125,1.07128,1.00,3.37
2018.04.11 02:56:15.289,1.07122,1.07125,2.89,1.12
2018.04.11 02:56:15.755,1.07121,1.07124,1.10,1.00
2018.04.11 02:56:16.405,1.0712,1.07124,4.95,1.00
2018.04.11 02:56:17.365,1.0712,1.07125,3.07,3.56
2018.04.11 02:56:18.588,1.07121,1.07125,4.50,1.12
2018.04.11 02:56:18.798,1.07123,1.07126,1.00,1.00
2018.04.11 02:56:19.314,1.07123,1.07127,3.82,1.87
2018.04.11 02:56:19.948,1.07124,1.07127,1.00,1.50
2018.04.11 02:56:21.649,1.07122,1.07127,7.20,3.94
2018.04.11 02:56:22.286,1.07122,1.07127,6.45,4.31
2018.04.11 02:56:22.810,1.07122,1.07127,2.70,5.81
2018.04.11 02:56:26.105,1.07122,1.07127,2.32,5.44
2018.04.11 02:56:29.627,1.07121,1.07124,5.32,1.00
2018.04.11 02:56:30.143,1.07121,1.07124,5.32,1.00
2018.04.11 02:56:41.676,1.07122,1.07123,1.00,1.00
2018.04.11 02:56:41.948,1.07119,1.07122,4.95,1.00
2018.04.11 02:56:43.283,1.07119,1.07122,2.25,1.95
2018.04.11 02:56:44.582,1.07119,1.07121,2.25,1.00
2018.04.11 02:56:45.613,1.07119,1.07121,1.00,1.00
2018.04.11 02:56:53.101,1.07119,1.07122,2.25,1.57
2018.04.11 02:56:56.935,1.0712,1.07122,2.25,1.00
2018.04.11 02:57:00.037,1.0712,1.07122,2.25,1.00
2018.04.11 02:57:03.699,1.0712,1.07123,2.62,1.57
2018.04.11 02:57:04.441,1.0712,1.07122,2.62,1.00
2018.04.11 02:57:05.591,1.0712,1.07123,2.62,1.57
2018.04.11 02:57:06.132,1.0712,1.07122,2.62,1.00
2018.04.11 02:57:13.953,1.07121,1.07123,4.87,1.10
2018.04.11 02:57:14.471,1.07121,1.07123,4.12,1.10
2018.04.11 02:57:26.231,1.07121,1.07123,1.12,1.25
2018.04.11 02:57:26.741,1.0712,1.07123,4.12,1.25
2018.04.11 02:57:27.246,1.07122,1.07124,1.00,1.00
2018.04.11 02:57:27.764,1.07123,1.07125,4.12,1.00
2018.04.11 02:57:28.485,1.07124,1.07125,1.00,1.00
2018.04.11 02:57:30.163,1.07124,1.07126,1.00,1.00
2018.04.11 02:57:30.681,1.07123,1.07125,1.50,1.00
2018.04.11 02:57:31.112,1.07121,1.07124,3.75,1.25
2018.04.11 02:57:31.529,1.0712,1.07122,1.00,1.00
2018.04.11 02:57:32.327,1.07119,1.07122,1.87,1.00
2018.04.11 02:57:35.137,1.0712,1.07122,1.00,1.00
2018.04.11 02:57:35.446,1.07121,1.07123,2.48,2.25
2018.04.11 02:57:36.099,1.07121,1.07123,5.79,1.00
2018.04.11 02:57:38.142,1.07122,1.07123,1.00,1.00
2018.04.11 02:57:38.847,1.07122,1.07124,1.00,1.00
2018.04.11 02:57:39.493,1.07121,1.07124,4.50,1.25
2018.04.11 02:57:40.975,1.07121,1.07124,1.87,3.56
2018.04.11 02:57:45.848,1.0712,1.07123,2.25,1.69
2018.04.11 02:57:46.383,1.07119,1.07123,3.37,3.94
2018.04.11 02:57:51.062,1.07119,1.07122,1.12,1.57
2018.04.11 02:57:53.389,1.07119,1.07122,1.12,2.51
2018.04.11 02:57:53.597,1.07117,1.07121,4.87,6.26
2018.04.11 02:57:55.203,1.07117,1.0712,3.00,1.76
2018.04.11 02:57:55.723,1.07117,1.07121,10.91,3.07
2018.04.11 02:57:55.900,1.07119,1.07121,1.50,3.00
2018.04.11 02:57:56.417,1.07119,1.07123,4.87,2.89
2018.04.11 02:57:57.893,1.07119,1.07122,2.62,2.51
2018.04.11 02:57:58.052,1.07117,1.0712,1.12,3.19
2018.04.11 02:57:58.904,1.07118,1.07121,1.12,1.57
2018.04.11 02:57:59.987,1.07117,1.0712,6.00,1.31
2018.04.11 02:58:00.245,1.07118,1.0712,2.62,1.12
2018.04.11 02:58:02.649,1.07118,1.07121,2.62,1.39
2018.04.11 02:58:06.531,1.07118,1.0712,1.87,1.00
2018.04.11 02:58:07.049,1.07118,1.0712,1.00,1.00
2018.04.11 02:58:14.597,1.07117,1.0712,3.37,1.69
2018.04.11 02:58:15.145,1.07114,1.07117,3.82,1.25
2018.04.11 02:58:15.904,1.07115,1.07117,1.00,1.00
2018.04.11 02:58:16.905,1.07114,1.07117,4.12,1.00
2018.04.11 02:58:17.428,1.07115,1.07119,3.00,3.56
2018.04.11 02:58:18.757,1.07115,1.07119,4.12,2.81
2018.04.11 02:58:20.294,1.07115,1.07119,4.12,2.06
2018.04.11 02:58:21.642,1.07118,1.0712,2.25,1.50
2018.04.11 02:58:21.953,1.07118,1.07122,2.25,4.69
2018.04.11 02:58:22.684,1.07118,1.07121,3.00,1.19
2018.04.11 02:58:22.832,1.07117,1.0712,2.62,1.19
2018.04.11 02:58:23.351,1.07117,1.07121,9.60,1.25
2018.04.11 02:58:23.403,1.07119,1.07122,1.87,1.01
2018.04.11 02:58:23.922,1.0712,1.07123,1.12,1.69
2018.04.11 02:58:24.626,1.0712,1.07123,1.00,1.19
2018.04.11 02:58:25.140,1.07119,1.07123,3.37,1.19
2018.04.11 02:58:25.815,1.07119,1.07123,4.50,1.25
2018.04.11 02:58:26.701,1.07121,1.07124,1.12,1.31
2018.04.11 02:58:27.238,1.07122,1.07124,1.12,1.25
2018.04.11 02:58:28.644,1.07122,1.07125,1.87,1.25
2018.04.11 02:58:29.178,1.07122,1.07125,1.87,1.31
2018.04.11 02:58:29.883,1.0712,1.07124,5.44,1.69
2018.04.11 02:58:31.029,1.07122,1.07125,1.00,2.89
2018.04.11 02:58:32.270,1.07121,1.07124,1.50,1.25
2018.04.11 02:58:34.009,1.07121,1.07125,5.29,2.51
2018.04.11 02:58:34.599,1.07122,1.07125,1.12,1.69
2018.04.11 02:58:35.049,1.0712,1.07124,3.97,2.06
2018.04.11 02:58:36.398,1.07119,1.07121,1.87,1.19
2018.04.11 02:58:36.503,1.07118,1.07121,1.00,1.19
2018.04.11 02:58:37.021,1.07116,1.0712,3.75,1.19
2018.04.11 02:58:37.750,1.07117,1.07121,1.62,4.31
2018.04.11 02:58:38.011,1.07118,1.07122,3.00,2.89
2018.04.11 02:58:38.527,1.07119,1.07123,1.12,2.06
2018.04.11 02:58:40.741,1.07119,1.07124,2.62,6.64
2018.04.11 02:58:41.357,1.07119,1.07124,4.87,3.64
2018.04.11 02:58:43.613,1.0712,1.07121,1.12,1.25
2018.04.11 02:58:44.304,1.07119,1.07122,1.50,1.25
2018.04.11 02:58:56.135,1.07118,1.07121,1.87,1.31
2018.04.11 02:58:56.471,1.07115,1.07119,6.75,2.81
2018.04.11 02:58:56.835,1.07117,1.0712,1.87,3.75
2018.04.11 02:58:57.352,1.07117,1.07121,6.67,1.25
2018.04.11 02:58:57.896,1.07118,1.07122,3.00,2.06
2018.04.11 02:58:58.232,1.07118,1.0712,2.25,1.25
2018.04.11 02:58:58.818,1.07117,1.0712,5.25,1.25
2018.04.11 02:58:59.336,1.07117,1.0712,1.12,1.56
2018.04.11 02:59:04.448,1.07117,1.0712,1.12,1.25
2018.04.11 02:59:05.461,1.07117,1.0712,1.12,2.06
2018.04.11 02:59:08.113,1.07117,1.0712,1.12,1.69
2018.04.11 02:59:08.320,1.07118,1.07122,2.25,2.06
2018.04.11 02:59:08.477,1.07119,1.07122,1.87,1.31
2018.04.11 02:59:09.949,1.07119,1.07123,1.87,3.19
2018.04.11 02:59:10.772,1.0712,1.07122,1.00,1.00
2018.04.11 02:59:12.739,1.07119,1.07122,2.12,2.44
2018.04.11 02:59:12.795,1.07118,1.0712,1.12,1.25
2018.04.11 02:59:13.409,1.07118,1.0712,1.12,1.31
2018.04.11 02:59:18.126,1.07117,1.0712,1.50,1.19
2018.04.11 02:59:19.473,1.07117,1.07121,1.12,5.89
2018.04.11 02:59:19.834,1.07117,1.07121,8.55,1.31
2018.04.11 02:59:20.588,1.07119,1.0712,1.00,1.00
2018.04.11 02:59:21.125,1.07117,1.0712,2.62,1.69
2018.04.11 02:59:23.098,1.07117,1.07121,1.87,3.26
2018.04.11 02:59:24.577,1.07117,1.07121,3.56,1.50
2018.04.11 02:59:25.153,1.07118,1.07122,3.22,2.06
2018.04.11 02:59:25.875,1.07118,1.07123,5.85,4.76
2018.04.11 02:59:26.381,1.07119,1.07123,2.62,2.81
2018.04.11 02:59:26.886,1.07119,1.07123,2.62,2.06
2018.04.11 02:59:27.290,1.07119,1.07121,2.62,1.19
2018.04.11 02:59:27.445,1.07118,1.07121,1.50,1.69
2018.04.11 02:59:30.983,1.07118,1.07121,1.50,1.19
2018.04.11 02:59:33.857,1.07118,1.07122,1.87,3.64
2018.04.11 02:59:34.377,1.07119,1.07123,2.62,3.19
2018.04.11 02:59:34.793,1.07119,1.07121,2.62,1.19
2018.04.11 02:59:35.297,1.07118,1.07121,2.25,1.69
2018.04.11 02:59:37.749,1.07118,1.07121,3.00,1.50
2018.04.11 02:59:38.267,1.07119,1.07122,2.25,1.25
2018.04.11 02:59:41.873,1.07119,1.07123,2.25,1.39
2018.04.11 02:59:42.409,1.07119,1.07122,2.25,1.00
2018.04.11 02:59:44.579,1.07119,1.07123,3.94,1.00
2018.04.11 02:59:45.149,1.0712,1.07124,1.16,2.44
2018.04.11 02:59:49.985,1.07121,1.07124,1.00,1.25
2018.04.11 02:59:50.295,1.07123,1.07126,4.12,1.00
2018.04.11 02:59:50.651,1.07124,1.07127,3.37,1.25
2018.04.11 02:59:51.202,1.07123,1.07127,2.62,2.51
2018.04.11 02:59:51.732,1.07123,1.07127,1.00,6.64
2018.04.11 02:59:56.384,1.07123,1.07126,1.00,1.31
2018.04.11 02:59:56.541,1.07121,1.07124,1.00,1.31
2018.04.11 02:59:57.514,1.0712,1.07124,4.54,2.81
