2016.08.29 15:00:00.041,1.02141,1.02142,1.00,1.00
2016.08.29 15:00:00.093,1.0214,1.02142,1.05,1.00
2016.08.29 15:00:00.196,1.02141,1.02142,1.00,1.50
2016.08.29 15:00:00.401,1.02141,1.02143,1.00,1.00
2016.08.29 15:00:01.124,1.02142,1.02143,1.00,1.50
2016.08.29 15:00:01.481,1.0214,1.02142,1.00,1.00
2016.08.29 15:00:01.986,1.02139,1.02141,1.39,1.00
2016.08.29 15:00:02.082,1.0214,1.02142,1.00,1.72
2016.08.29 15:00:02.133,1.02139,1.0214,1.87,1.00
2016.08.29 15:00:02.185,1.02139,1.0214,1.12,1.00
2016.08.29 15:00:02.236,1.02139,1.0214,1.00,1.12
2016.08.29 15:00:02.287,1.02137,1.02138,2.62,1.00
2016.08.29 15:00:02.408,1.02137,1.02138,1.50,1.57
2016.08.29 15:00:02.463,1.02135,1.02137,1.00,1.12
2016.08.29 15:00:02.514,1.02133,1.02135,6.75,1.00
2016.08.29 15:00:02.566,1.02134,1.02135,1.00,1.50
2016.08.29 15:00:02.669,1.02134,1.02135,1.00,1.00
2016.08.29 15:00:02.720,1.02134,1.02135,1.50,1.00
2016.08.29 15:00:02.771,1.02135,1.02136,1.00,1.12
2016.08.29 15:00:02.873,1.02134,1.02136,1.00,1.87
2016.08.29 15:00:02.924,1.02134,1.02136,1.00,1.50
2016.08.29 15:00:03.045,1.02136,1.02138,1.00,1.87
2016.08.29 15:00:03.096,1.02136,1.02137,1.00,1.00
2016.08.29 15:00:03.304,1.02136,1.02137,1.00,1.50
2016.08.29 15:00:03.829,1.02134,1.02136,1.00,1.00
2016.08.29 15:00:03.881,1.02132,1.02135,4.12,1.00
2016.08.29 15:00:03.932,1.02132,1.02135,2.62,1.00
2016.08.29 15:00:03.984,1.02132,1.02134,1.12,1.00
2016.08.29 15:00:04.035,1.02132,1.02134,1.00,1.00
2016.08.29 15:00:04.359,1.02134,1.02135,1.00,1.00
2016.08.29 15:00:04.513,1.02132,1.02134,1.00,1.00
2016.08.29 15:00:04.564,1.02132,1.02134,1.00,1.50
2016.08.29 15:00:04.769,1.02132,1.02133,1.00,1.00
2016.08.29 15:00:05.894,1.02131,1.02133,1.50,1.00
2016.08.29 15:00:05.997,1.02133,1.02134,1.00,1.00
2016.08.29 15:00:06.049,1.02132,1.02134,1.87,1.50
2016.08.29 15:00:06.100,1.02133,1.02134,1.50,1.00
2016.08.29 15:00:06.152,1.02133,1.02134,1.50,1.50
2016.08.29 15:00:06.203,1.02133,1.02134,1.00,1.50
2016.08.29 15:00:06.305,1.02133,1.02135,1.00,1.00
2016.08.29 15:00:06.818,1.02133,1.02134,1.00,1.00
2016.08.29 15:00:07.073,1.02131,1.02133,3.45,1.00
2016.08.29 15:00:07.124,1.02131,1.02133,1.95,1.00
2016.08.29 15:00:07.175,1.02131,1.02132,1.12,1.00
2016.08.29 15:00:07.226,1.02131,1.02132,1.00,1.00
2016.08.29 15:00:07.382,1.02131,1.02132,1.00,1.50
2016.08.29 15:00:07.690,1.02132,1.02133,1.50,1.50
2016.08.29 15:00:08.387,1.02132,1.02133,1.50,1.00
2016.08.29 15:00:08.794,1.02132,1.02133,1.00,2.25
2016.08.29 15:00:08.957,1.02132,1.02133,1.00,2.44
2016.08.29 15:00:09.060,1.02132,1.02133,1.00,3.19
2016.08.29 15:00:09.164,1.0213,1.02131,1.00,1.00
2016.08.29 15:00:09.216,1.0213,1.02131,1.50,1.00
2016.08.29 15:00:09.319,1.0213,1.02132,1.00,4.20
2016.08.29 15:00:09.371,1.0213,1.02132,1.00,3.07
2016.08.29 15:00:09.423,1.0213,1.02132,1.00,1.10
2016.08.29 15:00:09.475,1.0213,1.02131,1.00,1.00
2016.08.29 15:00:09.666,1.0213,1.02131,1.00,1.12
2016.08.29 15:00:10.175,1.02128,1.02129,1.00,1.00
2016.08.29 15:00:10.418,1.02126,1.02128,1.87,1.00
2016.08.29 15:00:10.469,1.02127,1.02128,1.00,1.00
2016.08.29 15:00:10.520,1.02127,1.02129,1.00,3.19
2016.08.29 15:00:10.623,1.02126,1.02128,1.00,1.00
2016.08.29 15:00:11.145,1.02128,1.0213,1.00,4.20
2016.08.29 15:00:11.196,1.02128,1.0213,1.00,1.95
2016.08.29 15:00:11.247,1.0213,1.02131,1.00,6.37
2016.08.29 15:00:11.299,1.02129,1.0213,1.10,1.00
2016.08.29 15:00:11.351,1.0213,1.02132,1.00,2.25
2016.08.29 15:00:11.402,1.0213,1.02132,1.00,3.82
2016.08.29 15:00:11.454,1.02131,1.02132,1.00,3.45
2016.08.29 15:00:11.505,1.02131,1.02132,1.00,3.07
2016.08.29 15:00:11.557,1.02128,1.0213,3.26,1.00
2016.08.29 15:00:11.609,1.0213,1.02131,1.00,1.12
2016.08.29 15:00:11.663,1.0213,1.02131,1.00,1.00
2016.08.29 15:00:11.883,1.02128,1.0213,1.76,1.00
2016.08.29 15:00:11.934,1.02128,1.0213,1.57,1.00
2016.08.29 15:00:12.036,1.02128,1.0213,1.10,1.00
2016.08.29 15:00:12.088,1.02127,1.02129,2.62,1.00
2016.08.29 15:00:12.190,1.02127,1.02129,1.12,1.00
2016.08.29 15:00:12.292,1.02126,1.02129,3.56,1.00
2016.08.29 15:00:12.445,1.02127,1.02129,1.12,1.00
2016.08.29 15:00:12.598,1.02128,1.02129,1.10,1.00
2016.08.29 15:00:12.803,1.02128,1.0213,1.12,1.00
2016.08.29 15:00:13.110,1.02128,1.02129,1.10,1.00
2016.08.29 15:00:13.257,1.02127,1.02129,2.25,1.00
2016.08.29 15:00:13.308,1.02127,1.02129,1.50,1.00
2016.08.29 15:00:13.360,1.02127,1.0213,1.12,1.25
2016.08.29 15:00:13.414,1.02126,1.02129,1.37,1.25
2016.08.29 15:00:13.467,1.02124,1.02126,3.37,1.00
2016.08.29 15:00:13.519,1.02124,1.02128,1.12,1.50
2016.08.29 15:00:13.571,1.02123,1.02127,5.25,1.50
2016.08.29 15:00:13.622,1.02123,1.02127,3.37,1.50
2016.08.29 15:00:13.674,1.02123,1.02127,3.00,1.87
2016.08.29 15:00:13.725,1.02123,1.02126,3.00,1.12
2016.08.29 15:00:13.842,1.02124,1.02129,3.00,6.00
2016.08.29 15:00:13.894,1.02124,1.02129,3.75,5.44
2016.08.29 15:00:13.945,1.02124,1.0213,6.00,3.82
2016.08.29 15:00:13.997,1.02124,1.0213,6.00,4.57
2016.08.29 15:00:14.099,1.02125,1.0213,1.10,3.82
2016.08.29 15:00:14.368,1.02125,1.02129,1.57,1.31
2016.08.29 15:00:14.426,1.02124,1.02127,2.25,1.00
2016.08.29 15:00:14.528,1.02124,1.02127,1.50,1.00
2016.08.29 15:00:14.681,1.02124,1.02126,1.57,1.00
2016.08.29 15:00:14.733,1.02124,1.02126,2.32,1.00
2016.08.29 15:00:14.836,1.02125,1.02126,1.00,1.00
2016.08.29 15:00:14.945,1.02124,1.02126,1.10,1.00
2016.08.29 15:00:14.996,1.02123,1.02125,4.12,1.00
2016.08.29 15:00:15.047,1.02123,1.02125,1.12,1.00
2016.08.29 15:00:15.098,1.02123,1.02125,1.87,1.00
2016.08.29 15:00:15.149,1.02123,1.02125,1.50,1.00
2016.08.29 15:00:15.200,1.02123,1.02124,1.10,1.00
2016.08.29 15:00:15.681,1.02123,1.02126,1.80,1.12
2016.08.29 15:00:15.732,1.02124,1.02126,1.00,1.12
2016.08.29 15:00:15.784,1.02124,1.02126,1.12,1.12
2016.08.29 15:00:15.886,1.02124,1.02126,1.12,1.00
2016.08.29 15:00:15.938,1.02123,1.02128,5.25,1.31
2016.08.29 15:00:15.990,1.02126,1.02127,1.00,1.00
2016.08.29 15:00:16.042,1.02125,1.02127,1.00,1.50
2016.08.29 15:00:16.095,1.02125,1.02127,1.00,2.25
2016.08.29 15:00:16.146,1.02125,1.02127,1.50,2.25
2016.08.29 15:00:16.197,1.02125,1.02127,1.50,1.50
2016.08.29 15:00:16.296,1.02125,1.02127,1.50,2.25
2016.08.29 15:00:16.451,1.02125,1.02127,1.50,3.00
2016.08.29 15:00:16.503,1.02125,1.02126,1.50,1.87
2016.08.29 15:00:16.554,1.02125,1.02126,1.00,1.87
2016.08.29 15:00:16.606,1.02125,1.02126,1.00,1.12
2016.08.29 15:00:16.708,1.02125,1.02127,1.00,3.00
2016.08.29 15:00:17.104,1.02124,1.02125,1.50,1.00
2016.08.29 15:00:17.155,1.02123,1.02125,1.57,1.50
2016.08.29 15:00:17.206,1.02123,1.02124,1.57,1.00
2016.08.29 15:00:17.257,1.02123,1.02124,1.10,1.50
2016.08.29 15:00:17.309,1.02122,1.02123,1.50,1.00
2016.08.29 15:00:17.514,1.02122,1.02123,1.50,1.50
2016.08.29 15:00:17.665,1.02121,1.02123,1.50,1.00
2016.08.29 15:00:17.767,1.02123,1.02125,2.25,3.75
2016.08.29 15:00:17.819,1.02123,1.02125,2.25,1.00
2016.08.29 15:00:17.870,1.02124,1.02128,1.39,6.00
2016.08.29 15:00:17.921,1.02124,1.02128,2.14,5.25
2016.08.29 15:00:17.972,1.02126,1.02128,1.00,1.50
2016.08.29 15:00:18.074,1.02126,1.02127,1.00,1.00
2016.08.29 15:00:18.660,1.02124,1.02126,1.12,1.00
2016.08.29 15:00:18.711,1.02123,1.02125,5.25,1.00
2016.08.29 15:00:18.762,1.02123,1.02125,1.12,1.00
2016.08.29 15:00:18.813,1.02123,1.02126,1.87,1.87
2016.08.29 15:00:18.864,1.02123,1.02126,3.00,1.87
2016.08.29 15:00:18.915,1.02123,1.02126,3.00,1.12
2016.08.29 15:00:18.982,1.02123,1.02126,5.62,1.12
2016.08.29 15:00:19.033,1.02123,1.02125,1.87,1.00
2016.08.29 15:00:19.084,1.02123,1.02125,1.50,1.00
2016.08.29 15:00:19.135,1.02123,1.02126,1.50,1.12
2016.08.29 15:00:19.238,1.02123,1.02126,1.87,1.12
2016.08.29 15:00:19.290,1.02123,1.02126,2.25,1.12
2016.08.29 15:00:19.341,1.02123,1.02125,1.50,1.00
2016.08.29 15:00:19.443,1.02123,1.02125,1.12,1.00
2016.08.29 15:00:19.494,1.02122,1.02125,6.22,1.00
2016.08.29 15:00:19.699,1.02123,1.02125,1.50,1.00
2016.08.29 15:00:20.062,1.02124,1.02126,1.00,2.62
2016.08.29 15:00:20.113,1.02125,1.02126,1.00,1.12
2016.08.29 15:00:20.165,1.02123,1.02126,3.75,2.25
2016.08.29 15:00:20.267,1.02123,1.02125,4.50,1.00
2016.08.29 15:00:20.319,1.02123,1.02126,4.50,2.25
2016.08.29 15:00:20.370,1.02122,1.02126,2.62,2.25
2016.08.29 15:00:20.437,1.02122,1.02125,1.37,1.00
2016.08.29 15:00:20.490,1.02121,1.02123,1.57,1.00
2016.08.29 15:00:20.541,1.02121,1.02123,1.10,1.00
2016.08.29 15:00:20.593,1.0212,1.02123,3.00,1.00
2016.08.29 15:00:20.695,1.0212,1.02122,2.25,1.00
2016.08.29 15:00:20.798,1.0212,1.02122,1.95,1.00
2016.08.29 15:00:20.850,1.0212,1.02122,2.70,1.00
2016.08.29 15:00:20.901,1.0212,1.02122,2.32,1.00
2016.08.29 15:00:21.003,1.0212,1.02122,1.20,1.00
2016.08.29 15:00:21.145,1.02119,1.02122,6.94,1.00
2016.08.29 15:00:21.249,1.02119,1.02121,5.06,1.00
2016.08.29 15:00:21.300,1.02119,1.02121,4.31,1.00
2016.08.29 15:00:21.351,1.02119,1.02121,3.19,4.20
2016.08.29 15:00:21.403,1.02116,1.02118,5.14,1.00
2016.08.29 15:00:21.454,1.02118,1.0212,1.00,4.12
2016.08.29 15:00:21.505,1.02116,1.02117,2.44,1.00
2016.08.29 15:00:21.556,1.02116,1.02117,1.69,1.00
2016.08.29 15:00:21.709,1.02115,1.02117,5.51,1.00
2016.08.29 15:00:21.823,1.02118,1.0212,1.00,4.20
2016.08.29 15:00:21.875,1.02119,1.02121,1.00,5.62
2016.08.29 15:00:21.927,1.02119,1.02121,1.00,3.75
2016.08.29 15:00:21.979,1.0212,1.02121,1.00,1.50
2016.08.29 15:00:22.075,1.0212,1.02121,1.10,1.00
2016.08.29 15:00:22.178,1.0212,1.02121,1.20,1.00
2016.08.29 15:00:22.229,1.02119,1.02122,5.06,1.00
2016.08.29 15:00:22.280,1.02119,1.02121,5.81,1.00
2016.08.29 15:00:22.332,1.0212,1.02121,1.20,1.00
2016.08.29 15:00:22.656,1.0212,1.02121,1.95,1.00
2016.08.29 15:00:22.707,1.0212,1.02122,2.25,1.00
2016.08.29 15:00:22.758,1.0212,1.02122,3.00,1.00
2016.08.29 15:00:22.860,1.02121,1.02123,1.10,1.00
2016.08.29 15:00:22.912,1.02122,1.02124,1.00,2.25
2016.08.29 15:00:23.422,1.02123,1.02124,1.00,2.25
2016.08.29 15:00:23.474,1.02122,1.02123,1.10,1.00
2016.08.29 15:00:24.236,1.02122,1.02123,1.00,1.00
2016.08.29 15:00:24.288,1.02122,1.02124,1.00,2.25
2016.08.29 15:00:24.543,1.02123,1.02124,1.00,1.50
2016.08.29 15:00:24.747,1.02123,1.02124,1.00,2.25
2016.08.29 15:00:24.849,1.02122,1.02123,1.00,1.00
2016.08.29 15:00:24.901,1.02122,1.02124,1.00,2.25
2016.08.29 15:00:25.436,1.02123,1.02124,1.00,1.00
2016.08.29 15:00:26.000,1.02121,1.02125,5.32,1.31
2016.08.29 15:00:26.052,1.02126,1.02127,1.35,4.12
2016.08.29 15:00:26.103,1.02128,1.02129,1.10,4.87
2016.08.29 15:00:26.155,1.02128,1.02129,1.10,1.12
2016.08.29 15:00:26.206,1.02129,1.0213,1.00,1.50
2016.08.29 15:00:26.258,1.02129,1.0213,1.00,1.00
2016.08.29 15:00:26.309,1.02128,1.0213,1.10,1.50
2016.08.29 15:00:26.361,1.02129,1.0213,1.00,1.00
2016.08.29 15:00:26.412,1.02129,1.02131,1.00,1.87
2016.08.29 15:00:26.475,1.02129,1.02131,1.00,1.50
2016.08.29 15:00:26.527,1.0213,1.02131,1.00,1.00
2016.08.29 15:00:26.631,1.02129,1.02131,1.10,1.00
2016.08.29 15:00:27.356,1.02131,1.02133,1.00,1.50
2016.08.29 15:00:27.561,1.02131,1.02133,1.00,2.25
2016.08.29 15:00:27.612,1.02129,1.02131,1.10,1.00
2016.08.29 15:00:27.821,1.02129,1.02131,1.00,1.00
2016.08.29 15:00:28.233,1.0213,1.02133,1.00,5.25
2016.08.29 15:00:28.284,1.02132,1.02134,1.00,8.32
2016.08.29 15:00:28.335,1.02132,1.02134,1.00,6.07
2016.08.29 15:00:28.387,1.02132,1.02133,1.00,1.00
2016.08.29 15:00:28.917,1.02132,1.02134,1.00,1.00
2016.08.29 15:00:29.857,1.02133,1.02135,1.00,5.44
2016.08.29 15:00:29.960,1.02133,1.02135,1.00,3.94
2016.08.29 15:00:30.011,1.02133,1.02135,1.00,1.69
2016.08.29 15:00:30.062,1.02133,1.02135,1.00,1.50
2016.08.29 15:00:30.119,1.02133,1.02135,1.00,2.25
2016.08.29 15:00:30.171,1.02132,1.02133,1.10,1.00
2016.08.29 15:00:30.378,1.02133,1.02134,1.00,1.00
2016.08.29 15:00:30.876,1.02132,1.02134,1.10,1.00
2016.08.29 15:00:31.029,1.02132,1.02134,1.00,1.50
2016.08.29 15:00:31.131,1.02132,1.02133,1.00,1.00
2016.08.29 15:00:32.018,1.02131,1.02132,1.10,1.00
2016.08.29 15:00:32.413,1.02131,1.02132,1.00,1.00
2016.08.29 15:00:32.465,1.0213,1.02132,1.00,1.50
2016.08.29 15:00:32.520,1.02129,1.02131,1.95,1.00
2016.08.29 15:00:32.571,1.02129,1.0213,1.50,1.00
2016.08.29 15:00:32.624,1.02127,1.02128,5.25,1.00
2016.08.29 15:00:32.678,1.02127,1.02128,1.50,1.00
2016.08.29 15:00:32.731,1.02126,1.02128,1.10,1.00
2016.08.29 15:00:32.783,1.02127,1.02129,1.00,3.19
2016.08.29 15:00:32.834,1.02126,1.02129,2.70,1.69
2016.08.29 15:00:32.887,1.02128,1.02129,1.00,1.50
2016.08.29 15:00:32.939,1.0213,1.02132,1.10,4.69
2016.08.29 15:00:33.052,1.02129,1.02131,1.12,2.25
2016.08.29 15:00:33.104,1.0213,1.02132,1.00,2.81
2016.08.29 15:00:33.155,1.02129,1.0213,1.12,1.00
2016.08.29 15:00:33.230,1.02131,1.02132,1.10,1.69
2016.08.29 15:00:33.282,1.02131,1.02133,1.00,1.69
2016.08.29 15:00:33.333,1.0213,1.02131,1.12,1.00
2016.08.29 15:00:33.435,1.02131,1.02134,1.00,4.91
2016.08.29 15:00:33.486,1.02132,1.02134,1.00,4.31
2016.08.29 15:00:33.596,1.02132,1.02134,1.00,3.56
2016.08.29 15:00:33.902,1.0213,1.02132,1.12,1.00
2016.08.29 15:00:34.157,1.02129,1.02131,3.60,1.00
2016.08.29 15:00:34.209,1.0213,1.02131,1.12,1.00
2016.08.29 15:00:34.363,1.0213,1.02132,2.62,1.00
2016.08.29 15:00:34.414,1.0213,1.02132,3.60,1.00
2016.08.29 15:00:34.618,1.02133,1.02135,1.00,2.44
2016.08.29 15:00:34.670,1.02133,1.02135,1.00,1.69
2016.08.29 15:00:34.721,1.02133,1.02135,1.00,1.31
2016.08.29 15:00:34.773,1.02134,1.02136,1.12,2.62
2016.08.29 15:00:34.824,1.02134,1.02135,2.47,1.00
2016.08.29 15:00:34.877,1.02134,1.02136,4.57,1.00
2016.08.29 15:00:34.938,1.02135,1.02138,1.50,1.00
2016.08.29 15:00:34.989,1.02136,1.02138,1.12,1.00
2016.08.29 15:00:35.092,1.02136,1.02138,2.25,1.00
2016.08.29 15:00:35.144,1.02136,1.02139,2.62,3.19
2016.08.29 15:00:35.196,1.02138,1.02139,1.10,3.19
2016.08.29 15:00:35.247,1.02138,1.02139,1.00,3.94
2016.08.29 15:00:35.350,1.02138,1.02139,1.00,2.44
2016.08.29 15:00:35.573,1.02137,1.02139,1.57,3.19
2016.08.29 15:00:35.625,1.02137,1.02138,1.10,1.25
2016.08.29 15:00:35.677,1.02136,1.02138,1.87,1.19
2016.08.29 15:00:35.780,1.02137,1.02138,1.00,1.25
2016.08.29 15:00:36.188,1.02135,1.02137,1.00,1.00
2016.08.29 15:00:36.329,1.02134,1.02137,1.37,1.00
2016.08.29 15:00:36.380,1.02135,1.02137,1.12,1.00
2016.08.29 15:00:36.482,1.02136,1.02138,1.10,1.25
2016.08.29 15:00:36.540,1.02136,1.02138,1.10,1.69
2016.08.29 15:00:36.744,1.02136,1.02138,1.10,1.25
2016.08.29 15:00:37.107,1.02136,1.02138,1.10,1.19
2016.08.29 15:00:37.212,1.02136,1.02138,1.10,1.00
2016.08.29 15:00:37.314,1.02136,1.02138,1.00,1.00
2016.08.29 15:00:37.834,1.02136,1.02138,1.00,1.50
2016.08.29 15:00:37.887,1.02136,1.02138,1.00,1.69
2016.08.29 15:00:38.041,1.02136,1.02138,1.00,1.25
2016.08.29 15:00:38.145,1.02136,1.02139,1.00,3.49
2016.08.29 15:00:38.197,1.02136,1.02137,1.00,1.00
2016.08.29 15:00:38.458,1.02136,1.02137,1.00,1.25
2016.08.29 15:00:38.763,1.02136,1.02137,1.00,1.00
2016.08.29 15:00:39.328,1.02134,1.02136,1.20,1.00
2016.08.29 15:00:39.379,1.02134,1.02138,1.20,1.85
2016.08.29 15:00:39.431,1.02133,1.02135,7.87,1.19
2016.08.29 15:00:39.482,1.02134,1.02136,1.00,1.69
2016.08.29 15:00:39.533,1.02134,1.02135,1.00,1.00
2016.08.29 15:00:39.584,1.02134,1.02136,1.00,1.31
2016.08.29 15:00:39.686,1.02135,1.02137,1.00,2.44
2016.08.29 15:00:39.797,1.02135,1.02137,1.00,1.19
2016.08.29 15:00:39.849,1.02135,1.02137,1.87,1.00
2016.08.29 15:00:40.054,1.02136,1.02137,1.10,1.00
2016.08.29 15:00:40.107,1.02138,1.02139,1.00,1.25
2016.08.29 15:00:40.585,1.02137,1.02139,1.00,1.69
2016.08.29 15:00:40.895,1.02137,1.02139,1.00,1.25
2016.08.29 15:00:41.066,1.02139,1.02141,1.12,1.37
2016.08.29 15:00:41.120,1.0214,1.02141,1.00,1.00
2016.08.29 15:00:41.171,1.02142,1.02144,1.00,4.12
2016.08.29 15:00:41.224,1.02142,1.02144,1.00,3.00
2016.08.29 15:00:41.276,1.02143,1.02144,1.00,1.50
2016.08.29 15:00:41.327,1.02143,1.02144,1.00,1.00
2016.08.29 15:00:41.480,1.02143,1.02145,1.00,3.82
2016.08.29 15:00:41.531,1.02141,1.02142,1.00,1.00
2016.08.29 15:00:41.633,1.02142,1.02144,1.00,1.25
2016.08.29 15:00:41.736,1.02142,1.02144,1.00,1.69
2016.08.29 15:00:41.819,1.02143,1.02145,1.00,2.66
2016.08.29 15:00:41.870,1.02144,1.02145,1.00,2.44
2016.08.29 15:00:41.922,1.02143,1.02145,3.82,3.44
2016.08.29 15:00:41.977,1.02144,1.02145,1.50,1.69
2016.08.29 15:00:42.068,1.02143,1.02145,4.95,1.69
2016.08.29 15:00:42.170,1.02143,1.02145,4.20,1.69
2016.08.29 15:00:42.317,1.02144,1.02146,1.00,1.69
2016.08.29 15:00:42.472,1.02144,1.02145,1.00,1.25
2016.08.29 15:00:42.676,1.02146,1.02147,1.00,2.44
2016.08.29 15:00:42.728,1.02146,1.02147,1.00,1.25
2016.08.29 15:00:43.096,1.02146,1.02148,1.00,1.76
2016.08.29 15:00:43.402,1.02146,1.02147,1.00,1.00
2016.08.29 15:00:43.660,1.02144,1.02146,1.00,1.00
2016.08.29 15:00:43.711,1.02143,1.02145,3.62,1.00
2016.08.29 15:00:43.763,1.02142,1.02145,6.37,1.00
2016.08.29 15:00:43.814,1.02142,1.02144,3.45,1.00
2016.08.29 15:00:43.866,1.02142,1.02144,1.57,1.00
2016.08.29 15:00:44.216,1.02144,1.02145,1.00,1.25
2016.08.29 15:00:44.369,1.02144,1.02146,1.00,5.44
2016.08.29 15:00:44.420,1.02144,1.02146,1.00,5.06
2016.08.29 15:00:44.524,1.02143,1.02147,4.87,6.49
2016.08.29 15:00:44.576,1.02145,1.02147,1.12,3.94
2016.08.29 15:00:44.629,1.02145,1.02147,1.00,1.50
2016.08.29 15:00:44.680,1.02146,1.02147,1.00,1.00
2016.08.29 15:00:44.986,1.02145,1.02147,1.00,1.50
2016.08.29 15:00:45.102,1.02143,1.02145,1.10,1.00
2016.08.29 15:00:45.259,1.02143,1.02145,1.00,1.00
2016.08.29 15:00:45.413,1.02142,1.02144,1.10,1.00
2016.08.29 15:00:45.720,1.02141,1.02143,1.00,1.25
2016.08.29 15:00:45.771,1.02141,1.02143,1.00,1.01
2016.08.29 15:00:45.873,1.02141,1.02143,1.00,1.76
2016.08.29 15:00:45.924,1.02141,1.02143,1.00,1.57
2016.08.29 15:00:46.078,1.02141,1.02143,1.00,1.10
2016.08.29 15:00:46.231,1.02141,1.02143,1.00,1.00
2016.08.29 15:00:47.110,1.02141,1.02142,1.00,1.00
2016.08.29 15:00:47.424,1.02139,1.02141,1.00,1.00
2016.08.29 15:00:47.629,1.02137,1.02139,1.10,1.00
2016.08.29 15:00:47.680,1.02135,1.02137,5.32,1.00
2016.08.29 15:00:47.731,1.02135,1.02138,2.70,1.00
2016.08.29 15:00:47.782,1.02133,1.02136,9.07,1.00
2016.08.29 15:00:47.834,1.02134,1.02136,1.87,1.00
2016.08.29 15:00:47.885,1.02134,1.02136,2.25,1.00
2016.08.29 15:00:47.936,1.02135,1.02136,1.00,1.00
2016.08.29 15:00:48.143,1.02136,1.02138,1.00,1.00
2016.08.29 15:00:48.297,1.02136,1.02138,1.00,2.25
2016.08.29 15:00:48.400,1.02136,1.02138,1.00,1.50
2016.08.29 15:00:48.502,1.02137,1.02139,1.00,1.87
2016.08.29 15:00:48.553,1.02137,1.02139,1.00,1.12
2016.08.29 15:00:48.757,1.02137,1.02139,1.00,1.87
2016.08.29 15:00:48.920,1.02136,1.02138,1.50,1.25
2016.08.29 15:00:48.972,1.02136,1.02138,1.50,1.50
2016.08.29 15:00:49.127,1.02137,1.02138,1.00,1.00
2016.08.29 15:00:49.382,1.02137,1.02139,1.00,2.62
2016.08.29 15:00:49.535,1.02137,1.02139,1.00,1.87
2016.08.29 15:00:49.586,1.02137,1.02139,1.00,1.12
2016.08.29 15:00:49.749,1.02137,1.02139,1.00,1.87
2016.08.29 15:00:49.954,1.02137,1.02139,1.00,1.12
2016.08.29 15:00:50.750,1.02138,1.02139,1.00,1.12
2016.08.29 15:00:50.954,1.02136,1.02138,1.50,1.00
2016.08.29 15:00:51.107,1.02136,1.02138,1.00,1.00
2016.08.29 15:00:51.951,1.02134,1.02137,3.82,1.00
2016.08.29 15:00:52.002,1.02134,1.02137,1.95,1.00
2016.08.29 15:00:52.073,1.02134,1.02136,2.70,1.00
2016.08.29 15:00:52.124,1.02134,1.02136,1.95,1.00
2016.08.29 15:00:52.216,1.02134,1.02136,2.25,1.00
2016.08.29 15:00:52.268,1.02134,1.02136,1.12,1.00
2016.08.29 15:00:52.472,1.02133,1.02136,9.75,1.00
2016.08.29 15:00:52.523,1.02133,1.02136,9.00,1.00
2016.08.29 15:00:52.575,1.02134,1.02136,1.12,1.00
2016.08.29 15:00:52.780,1.02135,1.02137,1.20,1.00
2016.08.29 15:00:52.933,1.02136,1.02137,1.00,1.00
2016.08.29 15:00:53.088,1.02139,1.02141,1.00,3.76
2016.08.29 15:00:53.139,1.02139,1.02141,1.10,1.46
2016.08.29 15:00:53.190,1.02139,1.02141,1.10,1.15
2016.08.29 15:00:53.241,1.02141,1.02143,1.00,1.87
2016.08.29 15:00:53.292,1.02142,1.02143,1.00,1.00
2016.08.29 15:00:53.796,1.02142,1.02144,1.00,3.00
2016.08.29 15:00:54.052,1.02142,1.02144,1.00,2.25
2016.08.29 15:00:54.409,1.02142,1.02144,1.00,3.00
2016.08.29 15:00:54.461,1.02141,1.02143,1.50,1.00
2016.08.29 15:00:54.563,1.02142,1.02144,1.00,4.50
2016.08.29 15:00:54.614,1.02142,1.02144,1.00,3.07
2016.08.29 15:00:54.721,1.02142,1.02144,1.00,2.62
2016.08.29 15:00:54.772,1.02142,1.02144,1.00,1.87
2016.08.29 15:00:54.823,1.02142,1.02144,1.00,3.37
2016.08.29 15:00:54.976,1.02142,1.02144,1.00,4.12
2016.08.29 15:00:55.078,1.02142,1.02144,1.00,3.37
2016.08.29 15:00:55.130,1.02142,1.02144,1.00,1.87
2016.08.29 15:00:55.181,1.02142,1.02144,1.00,1.12
2016.08.29 15:00:55.232,1.02142,1.02144,1.00,2.62
2016.08.29 15:00:55.958,1.02141,1.02144,1.35,1.87
2016.08.29 15:00:56.009,1.02143,1.02144,1.00,1.87
2016.08.29 15:00:56.061,1.02144,1.02145,1.00,3.00
2016.08.29 15:00:56.112,1.02146,1.02147,1.10,1.69
2016.08.29 15:00:56.238,1.02146,1.02147,1.10,1.00
2016.08.29 15:00:56.752,1.02146,1.02148,1.10,1.00
2016.08.29 15:00:57.819,1.02146,1.02148,1.10,2.25
2016.08.29 15:00:57.870,1.02145,1.02147,1.10,1.00
2016.08.29 15:00:58.023,1.02146,1.02148,1.00,2.32
2016.08.29 15:00:58.074,1.02146,1.02148,1.00,1.57
2016.08.29 15:00:58.126,1.02146,1.02148,1.00,1.50
2016.08.29 15:00:58.432,1.02146,1.02148,1.10,1.50
2016.08.29 15:00:58.591,1.02146,1.02148,1.10,1.00
2016.08.29 15:00:58.999,1.02145,1.02147,3.00,1.00
2016.08.29 15:00:59.050,1.02145,1.02147,1.12,1.00
2016.08.29 15:00:59.101,1.02145,1.02147,1.00,1.50
2016.08.29 15:00:59.152,1.02145,1.02146,1.00,1.00
2016.08.29 15:00:59.420,1.02143,1.02145,1.87,1.00
2016.08.29 15:00:59.472,1.02144,1.02146,1.00,1.50
2016.08.29 15:00:59.524,1.02144,1.02146,2.70,1.50
2016.08.29 15:00:59.576,1.02144,1.02145,2.70,1.00
2016.08.29 15:00:59.628,1.02144,1.02145,2.32,1.00
2016.08.29 15:00:59.680,1.02143,1.02145,7.87,1.00
2016.08.29 15:00:59.731,1.02143,1.02145,6.00,1.00
2016.08.29 15:00:59.783,1.02143,1.02144,4.87,1.00
2016.08.29 15:00:59.834,1.02143,1.02144,1.87,1.00
2016.08.29 15:00:59.885,1.02143,1.02146,1.87,1.50
2016.08.29 15:00:59.936,1.02143,1.02145,1.87,1.00
2016.08.29 15:00:59.987,1.02143,1.02145,1.12,1.00
2016.08.29 15:01:00.142,1.02142,1.02144,1.50,1.00
2016.08.29 15:01:00.252,1.02142,1.02144,1.00,1.00
2016.08.29 15:01:00.354,1.02141,1.02143,3.07,1.00
2016.08.29 15:01:00.456,1.02141,1.02143,1.57,1.00
2016.08.29 15:01:00.559,1.0214,1.02142,2.25,1.00
2016.08.29 15:01:00.866,1.0214,1.02143,1.50,1.49
2016.08.29 15:01:00.971,1.0214,1.02142,1.57,1.69
2016.08.29 15:01:01.022,1.0214,1.02142,1.10,2.29
2016.08.29 15:01:01.073,1.02139,1.0214,1.12,1.72
2016.08.29 15:01:01.124,1.02138,1.0214,1.57,1.72
2016.08.29 15:01:01.175,1.02138,1.0214,1.00,1.00
2016.08.29 15:01:01.277,1.02138,1.02141,1.00,3.04
2016.08.29 15:01:01.352,1.02138,1.02141,1.00,2.29
2016.08.29 15:01:01.403,1.02138,1.02141,1.00,3.04
2016.08.29 15:01:01.505,1.02138,1.02141,1.00,2.29
2016.08.29 15:01:01.625,1.02138,1.02141,1.00,2.06
2016.08.29 15:01:01.677,1.02138,1.02141,1.00,2.29
2016.08.29 15:01:01.780,1.02138,1.02139,1.00,1.00
2016.08.29 15:01:01.862,1.02136,1.02138,1.76,1.00
2016.08.29 15:01:02.220,1.02136,1.02137,1.10,1.00
2016.08.29 15:01:02.323,1.02135,1.02137,4.87,1.00
2016.08.29 15:01:02.375,1.02135,1.02137,3.75,1.00
2016.08.29 15:01:02.426,1.02135,1.02137,2.70,1.00
2016.08.29 15:01:02.478,1.02134,1.02137,4.50,1.00
2016.08.29 15:01:02.581,1.02136,1.02137,1.00,1.00
2016.08.29 15:01:02.836,1.02136,1.02137,1.50,1.00
2016.08.29 15:01:03.711,1.02136,1.02138,1.00,1.00
2016.08.29 15:01:03.762,1.02134,1.02135,1.87,1.00
2016.08.29 15:01:03.873,1.02133,1.02134,1.50,1.00
2016.08.29 15:01:03.926,1.02132,1.02134,1.00,1.87
2016.08.29 15:01:03.978,1.02131,1.02134,1.00,1.87
2016.08.29 15:01:04.029,1.02131,1.02134,1.00,1.12
2016.08.29 15:01:04.081,1.02132,1.02133,1.00,1.10
2016.08.29 15:01:04.287,1.02132,1.02133,1.00,1.00
2016.08.29 15:01:04.338,1.02132,1.02134,1.00,1.10
2016.08.29 15:01:04.440,1.02132,1.02133,1.00,1.00
2016.08.29 15:01:04.541,1.02133,1.02135,1.00,1.87
2016.08.29 15:01:04.746,1.02131,1.02133,1.10,1.00
2016.08.29 15:01:04.950,1.02132,1.02133,1.00,1.00
2016.08.29 15:01:05.154,1.02131,1.02133,1.10,1.00
2016.08.29 15:01:05.511,1.02132,1.02134,1.00,1.00
2016.08.29 15:01:06.031,1.0213,1.02132,4.12,1.00
2016.08.29 15:01:06.082,1.0213,1.02132,1.12,1.00
2016.08.29 15:01:06.134,1.0213,1.02132,1.10,1.00
2016.08.29 15:01:06.185,1.02129,1.02131,3.75,1.00
2016.08.29 15:01:06.236,1.02131,1.02132,1.10,1.00
2016.08.29 15:01:06.880,1.02131,1.02133,1.10,1.00
2016.08.29 15:01:06.931,1.02131,1.02132,1.00,1.00
2016.08.29 15:01:06.982,1.02128,1.02132,3.75,1.00
2016.08.29 15:01:07.073,1.02128,1.02132,3.75,1.50
2016.08.29 15:01:07.124,1.02128,1.02132,3.37,1.50
2016.08.29 15:01:07.226,1.02128,1.02132,2.62,1.50
2016.08.29 15:01:07.278,1.02128,1.02132,1.87,1.69
2016.08.29 15:01:07.329,1.02128,1.02131,1.50,1.35
2016.08.29 15:01:07.380,1.02128,1.0213,1.50,1.00
2016.08.29 15:01:07.467,1.02127,1.02128,1.20,1.72
2016.08.29 15:01:07.519,1.02126,1.02127,2.62,1.00
2016.08.29 15:01:07.583,1.02125,1.02127,1.20,1.00
2016.08.29 15:01:07.634,1.02125,1.02127,1.10,1.00
2016.08.29 15:01:07.889,1.02125,1.02127,1.10,1.50
2016.08.29 15:01:07.940,1.02124,1.02126,2.62,1.00
2016.08.29 15:01:07.992,1.02124,1.02126,3.00,1.00
2016.08.29 15:01:08.258,1.02124,1.02126,2.25,1.00
2016.08.29 15:01:08.462,1.02124,1.02127,3.75,1.00
2016.08.29 15:01:08.564,1.02124,1.02126,1.87,1.00
2016.08.29 15:01:08.917,1.02125,1.02126,1.10,1.00
2016.08.29 15:01:09.274,1.02125,1.02126,1.10,1.50
2016.08.29 15:01:09.529,1.02125,1.02126,1.00,1.50
2016.08.29 15:01:09.580,1.02123,1.02125,4.50,1.00
2016.08.29 15:01:09.682,1.02124,1.02126,1.00,3.41
2016.08.29 15:01:09.774,1.02123,1.02124,1.57,1.00
2016.08.29 15:01:09.880,1.02124,1.02125,1.00,2.47
2016.08.29 15:01:09.984,1.02123,1.02124,1.00,1.50
2016.08.29 15:01:10.041,1.02122,1.02124,1.50,1.00
2016.08.29 15:01:10.093,1.02122,1.02124,1.00,2.50
2016.08.29 15:01:10.145,1.02122,1.02124,1.50,2.50
2016.08.29 15:01:10.197,1.0212,1.02122,1.57,1.00
2016.08.29 15:01:10.249,1.02119,1.02121,4.50,1.00
2016.08.29 15:01:10.301,1.02118,1.0212,2.14,1.00
2016.08.29 15:01:10.403,1.02118,1.0212,2.01,2.25
2016.08.29 15:01:10.496,1.02118,1.0212,1.00,2.62
2016.08.29 15:01:10.547,1.02119,1.0212,1.50,2.62
2016.08.29 15:01:10.598,1.02119,1.0212,1.00,2.06
2016.08.29 15:01:10.701,1.02119,1.0212,1.00,2.81
2016.08.29 15:01:10.803,1.02118,1.0212,1.00,2.62
2016.08.29 15:01:10.905,1.02118,1.0212,1.00,2.06
2016.08.29 15:01:10.957,1.02117,1.02118,1.50,1.00
2016.08.29 15:01:11.008,1.02117,1.02118,1.00,1.00
2016.08.29 15:01:11.220,1.02118,1.0212,1.00,2.81
2016.08.29 15:01:11.322,1.02118,1.02119,1.00,1.00
2016.08.29 15:01:11.374,1.02118,1.0212,1.00,1.31
2016.08.29 15:01:11.425,1.02119,1.02121,1.00,3.56
2016.08.29 15:01:11.477,1.02119,1.02121,1.00,1.00
2016.08.29 15:01:11.530,1.0212,1.02122,1.00,1.12
2016.08.29 15:01:11.582,1.0212,1.02122,1.00,1.87
2016.08.29 15:01:11.634,1.0212,1.02122,1.00,1.50
2016.08.29 15:01:11.737,1.02119,1.02121,2.32,1.00
2016.08.29 15:01:11.788,1.0212,1.02122,1.00,1.00
2016.08.29 15:01:12.096,1.02121,1.02122,1.00,1.50
2016.08.29 15:01:12.147,1.0212,1.02121,1.50,1.00
2016.08.29 15:01:12.249,1.02119,1.02121,2.32,1.00
2016.08.29 15:01:12.301,1.02118,1.02119,1.00,1.50
2016.08.29 15:01:12.352,1.02117,1.02119,1.50,1.00
2016.08.29 15:01:12.404,1.02118,1.02119,1.00,2.25
2016.08.29 15:01:12.506,1.02116,1.02118,1.87,1.00
2016.08.29 15:01:12.607,1.02117,1.02118,1.00,1.00
2016.08.29 15:01:12.724,1.02116,1.02118,1.87,1.00
2016.08.29 15:01:12.776,1.02117,1.02119,1.00,1.50
2016.08.29 15:01:12.877,1.02117,1.02119,1.00,1.00
2016.08.29 15:01:13.083,1.02119,1.02121,1.00,1.57
2016.08.29 15:01:13.236,1.02117,1.02119,2.25,1.00
2016.08.29 15:01:13.288,1.02119,1.0212,1.00,1.00
2016.08.29 15:01:13.341,1.02119,1.0212,1.00,1.50
2016.08.29 15:01:13.417,1.02116,1.02119,3.07,1.00
2016.08.29 15:01:13.469,1.02116,1.02118,2.32,1.00
2016.08.29 15:01:13.520,1.02117,1.02118,1.00,1.00
2016.08.29 15:01:13.623,1.02115,1.02117,1.20,1.00
2016.08.29 15:01:13.728,1.02115,1.02116,1.00,1.00
2016.08.29 15:01:14.147,1.02116,1.02118,1.50,1.00
2016.08.29 15:01:14.198,1.02116,1.02118,1.00,1.00
2016.08.29 15:01:14.300,1.02116,1.02118,1.50,2.25
2016.08.29 15:01:14.351,1.02117,1.02118,1.00,2.25
2016.08.29 15:01:14.402,1.02114,1.02116,1.01,1.00
2016.08.29 15:01:14.453,1.02114,1.02116,1.10,1.00
2016.08.29 15:01:14.504,1.02114,1.02116,1.00,1.00
2016.08.29 15:01:14.606,1.02116,1.02118,1.00,2.51
2016.08.29 15:01:14.846,1.02115,1.02116,1.50,1.00
2016.08.29 15:01:14.948,1.02116,1.02117,1.00,2.25
2016.08.29 15:01:14.999,1.02116,1.02118,1.00,2.51
2016.08.29 15:01:15.050,1.02117,1.02118,1.00,1.69
2016.08.29 15:01:15.203,1.02117,1.02118,1.00,2.44
2016.08.29 15:01:15.305,1.02117,1.02118,1.00,1.69
2016.08.29 15:01:15.509,1.02115,1.02117,1.50,1.00
2016.08.29 15:01:15.656,1.02113,1.02115,5.25,1.00
2016.08.29 15:01:15.708,1.02113,1.02115,1.00,1.00
2016.08.29 15:01:15.760,1.02112,1.02114,1.95,1.00
2016.08.29 15:01:15.812,1.02114,1.02115,1.00,1.00
2016.08.29 15:01:16.020,1.02113,1.02114,1.25,1.00
2016.08.29 15:01:16.360,1.02115,1.02116,1.00,2.25
2016.08.29 15:01:16.413,1.02115,1.02116,1.00,1.00
2016.08.29 15:01:16.465,1.02115,1.02116,1.10,1.00
2016.08.29 15:01:16.517,1.02116,1.02117,1.00,1.00
2016.08.29 15:01:16.721,1.02117,1.02118,1.00,1.50
2016.08.29 15:01:16.772,1.02115,1.02116,1.10,1.00
2016.08.29 15:01:16.823,1.02112,1.02116,3.56,2.85
2016.08.29 15:01:16.887,1.02112,1.02114,1.37,1.50
2016.08.29 15:01:17.002,1.0211,1.02111,2.62,1.00
2016.08.29 15:01:17.082,1.02108,1.0211,1.12,1.50
2016.08.29 15:01:17.133,1.02106,1.02107,1.76,1.00
2016.08.29 15:01:17.184,1.02109,1.02111,1.00,5.55
2016.08.29 15:01:17.236,1.02109,1.0211,2.25,1.00
2016.08.29 15:01:17.287,1.02109,1.02111,2.50,4.95
2016.08.29 15:01:17.338,1.02109,1.02111,2.50,2.25
2016.08.29 15:01:17.389,1.02109,1.02111,2.25,2.66
2016.08.29 15:01:17.440,1.02109,1.02111,1.50,2.66
2016.08.29 15:01:17.491,1.02111,1.02112,1.00,1.87
2016.08.29 15:01:17.542,1.0211,1.02112,1.00,1.00
2016.08.29 15:01:17.703,1.02114,1.02116,1.00,4.69
2016.08.29 15:01:17.755,1.02114,1.02116,1.00,4.31
2016.08.29 15:01:17.806,1.02114,1.02116,1.00,3.56
2016.08.29 15:01:17.909,1.02112,1.02114,1.12,1.00
2016.08.29 15:01:18.164,1.02112,1.02114,1.87,1.00
2016.08.29 15:01:18.215,1.02114,1.02116,1.00,1.00
2016.08.29 15:01:18.267,1.02115,1.02117,1.00,1.50
2016.08.29 15:01:18.349,1.02116,1.02118,1.00,2.62
2016.08.29 15:01:18.406,1.02117,1.0212,1.00,5.51
2016.08.29 15:01:18.458,1.02118,1.0212,1.00,3.56
2016.08.29 15:01:18.509,1.02118,1.0212,1.00,2.06
2016.08.29 15:01:18.611,1.02118,1.0212,1.00,2.81
2016.08.29 15:01:18.662,1.02118,1.0212,1.00,2.81
2016.08.29 15:01:18.714,1.02117,1.02118,1.00,1.00
2016.08.29 15:01:18.816,1.02116,1.02118,1.10,1.00
2016.08.29 15:01:18.964,1.02116,1.02118,1.00,1.00
2016.08.29 15:01:19.199,1.02117,1.02119,1.00,1.50
2016.08.29 15:01:19.301,1.02116,1.02118,1.00,1.00
2016.08.29 15:01:19.454,1.02115,1.02117,1.10,1.00
2016.08.29 15:01:19.507,1.02116,1.02118,1.00,1.00
2016.08.29 15:01:20.108,1.02115,1.02117,1.10,1.00
2016.08.29 15:01:20.721,1.02114,1.02116,1.50,1.00
2016.08.29 15:01:20.875,1.02114,1.02116,1.00,1.00
2016.08.29 15:01:21.237,1.02113,1.02115,1.87,1.00
2016.08.29 15:01:21.288,1.02113,1.02116,1.20,1.50
2016.08.29 15:01:21.339,1.02113,1.02115,1.87,1.00
2016.08.29 15:01:21.390,1.02113,1.02115,3.37,1.00
2016.08.29 15:01:21.930,1.02113,1.02116,3.37,1.00
2016.08.29 15:01:22.035,1.02113,1.02117,4.37,1.00
2016.08.29 15:01:22.087,1.02115,1.02118,1.16,1.00
2016.08.29 15:01:22.139,1.02116,1.0212,1.57,1.00
2016.08.29 15:01:22.190,1.02116,1.02119,2.62,1.00
2016.08.29 15:01:22.241,1.02116,1.02119,1.20,1.00
2016.08.29 15:01:22.343,1.02116,1.02119,1.10,1.00
2016.08.29 15:01:22.394,1.02116,1.02118,1.00,1.00
2016.08.29 15:01:22.445,1.02116,1.02119,1.10,1.00
2016.08.29 15:01:22.496,1.02116,1.02118,1.50,1.00
2016.08.29 15:01:22.637,1.02116,1.02119,2.20,1.00
2016.08.29 15:01:22.688,1.02116,1.0212,2.20,2.25
2016.08.29 15:01:22.739,1.02116,1.0212,4.07,1.37
2016.08.29 15:01:22.791,1.02116,1.02121,5.57,5.66
2016.08.29 15:01:22.842,1.02117,1.0212,3.37,1.00
2016.08.29 15:01:22.893,1.02117,1.0212,4.37,1.00
2016.08.29 15:01:22.944,1.02117,1.02121,5.12,1.31
2016.08.29 15:01:22.996,1.02118,1.0212,1.00,1.00
2016.08.29 15:01:23.201,1.02117,1.02119,4.95,1.00
2016.08.29 15:01:23.253,1.02117,1.02119,4.57,1.00
2016.08.29 15:01:23.352,1.02117,1.02119,1.10,1.00
2016.08.29 15:01:23.406,1.02117,1.02119,1.00,1.00
2016.08.29 15:01:23.712,1.02116,1.02118,1.10,1.00
2016.08.29 15:01:24.120,1.02115,1.02117,2.25,1.00
2016.08.29 15:01:24.226,1.02115,1.02116,1.20,1.00
2016.08.29 15:01:24.687,1.02114,1.02116,2.62,1.00
2016.08.29 15:01:24.739,1.02114,1.02118,2.87,1.50
2016.08.29 15:01:24.841,1.02114,1.02118,2.87,1.00
2016.08.29 15:01:24.892,1.02114,1.02117,2.62,1.00
2016.08.29 15:01:24.943,1.02114,1.02117,1.20,1.00
2016.08.29 15:01:25.049,1.02114,1.02117,1.10,1.50
2016.08.29 15:01:25.152,1.02114,1.02117,2.52,1.50
2016.08.29 15:01:25.254,1.02114,1.02117,2.52,1.00
2016.08.29 15:01:25.407,1.02114,1.02117,2.50,1.00
2016.08.29 15:01:25.936,1.02114,1.02116,1.50,1.00
2016.08.29 15:01:26.041,1.02113,1.02115,1.10,1.00
2016.08.29 15:01:26.092,1.02113,1.02116,1.00,3.00
2016.08.29 15:01:26.143,1.02113,1.02116,1.00,1.00
2016.08.29 15:01:26.194,1.02113,1.02116,3.25,1.00
2016.08.29 15:01:26.245,1.02113,1.02117,4.00,1.00
2016.08.29 15:01:26.296,1.02113,1.02116,3.74,1.00
2016.08.29 15:01:26.348,1.02114,1.02117,1.20,1.00
2016.08.29 15:01:26.399,1.02114,1.02117,2.20,1.00
2016.08.29 15:01:26.552,1.02114,1.02118,2.35,1.00
2016.08.29 15:01:26.618,1.02114,1.02118,3.29,1.00
2016.08.29 15:01:26.670,1.02114,1.02119,3.56,1.00
2016.08.29 15:01:26.721,1.02115,1.02119,1.12,1.12
2016.08.29 15:01:26.772,1.02115,1.02119,2.12,1.12
2016.08.29 15:01:26.824,1.02115,1.02118,2.12,1.00
2016.08.29 15:01:27.068,1.02116,1.02119,1.76,3.60
2016.08.29 15:01:27.121,1.02116,1.0212,2.76,6.64
2016.08.29 15:01:27.172,1.02116,1.0212,2.70,3.22
2016.08.29 15:01:27.242,1.02116,1.0212,1.50,3.22
2016.08.29 15:01:27.294,1.02116,1.02118,1.00,1.00
2016.08.29 15:01:27.346,1.02116,1.02118,1.57,1.00
2016.08.29 15:01:27.397,1.02116,1.02118,1.50,1.00
2016.08.29 15:01:27.500,1.02116,1.02119,1.00,5.47
2016.08.29 15:01:27.551,1.02116,1.02119,1.00,4.72
2016.08.29 15:01:27.653,1.02116,1.02119,1.00,4.12
2016.08.29 15:01:27.806,1.02116,1.02119,3.62,1.87
2016.08.29 15:01:27.858,1.02116,1.02119,3.75,1.00
2016.08.29 15:01:27.967,1.02116,1.0212,1.50,1.72
2016.08.29 15:01:28.018,1.02118,1.0212,1.50,1.72
2016.08.29 15:01:28.070,1.02118,1.0212,1.50,1.35
2016.08.29 15:01:28.325,1.02118,1.0212,1.50,2.10
2016.08.29 15:01:28.428,1.02118,1.0212,1.00,2.10
2016.08.29 15:01:28.530,1.02118,1.0212,1.00,2.32
2016.08.29 15:01:28.632,1.02118,1.02119,1.00,1.00
2016.08.29 15:01:28.739,1.02118,1.0212,1.00,2.10
2016.08.29 15:01:28.895,1.02118,1.0212,1.00,2.47
2016.08.29 15:01:28.947,1.02118,1.0212,1.00,2.11
2016.08.29 15:01:29.050,1.02118,1.02121,1.50,4.77
2016.08.29 15:01:29.152,1.02118,1.02121,1.50,4.40
2016.08.29 15:01:29.256,1.02118,1.02121,1.00,4.40
2016.08.29 15:01:29.568,1.02118,1.02121,1.00,3.80
2016.08.29 15:01:29.671,1.02118,1.02121,1.00,2.81
2016.08.29 15:01:29.723,1.02118,1.02121,1.00,1.50
2016.08.29 15:01:29.774,1.02118,1.02121,1.00,1.50
2016.08.29 15:01:29.877,1.02118,1.02121,1.00,1.00
2016.08.29 15:01:29.929,1.02118,1.02122,1.00,2.92
2016.08.29 15:01:29.981,1.02118,1.02122,2.20,1.65
2016.08.29 15:01:30.032,1.02118,1.02122,2.50,1.65
2016.08.29 15:01:30.084,1.02118,1.02122,3.25,1.65
2016.08.29 15:01:30.235,1.02119,1.02123,3.11,1.50
2016.08.29 15:01:30.287,1.0212,1.02124,3.07,1.12
2016.08.29 15:01:30.339,1.0212,1.02123,3.32,1.00
2016.08.29 15:01:30.391,1.02121,1.02124,1.12,1.25
2016.08.29 15:01:30.443,1.02121,1.02124,2.12,1.35
2016.08.29 15:01:30.494,1.02121,1.02123,1.00,1.25
2016.08.29 15:01:30.545,1.02121,1.02123,1.00,5.66
2016.08.29 15:01:30.597,1.0212,1.02122,1.10,1.19
2016.08.29 15:01:30.648,1.0212,1.02122,1.10,1.69
2016.08.29 15:01:30.700,1.0212,1.02123,1.00,7.54
2016.08.29 15:01:30.751,1.0212,1.02124,1.50,5.44
2016.08.29 15:01:30.803,1.0212,1.02124,1.50,3.19
2016.08.29 15:01:30.854,1.0212,1.02123,1.00,1.25
2016.08.29 15:01:30.906,1.0212,1.02123,1.00,2.06
2016.08.29 15:01:30.957,1.0212,1.02122,1.10,1.50
2016.08.29 15:01:31.033,1.0212,1.02121,1.10,1.72
2016.08.29 15:01:31.085,1.0212,1.02121,1.00,1.72
2016.08.29 15:01:31.239,1.0212,1.02121,1.00,1.30
2016.08.29 15:01:31.341,1.02119,1.02121,1.10,1.72
2016.08.29 15:01:31.546,1.02119,1.02121,1.00,2.47
2016.08.29 15:01:31.597,1.02119,1.02121,1.00,3.79
2016.08.29 15:01:31.648,1.02119,1.02121,1.00,3.86
2016.08.29 15:01:31.699,1.02119,1.02121,1.00,3.67
2016.08.29 15:01:31.751,1.02119,1.0212,1.00,1.00
2016.08.29 15:01:31.802,1.02118,1.0212,1.00,1.50
2016.08.29 15:01:31.900,1.02118,1.02119,1.00,1.10
2016.08.29 15:01:32.198,1.02118,1.02119,1.00,1.00
2016.08.29 15:01:32.249,1.02118,1.0212,1.00,1.87
2016.08.29 15:01:32.387,1.02118,1.0212,1.00,1.50
2016.08.29 15:01:32.675,1.02117,1.02118,1.00,1.30
2016.08.29 15:01:32.727,1.02117,1.02118,1.00,1.72
2016.08.29 15:01:32.778,1.02117,1.02118,1.00,2.32
2016.08.29 15:01:32.982,1.02117,1.02118,1.00,2.55
2016.08.29 15:01:33.136,1.02115,1.02117,1.50,1.00
2016.08.29 15:01:33.188,1.02117,1.02118,1.00,1.50
2016.08.29 15:01:33.291,1.02117,1.02119,1.00,1.00
2016.08.29 15:01:33.437,1.02117,1.02119,1.12,1.00
2016.08.29 15:01:33.744,1.02118,1.0212,1.00,1.00
2016.08.29 15:01:34.206,1.02118,1.0212,1.10,1.00
2016.08.29 15:01:34.429,1.02118,1.0212,1.57,1.00
2016.08.29 15:01:34.483,1.02118,1.0212,1.57,1.24
2016.08.29 15:01:34.534,1.02119,1.02121,1.00,1.74
2016.08.29 15:01:34.588,1.02119,1.02122,1.00,1.00
2016.08.29 15:01:34.640,1.02122,1.02123,2.17,2.25
2016.08.29 15:01:34.692,1.02125,1.02126,1.50,1.25
2016.08.29 15:01:34.743,1.02125,1.02127,2.25,1.00
2016.08.29 15:01:34.795,1.02126,1.02127,1.12,1.50
2016.08.29 15:01:34.847,1.02125,1.02127,4.12,1.50
2016.08.29 15:01:34.898,1.02126,1.02127,1.12,1.00
2016.08.29 15:01:35.007,1.02126,1.02128,1.10,1.25
2016.08.29 15:01:35.059,1.02125,1.02127,1.12,1.00
2016.08.29 15:01:35.110,1.02126,1.02128,1.00,1.30
2016.08.29 15:01:35.162,1.02127,1.02128,1.00,1.00
2016.08.29 15:01:35.213,1.02127,1.02129,1.00,1.87
2016.08.29 15:01:35.367,1.02127,1.02128,1.00,1.00
2016.08.29 15:01:35.418,1.02125,1.02127,1.87,1.00
2016.08.29 15:01:35.469,1.02125,1.02127,1.87,1.00
2016.08.29 15:01:35.520,1.02126,1.02127,1.00,1.00
2016.08.29 15:01:35.571,1.02124,1.02126,1.87,1.00
2016.08.29 15:01:35.622,1.02124,1.02126,2.25,1.00
2016.08.29 15:01:35.673,1.02124,1.02126,1.50,1.00
2016.08.29 15:01:35.725,1.02123,1.02126,4.12,1.00
2016.08.29 15:01:35.777,1.02123,1.02125,1.87,1.00
2016.08.29 15:01:35.829,1.02123,1.02125,1.12,1.00
2016.08.29 15:01:35.880,1.02122,1.02125,3.75,1.00
2016.08.29 15:01:35.932,1.02124,1.02126,1.12,1.50
2016.08.29 15:01:35.984,1.02125,1.02126,1.10,1.00
2016.08.29 15:01:36.087,1.02124,1.02126,2.25,1.00
2016.08.29 15:01:36.139,1.02124,1.02126,3.00,1.00
2016.08.29 15:01:36.242,1.02126,1.02127,1.00,1.00
2016.08.29 15:01:36.293,1.02126,1.02128,3.07,1.00
2016.08.29 15:01:36.398,1.02127,1.02128,1.00,1.00
2016.08.29 15:01:36.449,1.02126,1.02128,1.57,1.00
2016.08.29 15:01:36.553,1.02126,1.02128,1.10,1.00
2016.08.29 15:01:36.808,1.02125,1.02128,2.62,1.00
2016.08.29 15:01:37.359,1.02125,1.02127,2.62,1.00
2016.08.29 15:01:37.410,1.02125,1.02127,1.87,1.00
2016.08.29 15:01:37.563,1.02125,1.02127,1.12,1.00
2016.08.29 15:01:37.615,1.02125,1.0213,1.12,1.54
2016.08.29 15:01:37.666,1.02125,1.02127,1.12,1.00
2016.08.29 15:01:37.819,1.02125,1.02127,1.10,1.00
2016.08.29 15:01:39.130,1.02124,1.02126,1.50,1.00
2016.08.29 15:01:39.182,1.02124,1.02126,1.12,1.00
2016.08.29 15:01:39.285,1.02123,1.02125,1.87,1.00
2016.08.29 15:01:39.389,1.02123,1.02125,1.12,1.00
2016.08.29 15:01:39.593,1.02123,1.02125,1.10,1.00
2016.08.29 15:01:39.799,1.02124,1.02126,1.00,1.25
2016.08.29 15:01:39.851,1.02126,1.02127,1.00,1.00
2016.08.29 15:01:40.005,1.02127,1.02129,1.00,3.11
2016.08.29 15:01:40.107,1.02127,1.02129,1.00,3.04
2016.08.29 15:01:40.263,1.02126,1.02128,1.00,1.22
2016.08.29 15:01:40.365,1.02126,1.02127,1.00,1.00
2016.08.29 15:01:40.468,1.02125,1.02127,1.00,1.50
2016.08.29 15:01:40.983,1.02126,1.02128,1.00,1.50
2016.08.29 15:01:41.085,1.02126,1.02128,1.00,1.00
2016.08.29 15:01:41.540,1.02128,1.0213,1.00,5.51
2016.08.29 15:01:41.591,1.02128,1.0213,1.50,2.70
2016.08.29 15:01:41.643,1.02129,1.02131,1.00,1.74
2016.08.29 15:01:41.694,1.02129,1.0213,1.00,1.00
2016.08.29 15:01:41.745,1.0213,1.02133,1.00,5.25
2016.08.29 15:01:41.797,1.02131,1.02133,1.00,2.62
2016.08.29 15:01:41.848,1.02131,1.02133,1.00,1.37
2016.08.29 15:01:41.899,1.02131,1.02133,1.00,1.00
2016.08.29 15:01:41.950,1.02131,1.02133,1.00,1.50
2016.08.29 15:01:42.001,1.02131,1.02133,1.00,2.62
2016.08.29 15:01:42.070,1.02131,1.02133,1.00,2.81
2016.08.29 15:01:42.168,1.02131,1.02133,1.00,3.04
2016.08.29 15:01:42.221,1.02131,1.02133,1.00,2.29
2016.08.29 15:01:42.273,1.02131,1.02133,1.00,1.12
2016.08.29 15:01:42.326,1.02133,1.02135,1.00,3.19
2016.08.29 15:01:42.377,1.02133,1.02134,1.00,1.50
2016.08.29 15:01:42.429,1.02133,1.02134,1.00,1.00
2016.08.29 15:01:42.786,1.02132,1.02134,1.10,1.50
2016.08.29 15:01:42.837,1.02131,1.02133,1.87,1.00
2016.08.29 15:01:42.888,1.02131,1.02132,1.10,1.00
2016.08.29 15:01:42.989,1.0213,1.02132,1.12,1.00
2016.08.29 15:01:43.093,1.0213,1.02132,1.10,1.00
2016.08.29 15:01:44.222,1.02129,1.02131,1.12,1.00
2016.08.29 15:01:44.273,1.02128,1.0213,2.62,1.00
2016.08.29 15:01:44.324,1.02128,1.02129,1.20,1.00
2016.08.29 15:01:44.375,1.02127,1.02129,3.00,1.00
2016.08.29 15:01:44.426,1.02127,1.02129,2.25,1.00
2016.08.29 15:01:44.585,1.02126,1.02128,4.12,1.00
2016.08.29 15:01:44.642,1.02126,1.02128,4.50,1.00
2016.08.29 15:01:44.745,1.02126,1.02128,3.00,1.00
2016.08.29 15:01:44.797,1.02126,1.02129,1.50,2.06
2016.08.29 15:01:44.848,1.02125,1.02129,1.50,4.65
2016.08.29 15:01:44.900,1.02125,1.02127,1.50,1.00
2016.08.29 15:01:44.951,1.02125,1.02127,1.57,1.00
2016.08.29 15:01:45.002,1.02125,1.02127,1.10,1.00
2016.08.29 15:01:45.256,1.02125,1.02127,1.57,1.00
2016.08.29 15:01:45.375,1.02125,1.02127,2.32,1.00
2016.08.29 15:01:46.265,1.02125,1.02127,1.10,1.00
2016.08.29 15:01:46.418,1.02124,1.02126,3.00,1.00
2016.08.29 15:01:46.625,1.02124,1.02126,3.75,1.00
2016.08.29 15:01:46.686,1.02124,1.02126,1.50,1.00
2016.08.29 15:01:46.738,1.02124,1.02126,1.00,1.50
2016.08.29 15:01:46.842,1.02123,1.02125,1.50,1.00
2016.08.29 15:01:46.945,1.02122,1.02125,3.37,1.50
2016.08.29 15:01:46.996,1.02122,1.02125,1.87,1.50
2016.08.29 15:01:47.082,1.02122,1.02124,1.50,1.00
2016.08.29 15:01:47.135,1.02122,1.02124,1.12,1.00
2016.08.29 15:01:47.296,1.02122,1.02123,1.05,1.12
2016.08.29 15:01:47.347,1.02122,1.02123,1.05,1.87
2016.08.29 15:01:47.399,1.02122,1.02123,1.10,1.87
2016.08.29 15:01:47.501,1.02121,1.02123,1.00,1.87
2016.08.29 15:01:47.552,1.02122,1.02123,2.25,1.12
2016.08.29 15:01:47.604,1.02124,1.02125,1.00,2.85
2016.08.29 15:01:47.655,1.02127,1.02128,1.50,8.44
2016.08.29 15:01:47.706,1.02127,1.02129,1.87,4.31
2016.08.29 15:01:47.758,1.02125,1.02127,16.76,1.00
2016.08.29 15:01:47.810,1.02128,1.02132,1.12,2.47
2016.08.29 15:01:47.884,1.02128,1.02132,1.12,1.72
2016.08.29 15:01:47.936,1.02125,1.02128,2.25,1.50
2016.08.29 15:01:47.987,1.02124,1.02126,2.62,1.00
2016.08.29 15:01:48.038,1.02124,1.02125,1.87,1.00
2016.08.29 15:01:48.090,1.02126,1.02128,1.12,1.50
2016.08.29 15:01:48.141,1.02127,1.02129,1.00,3.00
2016.08.29 15:01:48.192,1.02128,1.02129,1.00,1.12
2016.08.29 15:01:48.244,1.02128,1.02131,2.25,2.62
2016.08.29 15:01:48.295,1.02128,1.02131,2.25,2.25
2016.08.29 15:01:48.346,1.02128,1.02131,2.62,1.50
2016.08.29 15:01:48.448,1.02128,1.0213,2.62,2.25
2016.08.29 15:01:48.499,1.02128,1.02131,2.62,2.25
2016.08.29 15:01:48.587,1.02128,1.02131,1.87,3.00
2016.08.29 15:01:48.639,1.02126,1.02128,8.62,1.00
2016.08.29 15:01:48.690,1.02127,1.0213,1.12,1.50
2016.08.29 15:01:48.741,1.02127,1.02131,1.12,2.29
2016.08.29 15:01:48.792,1.02126,1.0213,3.00,1.00
2016.08.29 15:01:48.844,1.02126,1.0213,1.50,1.87
2016.08.29 15:01:48.896,1.02125,1.02129,1.75,1.00
2016.08.29 15:01:48.947,1.02124,1.02129,5.62,1.00
2016.08.29 15:01:49.013,1.02125,1.02127,1.12,1.00
2016.08.29 15:01:49.116,1.02124,1.02127,1.87,1.00
2016.08.29 15:01:49.218,1.02125,1.02127,1.12,1.50
2016.08.29 15:01:49.315,1.02125,1.02127,1.87,1.00
2016.08.29 15:01:49.878,1.02126,1.02128,1.10,1.00
2016.08.29 15:01:49.929,1.02126,1.02128,1.10,1.30
2016.08.29 15:01:49.980,1.02126,1.02127,1.10,1.00
2016.08.29 15:01:50.031,1.02126,1.02127,1.00,1.00
2016.08.29 15:01:50.083,1.02125,1.02127,1.10,1.00
2016.08.29 15:01:50.141,1.02126,1.02127,1.00,1.00
2016.08.29 15:01:50.203,1.02128,1.02129,1.00,1.12
2016.08.29 15:01:50.254,1.0213,1.02131,1.87,1.50
2016.08.29 15:01:50.306,1.02129,1.02131,1.87,1.37
2016.08.29 15:01:50.358,1.0213,1.02132,1.00,1.00
2016.08.29 15:01:50.461,1.02131,1.02133,1.00,2.62
2016.08.29 15:01:50.512,1.02131,1.02132,1.00,1.00
2016.08.29 15:01:50.564,1.02134,1.02136,1.00,6.56
2016.08.29 15:01:50.615,1.02134,1.02136,1.00,4.50
2016.08.29 15:01:50.667,1.02136,1.02137,1.00,4.50
2016.08.29 15:01:50.774,1.02134,1.02135,2.70,1.00
2016.08.29 15:01:50.859,1.02136,1.02137,1.10,2.25
2016.08.29 15:01:50.910,1.02136,1.02137,1.10,1.00
2016.08.29 15:01:50.961,1.02138,1.0214,1.00,2.67
2016.08.29 15:01:51.012,1.02138,1.0214,1.00,1.55
2016.08.29 15:01:51.063,1.02138,1.0214,1.00,1.31
2016.08.29 15:01:51.114,1.02139,1.0214,1.10,1.31
2016.08.29 15:01:51.165,1.02139,1.0214,1.10,1.00
2016.08.29 15:01:51.216,1.02138,1.0214,1.50,1.50
2016.08.29 15:01:51.267,1.0214,1.02142,1.00,1.00
2016.08.29 15:01:51.318,1.02141,1.02142,1.00,1.50
2016.08.29 15:01:51.393,1.0214,1.02142,1.87,1.50
2016.08.29 15:01:51.444,1.0214,1.02141,1.20,1.50
2016.08.29 15:01:51.495,1.02139,1.02141,1.87,1.50
2016.08.29 15:01:51.800,1.02139,1.02142,1.37,1.50
2016.08.29 15:01:51.852,1.0214,1.02142,1.12,1.50
2016.08.29 15:01:51.903,1.0214,1.02142,1.00,1.00
2016.08.29 15:01:52.375,1.02138,1.02141,1.12,1.19
2016.08.29 15:01:52.427,1.02136,1.02137,14.55,1.00
2016.08.29 15:01:52.478,1.02136,1.02138,12.67,1.87
2016.08.29 15:01:52.529,1.02136,1.02138,3.37,1.87
2016.08.29 15:01:52.581,1.02135,1.02137,1.12,1.00
2016.08.29 15:01:52.684,1.02135,1.02136,1.00,1.00
2016.08.29 15:01:52.736,1.02135,1.02136,1.50,1.00
2016.08.29 15:01:52.825,1.02135,1.02136,2.25,1.00
2016.08.29 15:01:52.877,1.02135,1.02137,3.75,1.00
2016.08.29 15:01:53.081,1.02135,1.02138,3.00,1.00
2016.08.29 15:01:53.183,1.02135,1.02138,2.62,1.00
2016.08.29 15:01:53.286,1.02135,1.02137,3.00,1.00
2016.08.29 15:01:53.338,1.02135,1.02137,1.50,1.00
2016.08.29 15:01:53.389,1.02135,1.02136,1.12,1.00
2016.08.29 15:01:53.441,1.02135,1.02138,1.12,1.00
2016.08.29 15:01:53.549,1.02135,1.02138,1.10,2.10
2016.08.29 15:01:53.600,1.02135,1.02136,1.10,1.00
2016.08.29 15:01:53.652,1.02134,1.02136,1.00,1.00
2016.08.29 15:01:53.756,1.02136,1.02138,1.00,2.17
2016.08.29 15:01:53.808,1.02136,1.02138,1.50,1.42
2016.08.29 15:01:53.859,1.02136,1.0214,2.62,1.12
2016.08.29 15:01:53.911,1.02138,1.02139,1.00,1.00
2016.08.29 15:01:53.963,1.02139,1.02141,1.12,1.00
2016.08.29 15:01:54.066,1.02137,1.0214,3.82,1.00
2016.08.29 15:01:54.117,1.02138,1.0214,1.12,1.00
2016.08.29 15:01:54.168,1.02137,1.0214,3.37,1.00
2016.08.29 15:01:54.304,1.02139,1.02141,1.10,1.00
2016.08.29 15:01:54.355,1.0214,1.02142,1.00,1.50
2016.08.29 15:01:54.406,1.0214,1.02141,1.00,1.00
2016.08.29 15:01:54.457,1.02138,1.02141,3.00,1.00
2016.08.29 15:01:54.508,1.02139,1.02141,1.12,1.00
2016.08.29 15:01:54.559,1.02138,1.02141,3.37,1.00
2016.08.29 15:01:54.763,1.02138,1.02141,1.87,1.00
2016.08.29 15:01:55.223,1.02138,1.0214,1.50,1.00
2016.08.29 15:01:55.325,1.02138,1.0214,1.12,1.00
2016.08.29 15:01:55.795,1.02137,1.02142,4.12,1.12
2016.08.29 15:01:55.846,1.02136,1.02139,4.12,1.00
2016.08.29 15:01:55.897,1.02136,1.02139,2.62,1.50
2016.08.29 15:01:55.949,1.02134,1.02138,2.25,2.29
2016.08.29 15:01:56.000,1.02134,1.02136,1.37,1.50
2016.08.29 15:01:56.052,1.02134,1.02135,1.00,1.50
2016.08.29 15:01:56.204,1.02134,1.02135,1.00,1.00
2016.08.29 15:01:56.414,1.02134,1.02136,1.00,1.50
2016.08.29 15:01:56.517,1.02134,1.02136,1.10,1.50
2016.08.29 15:01:56.568,1.02134,1.02135,1.10,1.00
2016.08.29 15:01:56.620,1.02133,1.02135,1.50,1.00
2016.08.29 15:01:56.723,1.02133,1.02135,1.12,1.00
2016.08.29 15:01:56.825,1.02133,1.02134,1.00,1.00
2016.08.29 15:01:56.981,1.02132,1.02135,1.87,1.25
2016.08.29 15:01:57.064,1.02132,1.02134,1.50,1.00
2016.08.29 15:01:57.116,1.02132,1.02134,1.50,1.50
2016.08.29 15:01:57.230,1.02132,1.02134,1.12,1.50
2016.08.29 15:01:57.281,1.02132,1.02134,2.25,1.00
2016.08.29 15:01:57.332,1.02132,1.02135,3.37,1.00
2016.08.29 15:01:57.383,1.02132,1.02135,1.87,1.00
2016.08.29 15:01:57.435,1.02132,1.02135,1.00,2.62
2016.08.29 15:01:57.486,1.02131,1.02132,1.50,1.00
2016.08.29 15:01:57.538,1.02129,1.02132,11.25,1.66
2016.08.29 15:01:57.589,1.02128,1.0213,1.50,1.25
2016.08.29 15:01:57.640,1.02128,1.0213,1.37,1.25
2016.08.29 15:01:57.691,1.02128,1.0213,1.00,1.25
2016.08.29 15:01:57.742,1.02128,1.0213,1.00,1.00
2016.08.29 15:01:57.794,1.02131,1.02132,1.69,1.00
2016.08.29 15:01:57.901,1.02131,1.02132,1.50,1.12
2016.08.29 15:01:57.953,1.02133,1.02135,1.12,1.00
2016.08.29 15:01:58.056,1.02134,1.02136,1.00,1.00
2016.08.29 15:01:58.107,1.02134,1.02136,1.50,1.00
2016.08.29 15:01:58.159,1.02135,1.02137,1.00,1.00
2016.08.29 15:01:58.262,1.02135,1.02136,1.10,1.00
2016.08.29 15:01:58.366,1.02135,1.02136,1.00,1.00
2016.08.29 15:01:58.566,1.02132,1.02136,3.37,1.00
2016.08.29 15:01:58.617,1.02132,1.02136,2.25,2.62
2016.08.29 15:01:58.669,1.02131,1.02135,3.75,1.25
2016.08.29 15:01:58.720,1.02131,1.02135,1.12,2.29
2016.08.29 15:01:58.772,1.0213,1.02135,6.00,3.04
2016.08.29 15:01:58.823,1.0213,1.02134,2.62,1.00
2016.08.29 15:01:58.875,1.0213,1.02135,1.12,6.37
2016.08.29 15:01:58.926,1.02129,1.02132,4.12,1.00
2016.08.29 15:01:58.978,1.02129,1.02132,2.62,1.69
2016.08.29 15:01:59.030,1.02129,1.02132,1.95,1.69
2016.08.29 15:01:59.084,1.02129,1.02132,1.10,1.00
2016.08.29 15:01:59.142,1.02129,1.02132,1.10,1.25
2016.08.29 15:01:59.194,1.02129,1.02132,1.10,1.31
2016.08.29 15:01:59.245,1.02129,1.02132,1.10,1.12
2016.08.29 15:01:59.398,1.02129,1.02131,1.57,1.00
2016.08.29 15:01:59.449,1.0213,1.02132,1.00,1.87
2016.08.29 15:01:59.500,1.0213,1.02132,1.00,1.00
2016.08.29 15:01:59.551,1.0213,1.02132,1.12,1.00
2016.08.29 15:01:59.602,1.0213,1.02132,1.20,1.00
2016.08.29 15:01:59.705,1.02129,1.02131,5.25,1.00
2016.08.29 15:01:59.757,1.02129,1.02131,2.25,1.00
2016.08.29 15:01:59.911,1.02129,1.02131,1.87,1.00
2016.08.29 15:02:00.016,1.02129,1.02133,1.12,1.00
2016.08.29 15:02:00.067,1.02129,1.02133,1.12,1.57
2016.08.29 15:02:00.118,1.02129,1.02133,1.10,3.07
2016.08.29 15:02:00.169,1.02127,1.02132,2.25,1.00
2016.08.29 15:02:00.221,1.02127,1.02132,2.25,1.50
2016.08.29 15:02:00.273,1.02128,1.0213,1.12,1.00
2016.08.29 15:02:00.324,1.02127,1.02129,4.87,1.00
2016.08.29 15:02:00.376,1.02127,1.02129,1.12,1.00
2016.08.29 15:02:00.478,1.02127,1.0213,1.87,1.00
2016.08.29 15:02:00.695,1.02128,1.0213,1.12,1.00
2016.08.29 15:02:00.798,1.0213,1.02132,1.00,1.12
2016.08.29 15:02:00.900,1.0213,1.02132,1.00,1.50
2016.08.29 15:02:01.002,1.0213,1.02132,1.12,1.00
2016.08.29 15:02:01.054,1.02131,1.02133,1.10,1.00
2016.08.29 15:02:01.156,1.0213,1.02132,1.87,1.00
2016.08.29 15:02:01.362,1.0213,1.02133,2.62,1.00
2016.08.29 15:02:01.887,1.0213,1.02132,1.57,1.00
2016.08.29 15:02:02.039,1.02129,1.02131,3.60,1.00
2016.08.29 15:02:02.140,1.02129,1.02131,2.10,1.35
2016.08.29 15:02:02.197,1.02128,1.0213,2.10,1.69
2016.08.29 15:02:02.248,1.02128,1.0213,1.42,1.69
2016.08.29 15:02:02.300,1.02127,1.02129,4.16,1.00
2016.08.29 15:02:02.351,1.02127,1.02128,2.47,1.50
2016.08.29 15:02:02.454,1.02125,1.02126,8.44,1.00
2016.08.29 15:02:02.505,1.02125,1.02126,8.06,1.00
2016.08.29 15:02:02.556,1.02124,1.02126,3.45,1.00
2016.08.29 15:02:02.608,1.02123,1.02125,4.50,1.00
2016.08.29 15:02:02.660,1.02124,1.02126,1.20,1.00
2016.08.29 15:02:02.761,1.02124,1.02126,1.00,1.50
2016.08.29 15:02:02.815,1.02124,1.02126,2.25,1.00
2016.08.29 15:02:02.866,1.02124,1.02126,3.00,1.00
2016.08.29 15:02:02.969,1.02124,1.02126,2.25,1.00
2016.08.29 15:02:03.021,1.02124,1.02126,2.62,1.00
2016.08.29 15:02:03.073,1.02124,1.02126,3.37,1.00
2016.08.29 15:02:03.154,1.02125,1.02127,1.00,1.00
2016.08.29 15:02:03.205,1.02125,1.02127,2.25,1.00
2016.08.29 15:02:03.340,1.02125,1.02126,1.00,1.00
2016.08.29 15:02:03.392,1.02125,1.02127,1.10,1.00
2016.08.29 15:02:03.545,1.02124,1.02126,3.45,1.00
2016.08.29 15:02:03.803,1.02124,1.02126,1.95,1.00
2016.08.29 15:02:03.956,1.02124,1.02128,1.20,3.84
2016.08.29 15:02:04.014,1.02124,1.02127,1.20,1.12
2016.08.29 15:02:04.065,1.02124,1.02125,1.20,1.16
2016.08.29 15:02:04.116,1.02122,1.02125,1.50,1.91
2016.08.29 15:02:04.168,1.02121,1.02123,2.14,1.00
2016.08.29 15:02:04.220,1.02121,1.02123,1.69,1.00
2016.08.29 15:02:04.272,1.02121,1.02122,1.25,1.00
2016.08.29 15:02:04.376,1.0212,1.02122,1.76,1.00
2016.08.29 15:02:04.428,1.0212,1.02122,2.51,1.00
2016.08.29 15:02:04.479,1.0212,1.02122,1.10,1.00
2016.08.29 15:02:04.581,1.02121,1.02123,1.00,1.30
2016.08.29 15:02:04.633,1.02121,1.02123,1.00,1.00
2016.08.29 15:02:04.740,1.02122,1.02125,1.00,4.16
2016.08.29 15:02:04.894,1.02123,1.02124,1.00,1.01
2016.08.29 15:02:04.996,1.02122,1.02124,1.00,2.44
2016.08.29 15:02:05.048,1.02122,1.02124,1.00,2.85
2016.08.29 15:02:05.101,1.02122,1.02123,1.00,1.25
2016.08.29 15:02:05.152,1.0212,1.02122,1.00,1.00
2016.08.29 15:02:05.415,1.0212,1.02122,1.50,1.00
2016.08.29 15:02:05.824,1.02119,1.02121,1.95,1.00
2016.08.29 15:02:05.876,1.0212,1.02121,1.00,1.00
2016.08.29 15:02:05.927,1.0212,1.02122,1.00,3.82
2016.08.29 15:02:05.980,1.02116,1.02119,4.12,2.29
2016.08.29 15:02:06.031,1.02116,1.02119,3.00,1.87
2016.08.29 15:02:06.084,1.02116,1.02119,3.00,2.10
2016.08.29 15:02:06.136,1.02114,1.02116,4.12,1.00
2016.08.29 15:02:06.194,1.02115,1.02116,1.00,1.00
2016.08.29 15:02:06.246,1.02115,1.02118,1.00,1.05
2016.08.29 15:02:06.297,1.02114,1.02115,1.10,1.00
2016.08.29 15:02:06.348,1.02114,1.02115,1.10,1.50
2016.08.29 15:02:06.400,1.02113,1.02114,1.12,1.50
2016.08.29 15:02:06.451,1.02113,1.02114,1.12,2.10
2016.08.29 15:02:06.502,1.02109,1.02112,1.50,1.00
2016.08.29 15:02:06.604,1.0211,1.02112,1.69,1.50
2016.08.29 15:02:06.717,1.0211,1.02112,1.50,1.50
2016.08.29 15:02:06.773,1.02111,1.02112,1.00,1.00
2016.08.29 15:02:06.927,1.02112,1.02113,1.00,1.01
2016.08.29 15:02:06.988,1.02112,1.02113,1.00,1.57
2016.08.29 15:02:07.072,1.02112,1.02113,1.50,1.12
2016.08.29 15:02:07.123,1.02112,1.02113,1.25,1.12
2016.08.29 15:02:07.431,1.02113,1.02115,1.50,1.87
2016.08.29 15:02:07.483,1.02113,1.02115,1.00,1.36
2016.08.29 15:02:07.534,1.02114,1.02116,3.60,1.54
2016.08.29 15:02:07.585,1.02116,1.02117,1.00,1.50
2016.08.29 15:02:07.637,1.02117,1.02118,1.00,1.12
2016.08.29 15:02:07.688,1.02117,1.02118,5.62,1.12
2016.08.29 15:02:07.739,1.02117,1.02119,6.67,1.00
2016.08.29 15:02:07.790,1.0212,1.02121,1.00,1.87
2016.08.29 15:02:07.892,1.02119,1.02121,2.25,1.00
2016.08.29 15:02:07.943,1.0212,1.02123,1.00,1.76
2016.08.29 15:02:08.054,1.02121,1.02123,1.50,1.00
2016.08.29 15:02:08.106,1.02122,1.02124,1.00,1.10
2016.08.29 15:02:08.516,1.02123,1.02125,1.00,4.12
2016.08.29 15:02:08.568,1.02124,1.02125,1.00,3.37
2016.08.29 15:02:08.619,1.02123,1.02126,1.00,1.87
2016.08.29 15:02:08.778,1.02123,1.02126,3.00,1.00
2016.08.29 15:02:08.829,1.02125,1.02127,1.00,1.50
2016.08.29 15:02:08.931,1.02125,1.02126,1.00,1.00
2016.08.29 15:02:09.187,1.02125,1.02127,1.00,1.50
2016.08.29 15:02:09.238,1.02125,1.02127,1.00,2.25
2016.08.29 15:02:09.328,1.02125,1.02127,1.00,2.44
2016.08.29 15:02:09.481,1.02125,1.02127,1.00,2.66
2016.08.29 15:02:09.616,1.02125,1.02126,1.00,1.00
2016.08.29 15:02:10.025,1.02124,1.02126,1.00,1.50
2016.08.29 15:02:10.231,1.02124,1.02125,1.00,1.00
2016.08.29 15:02:10.753,1.02124,1.02125,1.00,1.69
2016.08.29 15:02:10.806,1.02122,1.02124,2.62,1.00
2016.08.29 15:02:10.857,1.02122,1.02124,1.87,1.00
2016.08.29 15:02:10.909,1.02122,1.02124,1.10,2.25
2016.08.29 15:02:11.012,1.02122,1.02124,1.00,1.50
2016.08.29 15:02:11.120,1.02122,1.02124,1.00,1.00
2016.08.29 15:02:11.377,1.02121,1.02123,1.10,1.00
2016.08.29 15:02:11.480,1.02121,1.02123,1.00,1.00
2016.08.29 15:02:11.582,1.02121,1.02123,1.87,1.00
2016.08.29 15:02:11.891,1.02121,1.02123,1.00,1.00
2016.08.29 15:02:12.349,1.0212,1.02122,1.10,1.00
2016.08.29 15:02:12.401,1.02119,1.02121,1.87,1.00
2016.08.29 15:02:12.492,1.02118,1.0212,3.37,1.00
2016.08.29 15:02:12.544,1.02118,1.02121,3.00,1.00
2016.08.29 15:02:12.595,1.02118,1.02121,2.32,1.00
2016.08.29 15:02:12.647,1.02119,1.02121,1.00,1.87
2016.08.29 15:02:12.954,1.02119,1.02121,1.00,1.50
2016.08.29 15:02:13.514,1.02117,1.02119,1.12,1.00
2016.08.29 15:02:13.565,1.02117,1.02119,1.87,1.00
2016.08.29 15:02:13.719,1.02117,1.02119,1.12,1.00
2016.08.29 15:02:13.821,1.02117,1.0212,1.12,3.37
2016.08.29 15:02:13.872,1.02116,1.02118,1.12,1.00
2016.08.29 15:02:13.924,1.02115,1.02118,1.50,2.25
2016.08.29 15:02:14.026,1.02115,1.02117,1.10,1.00
2016.08.29 15:02:14.233,1.02116,1.02117,1.00,1.00
2016.08.29 15:02:14.488,1.02115,1.02117,1.10,1.00
2016.08.29 15:02:15.104,1.02114,1.02116,1.87,1.00
2016.08.29 15:02:15.156,1.02115,1.02117,1.10,2.85
2016.08.29 15:02:15.209,1.02114,1.02115,1.12,1.00
2016.08.29 15:02:15.260,1.02113,1.02115,2.25,1.00
2016.08.29 15:02:15.312,1.02114,1.02115,1.00,1.00
2016.08.29 15:02:15.466,1.02113,1.02115,4.95,1.00
2016.08.29 15:02:15.517,1.02115,1.02117,1.00,1.00
2016.08.29 15:02:15.640,1.02116,1.02118,1.00,1.10
2016.08.29 15:02:15.691,1.02117,1.02119,1.00,3.00
2016.08.29 15:02:15.742,1.02117,1.02119,1.00,1.50
2016.08.29 15:02:15.845,1.02117,1.02119,1.00,1.00
2016.08.29 15:02:16.049,1.02115,1.02116,1.12,1.00
2016.08.29 15:02:16.100,1.02114,1.02116,4.87,1.00
2016.08.29 15:02:16.151,1.02114,1.02116,3.00,1.00
2016.08.29 15:02:16.302,1.02114,1.02116,2.25,1.00
2016.08.29 15:02:16.354,1.02114,1.02116,1.10,1.00
2016.08.29 15:02:16.405,1.02114,1.02116,1.57,1.00
2016.08.29 15:02:16.456,1.02114,1.02115,1.10,1.00
2016.08.29 15:02:16.508,1.02114,1.02116,1.12,1.00
2016.08.29 15:02:16.597,1.02114,1.02116,1.12,1.50
2016.08.29 15:02:16.648,1.02114,1.02116,1.87,1.50
2016.08.29 15:02:16.851,1.02114,1.02116,2.62,1.50
2016.08.29 15:02:16.902,1.02114,1.02116,1.12,1.00
2016.08.29 15:02:17.082,1.02113,1.02116,3.00,1.00
2016.08.29 15:02:17.543,1.02113,1.02116,2.62,1.00
2016.08.29 15:02:18.006,1.02114,1.02115,1.10,1.00
2016.08.29 15:02:18.263,1.02115,1.02117,1.35,1.00
2016.08.29 15:02:18.365,1.02115,1.02117,3.67,1.00
2016.08.29 15:02:18.416,1.02116,1.02118,1.57,1.00
2016.08.29 15:02:18.467,1.02116,1.02118,1.12,1.00
2016.08.29 15:02:18.570,1.02115,1.02118,2.62,1.00
2016.08.29 15:02:18.621,1.02115,1.02118,1.87,1.00
2016.08.29 15:02:18.672,1.02116,1.02118,1.12,1.00
2016.08.29 15:02:18.986,1.02117,1.02119,1.10,1.00
2016.08.29 15:02:20.032,1.02117,1.0212,1.10,1.00
2016.08.29 15:02:20.135,1.02117,1.02118,1.10,1.00
2016.08.29 15:02:20.188,1.02116,1.02118,1.12,1.00
2016.08.29 15:02:20.291,1.02115,1.02117,1.10,1.00
2016.08.29 15:02:20.450,1.02115,1.02117,1.00,1.00
2016.08.29 15:02:20.501,1.02114,1.02116,1.10,1.00
2016.08.29 15:02:20.603,1.02113,1.02115,1.50,1.00
2016.08.29 15:02:20.657,1.02114,1.02116,1.00,1.25
2016.08.29 15:02:20.708,1.02115,1.02116,1.00,2.44
2016.08.29 15:02:20.810,1.02115,1.02116,1.00,2.06
2016.08.29 15:02:20.861,1.02115,1.02116,1.00,1.50
2016.08.29 15:02:20.912,1.02115,1.02117,1.00,3.00
2016.08.29 15:02:20.964,1.02116,1.02118,1.00,6.45
2016.08.29 15:02:21.015,1.02116,1.02118,1.00,4.95
2016.08.29 15:02:21.066,1.02116,1.02117,1.50,1.00
2016.08.29 15:02:21.168,1.02116,1.02118,1.00,2.62
2016.08.29 15:02:21.322,1.02117,1.02119,1.00,3.82
2016.08.29 15:02:21.374,1.02118,1.02119,1.00,1.57
2016.08.29 15:02:21.425,1.02118,1.0212,1.00,2.62
2016.08.29 15:02:21.476,1.02118,1.02119,1.00,1.00
2016.08.29 15:02:21.578,1.02119,1.02121,1.00,4.12
2016.08.29 15:02:21.645,1.02118,1.0212,1.00,1.12
2016.08.29 15:02:21.697,1.02117,1.02119,1.57,1.00
2016.08.29 15:02:21.748,1.02116,1.02118,1.87,1.12
2016.08.29 15:02:21.799,1.02117,1.02118,1.00,1.12
2016.08.29 15:02:21.909,1.02117,1.02119,1.00,1.50
2016.08.29 15:02:21.960,1.02118,1.0212,1.00,1.12
2016.08.29 15:02:22.011,1.02119,1.02121,1.00,1.87
2016.08.29 15:02:22.062,1.0212,1.02123,1.00,4.50
2016.08.29 15:02:22.114,1.0212,1.02122,1.00,1.20
2016.08.29 15:02:22.165,1.0212,1.02122,1.00,1.00
2016.08.29 15:02:22.268,1.0212,1.02122,1.00,3.37
2016.08.29 15:02:22.320,1.0212,1.02122,1.00,4.31
2016.08.29 15:02:22.372,1.0212,1.02122,1.00,5.66
2016.08.29 15:02:22.423,1.02119,1.0212,1.10,1.00
2016.08.29 15:02:22.536,1.02119,1.0212,1.00,2.25
2016.08.29 15:02:22.587,1.02119,1.02121,1.00,5.25
2016.08.29 15:02:22.638,1.02119,1.02121,1.00,3.00
2016.08.29 15:02:22.689,1.02119,1.02121,1.00,1.50
2016.08.29 15:02:22.740,1.0212,1.02121,1.00,1.00
2016.08.29 15:02:22.791,1.0212,1.02122,1.00,3.94
2016.08.29 15:02:22.995,1.0212,1.02122,1.00,3.00
2016.08.29 15:02:23.148,1.02116,1.02118,4.20,1.00
2016.08.29 15:02:23.199,1.02116,1.02118,3.45,1.00
2016.08.29 15:02:23.251,1.02115,1.02118,2.25,2.25
2016.08.29 15:02:23.303,1.02115,1.02118,2.25,2.44
2016.08.29 15:02:23.423,1.02116,1.02118,1.00,3.37
2016.08.29 15:02:23.476,1.02116,1.02118,1.00,1.12
2016.08.29 15:02:23.527,1.02117,1.02119,1.00,4.57
2016.08.29 15:02:23.579,1.02117,1.02118,1.00,1.00
2016.08.29 15:02:23.631,1.02117,1.02119,1.00,2.25
2016.08.29 15:02:23.683,1.02118,1.02119,1.00,1.50
2016.08.29 15:02:23.735,1.02118,1.02119,1.00,1.00
2016.08.29 15:02:23.786,1.02119,1.02121,1.00,1.57
2016.08.29 15:02:23.838,1.02119,1.02121,1.00,1.10
2016.08.29 15:02:23.889,1.0212,1.02122,1.00,1.57
2016.08.29 15:02:24.042,1.0212,1.02122,1.00,1.10
2016.08.29 15:02:24.093,1.0212,1.02122,1.00,1.00
2016.08.29 15:02:24.247,1.02122,1.02124,1.00,3.82
2016.08.29 15:02:24.300,1.02122,1.02123,1.00,1.00
2016.08.29 15:02:24.351,1.02122,1.02124,1.00,2.32
2016.08.29 15:02:24.403,1.02122,1.02124,1.00,1.57
2016.08.29 15:02:24.455,1.02122,1.02124,1.20,2.25
2016.08.29 15:02:24.659,1.02122,1.02124,1.50,2.25
2016.08.29 15:02:25.073,1.02122,1.02123,1.50,1.00
2016.08.29 15:02:25.226,1.02122,1.02123,1.00,1.00
2016.08.29 15:02:25.481,1.02119,1.02124,4.50,2.62
2016.08.29 15:02:25.532,1.02119,1.0212,1.10,1.00
2016.08.29 15:02:25.583,1.02117,1.02119,1.37,1.00
2016.08.29 15:02:25.634,1.02117,1.02119,1.37,1.50
2016.08.29 15:02:25.685,1.02117,1.02119,1.37,1.87
2016.08.29 15:02:25.761,1.02115,1.02118,1.50,1.00
2016.08.29 15:02:25.812,1.02115,1.02118,2.25,1.00
2016.08.29 15:02:25.863,1.02115,1.02118,1.12,1.00
2016.08.29 15:02:26.224,1.02116,1.02117,1.00,1.00
2016.08.29 15:02:26.430,1.02116,1.02119,2.62,1.50
2016.08.29 15:02:26.482,1.02116,1.02119,2.62,1.00
2016.08.29 15:02:26.640,1.02118,1.0212,1.10,1.87
2016.08.29 15:02:26.692,1.02118,1.0212,1.10,1.50
2016.08.29 15:02:26.745,1.02119,1.02121,1.95,1.50
2016.08.29 15:02:26.796,1.02119,1.02121,1.95,1.00
2016.08.29 15:02:26.848,1.02119,1.02122,1.87,1.87
2016.08.29 15:02:26.900,1.02119,1.02122,1.12,1.12
2016.08.29 15:02:27.052,1.02119,1.02124,1.12,9.67
2016.08.29 15:02:27.104,1.02119,1.02124,1.12,9.97
2016.08.29 15:02:27.156,1.02119,1.02121,1.37,1.50
2016.08.29 15:02:27.207,1.02119,1.02121,1.37,2.25
2016.08.29 15:02:27.305,1.02117,1.02121,5.62,2.62
2016.08.29 15:02:27.360,1.02116,1.02117,1.12,1.00
2016.08.29 15:02:27.412,1.02115,1.02117,1.50,1.00
2016.08.29 15:02:27.464,1.02117,1.02118,1.10,2.17
2016.08.29 15:02:27.516,1.02117,1.02118,1.00,2.17
2016.08.29 15:02:27.567,1.02117,1.02118,1.00,1.50
2016.08.29 15:02:27.722,1.02117,1.02118,1.00,1.00
2016.08.29 15:02:28.362,1.02117,1.02118,1.00,1.50
2016.08.29 15:02:28.414,1.02116,1.02118,1.10,1.50
2016.08.29 15:02:28.632,1.02116,1.02118,1.10,1.80
2016.08.29 15:02:28.683,1.02115,1.02117,1.50,1.00
2016.08.29 15:02:28.735,1.02114,1.02117,1.87,1.12
2016.08.29 15:02:28.786,1.02114,1.02116,1.87,1.00
2016.08.29 15:02:28.886,1.02114,1.02116,1.50,6.00
2016.08.29 15:02:28.938,1.02112,1.02114,1.12,1.00
2016.08.29 15:02:28.990,1.02112,1.02114,1.12,1.12
2016.08.29 15:02:29.042,1.02112,1.02113,1.12,1.00
2016.08.29 15:02:29.093,1.02112,1.02113,1.10,1.00
2016.08.29 15:02:29.247,1.02111,1.02113,1.50,1.00
2016.08.29 15:02:29.298,1.02111,1.02112,1.00,1.00
2016.08.29 15:02:29.454,1.02111,1.02112,1.00,1.50
2016.08.29 15:02:29.505,1.02111,1.02112,1.00,2.25
2016.08.29 15:02:29.556,1.02108,1.02112,8.62,1.00
2016.08.29 15:02:29.608,1.02108,1.02109,1.20,33.04
2016.08.29 15:02:29.660,1.02108,1.02109,1.20,32.10
2016.08.29 15:02:29.712,1.02106,1.0211,1.20,2.59
2016.08.29 15:02:29.763,1.02106,1.02109,1.20,1.12
2016.08.29 15:02:29.866,1.02106,1.02108,1.95,1.00
2016.08.29 15:02:29.917,1.02106,1.02108,2.70,1.00
2016.08.29 15:02:30.019,1.02106,1.02108,1.95,1.00
2016.08.29 15:02:30.223,1.02106,1.02108,1.57,1.00
2016.08.29 15:02:30.325,1.02107,1.02109,1.00,2.25
2016.08.29 15:02:30.725,1.02108,1.0211,1.00,2.10
2016.08.29 15:02:30.777,1.02109,1.02111,1.00,1.20
2016.08.29 15:02:30.831,1.0211,1.02112,1.00,3.37
2016.08.29 15:02:30.882,1.02111,1.02113,1.00,2.25
2016.08.29 15:02:30.933,1.02111,1.02112,1.00,1.00
2016.08.29 15:02:31.036,1.0211,1.02112,1.95,1.00
2016.08.29 15:02:31.138,1.02111,1.02113,1.00,1.87
2016.08.29 15:02:31.189,1.0211,1.02111,1.12,1.00
2016.08.29 15:02:31.298,1.02109,1.02111,1.57,1.00
2016.08.29 15:02:31.454,1.02111,1.02113,1.00,1.12
2016.08.29 15:02:31.966,1.02111,1.02114,1.00,6.07
2016.08.29 15:02:32.112,1.02112,1.02113,1.00,1.00
2016.08.29 15:02:32.319,1.0211,1.02112,1.95,1.00
2016.08.29 15:02:32.422,1.0211,1.02112,1.10,1.00
2016.08.29 15:02:32.473,1.0211,1.02112,1.00,1.00
2016.08.29 15:02:32.625,1.0211,1.02112,1.00,1.50
2016.08.29 15:02:32.676,1.0211,1.02112,1.00,1.00
2016.08.29 15:02:32.880,1.02109,1.02111,1.10,2.10
2016.08.29 15:02:32.931,1.02109,1.02111,1.10,2.47
2016.08.29 15:02:33.055,1.02109,1.02111,1.00,2.55
2016.08.29 15:02:33.107,1.02109,1.02111,1.00,3.30
2016.08.29 15:02:33.158,1.02108,1.02109,1.00,1.00
2016.08.29 15:02:33.361,1.02108,1.0211,1.00,1.50
2016.08.29 15:02:33.770,1.02108,1.0211,1.00,1.00
2016.08.29 15:02:34.578,1.02107,1.02109,1.50,1.00
2016.08.29 15:02:34.631,1.02107,1.02109,1.50,1.50
2016.08.29 15:02:35.135,1.02106,1.02108,1.10,1.00
2016.08.29 15:02:35.237,1.02106,1.02107,1.10,1.50
2016.08.29 15:02:35.288,1.02105,1.02106,1.12,6.04
2016.08.29 15:02:35.340,1.02103,1.02104,1.12,1.00
2016.08.29 15:02:35.392,1.02102,1.02104,2.62,3.00
2016.08.29 15:02:35.444,1.02102,1.02104,1.87,3.00
2016.08.29 15:02:35.495,1.02102,1.02104,1.87,2.25
2016.08.29 15:02:35.604,1.02102,1.02103,1.87,1.00
2016.08.29 15:02:35.655,1.02102,1.02103,1.12,1.00
2016.08.29 15:02:35.758,1.02102,1.02103,1.00,1.00
2016.08.29 15:02:36.368,1.02101,1.02103,1.50,1.00
2016.08.29 15:02:36.674,1.02102,1.02104,1.00,2.25
2016.08.29 15:02:36.725,1.02102,1.02104,1.00,1.12
2016.08.29 15:02:36.827,1.02105,1.02106,1.00,1.69
2016.08.29 15:02:36.879,1.02105,1.02106,1.00,1.31
2016.08.29 15:02:36.931,1.02105,1.02106,1.00,1.00
2016.08.29 15:02:37.338,1.02105,1.02107,1.00,2.89
2016.08.29 15:02:37.699,1.02105,1.02107,1.00,1.39
2016.08.29 15:02:37.752,1.02106,1.02107,1.00,1.01
2016.08.29 15:02:37.803,1.02106,1.02107,1.50,1.10
2016.08.29 15:02:37.855,1.02106,1.02108,1.50,4.69
2016.08.29 15:02:37.906,1.02106,1.02108,1.50,3.19
2016.08.29 15:02:38.111,1.02106,1.02107,1.00,1.12
2016.08.29 15:02:38.163,1.02105,1.02106,2.25,1.05
2016.08.29 15:02:38.277,1.02105,1.02107,1.00,3.79
2016.08.29 15:02:38.329,1.02105,1.02107,1.00,5.44
2016.08.29 15:02:38.380,1.02105,1.02107,1.00,3.56
2016.08.29 15:02:38.431,1.02106,1.02107,1.00,1.69
2016.08.29 15:02:38.482,1.02106,1.02107,1.00,1.25
2016.08.29 15:02:38.533,1.02106,1.02108,1.00,3.37
2016.08.29 15:02:38.584,1.02106,1.02108,1.00,3.56
2016.08.29 15:02:38.738,1.02106,1.02108,1.00,3.26
2016.08.29 15:02:39.089,1.02106,1.02108,1.00,3.49
2016.08.29 15:02:39.446,1.02106,1.02108,1.00,2.74
2016.08.29 15:02:39.548,1.02106,1.02108,1.00,3.49
2016.08.29 15:02:40.559,1.02106,1.02108,1.00,2.51
2016.08.29 15:02:40.610,1.02106,1.02109,1.00,12.19
2016.08.29 15:02:40.661,1.02107,1.02109,1.00,11.06
2016.08.29 15:02:40.712,1.02107,1.02109,1.00,9.56
2016.08.29 15:02:40.865,1.02107,1.02108,1.00,1.10
2016.08.29 15:02:40.967,1.02107,1.02108,1.00,1.00
2016.08.29 15:02:41.120,1.02107,1.02108,1.00,2.25
2016.08.29 15:02:41.537,1.02107,1.02108,1.00,1.50
2016.08.29 15:02:41.793,1.02107,1.02108,1.00,1.50
2016.08.29 15:02:42.150,1.02106,1.02108,1.00,2.25
2016.08.29 15:02:42.652,1.02107,1.02108,1.00,1.50
2016.08.29 15:02:42.754,1.02105,1.02108,1.50,1.50
2016.08.29 15:02:43.701,1.02105,1.02109,1.50,8.89
2016.08.29 15:02:43.752,1.02105,1.02109,1.50,10.99
2016.08.29 15:02:43.804,1.02106,1.02109,1.00,11.21
2016.08.29 15:02:43.855,1.02106,1.02108,1.00,1.00
2016.08.29 15:02:44.622,1.02106,1.02109,1.50,6.49
2016.08.29 15:02:44.724,1.02106,1.02109,1.50,6.26
2016.08.29 15:02:44.925,1.02106,1.02109,1.50,7.01
2016.08.29 15:02:45.027,1.02106,1.02109,1.00,7.01
2016.08.29 15:02:46.453,1.02106,1.02109,1.00,7.39
2016.08.29 15:02:47.812,1.02106,1.02109,1.00,6.64
2016.08.29 15:02:47.864,1.02106,1.02109,1.50,6.64
2016.08.29 15:02:48.065,1.02106,1.02109,1.00,7.39
2016.08.29 15:02:48.117,1.02105,1.02109,1.50,7.39
2016.08.29 15:02:48.532,1.02108,1.0211,1.00,3.19
2016.08.29 15:02:48.584,1.02108,1.0211,2.25,1.12
2016.08.29 15:02:48.636,1.0211,1.02113,1.50,2.62
2016.08.29 15:02:48.687,1.0211,1.02113,1.50,1.87
2016.08.29 15:02:48.738,1.0211,1.02113,1.50,1.50
2016.08.29 15:02:49.359,1.0211,1.02113,1.50,1.37
2016.08.29 15:02:50.966,1.0211,1.02113,1.50,1.87
2016.08.29 15:02:51.068,1.0211,1.02114,1.50,9.67
2016.08.29 15:02:51.120,1.0211,1.02114,1.50,7.80
2016.08.29 15:02:51.171,1.0211,1.02114,1.87,4.42
2016.08.29 15:02:51.222,1.02111,1.02114,1.00,3.67
2016.08.29 15:02:51.308,1.02112,1.02114,1.00,2.55
2016.08.29 15:02:51.373,1.02112,1.02114,1.00,1.37
2016.08.29 15:02:52.189,1.02112,1.02115,1.00,4.72
2016.08.29 15:02:52.291,1.02112,1.02115,1.00,4.12
2016.08.29 15:02:52.342,1.02112,1.02115,1.00,2.85
2016.08.29 15:02:52.454,1.02111,1.02114,1.10,4.16
2016.08.29 15:02:52.517,1.02111,1.02114,1.10,6.04
2016.08.29 15:02:52.568,1.0211,1.02114,2.25,6.04
2016.08.29 15:02:52.619,1.0211,1.02114,1.95,6.04
2016.08.29 15:02:54.328,1.0211,1.02114,1.95,5.66
2016.08.29 15:02:54.640,1.0211,1.02114,1.95,5.85
2016.08.29 15:02:54.744,1.0211,1.02114,1.95,6.22
2016.08.29 15:02:55.446,1.0211,1.02114,1.95,6.97
2016.08.29 15:02:55.498,1.0211,1.02114,1.95,7.35
2016.08.29 15:02:55.781,1.0211,1.02114,1.95,8.32
2016.08.29 15:02:55.985,1.02111,1.02114,1.00,8.32
2016.08.29 15:02:56.649,1.0211,1.02112,1.20,1.12
2016.08.29 15:02:56.701,1.02109,1.02112,4.12,3.56
2016.08.29 15:02:56.752,1.02109,1.02112,1.12,3.56
2016.08.29 15:02:56.803,1.02109,1.02112,1.00,2.81
2016.08.29 15:02:56.902,1.02109,1.02112,1.00,5.25
2016.08.29 15:02:56.954,1.02109,1.02112,1.00,6.37
2016.08.29 15:02:57.210,1.02109,1.02112,1.00,5.62
2016.08.29 15:02:57.312,1.02109,1.02112,1.00,6.37
2016.08.29 15:02:57.569,1.0211,1.02112,1.00,4.50
2016.08.29 15:02:57.669,1.0211,1.02112,1.50,1.87
2016.08.29 15:02:57.723,1.02111,1.02113,1.00,1.47
2016.08.29 15:02:57.776,1.02111,1.02114,1.00,7.01
2016.08.29 15:02:57.879,1.02111,1.02114,1.00,6.94
2016.08.29 15:02:58.083,1.02111,1.02114,1.00,7.54
2016.08.29 15:02:58.185,1.02111,1.02113,1.00,1.00
2016.08.29 15:02:58.237,1.02111,1.02113,1.00,1.25
2016.08.29 15:02:58.288,1.0211,1.02113,1.50,1.25
2016.08.29 15:02:58.339,1.0211,1.02113,1.50,1.49
2016.08.29 15:02:58.441,1.0211,1.02113,1.50,1.30
2016.08.29 15:02:58.543,1.0211,1.02113,1.50,1.00
2016.08.29 15:02:59.423,1.02111,1.02113,1.00,1.00
2016.08.29 15:02:59.474,1.02111,1.02114,1.00,5.89
2016.08.29 15:02:59.526,1.02111,1.02114,1.00,3.64
2016.08.29 15:02:59.579,1.02111,1.02114,1.00,6.67
2016.08.29 15:02:59.631,1.02111,1.02114,1.00,8.10
2016.08.29 15:02:59.683,1.02111,1.02113,1.00,1.25
2016.08.29 15:02:59.785,1.0211,1.02113,1.57,1.25
2016.08.29 15:02:59.837,1.02111,1.02113,1.00,1.25
2016.08.29 15:02:59.888,1.02111,1.02114,1.00,5.25
2016.08.29 15:02:59.939,1.02112,1.02114,1.00,3.37
2016.08.29 15:02:59.990,1.02112,1.02114,1.00,1.25
2016.08.29 15:03:00.042,1.02113,1.02115,1.00,1.95
2016.08.29 15:03:00.093,1.02113,1.02115,1.00,1.00
2016.08.29 15:03:00.304,1.02113,1.02115,1.50,1.00
2016.08.29 15:03:00.406,1.02113,1.02116,1.50,3.11
2016.08.29 15:03:00.457,1.02113,1.02114,1.00,1.05
2016.08.29 15:03:00.509,1.02112,1.02114,1.50,1.72
2016.08.29 15:03:00.560,1.02112,1.02114,1.50,3.60
2016.08.29 15:03:00.612,1.02112,1.02114,1.50,5.10
2016.08.29 15:03:00.714,1.02112,1.02114,1.50,5.85
2016.08.29 15:03:00.816,1.02112,1.02114,1.00,4.87
2016.08.29 15:03:00.869,1.02113,1.02114,1.50,3.37
2016.08.29 15:03:00.922,1.02114,1.02116,1.00,1.12
2016.08.29 15:03:01.027,1.02116,1.02117,1.50,1.10
2016.08.29 15:03:01.079,1.02116,1.02118,1.50,1.50
2016.08.29 15:03:01.131,1.02116,1.02118,1.00,1.50
2016.08.29 15:03:01.234,1.02115,1.02118,1.57,3.00
2016.08.29 15:03:01.285,1.02115,1.02118,1.10,6.22
2016.08.29 15:03:01.336,1.02115,1.02118,1.10,4.72
2016.08.29 15:03:01.387,1.02114,1.02118,1.87,6.60
2016.08.29 15:03:01.439,1.02114,1.02117,1.87,2.10
2016.08.29 15:03:01.644,1.02114,1.02117,1.50,2.10
2016.08.29 15:03:01.695,1.02114,1.02117,1.50,2.85
2016.08.29 15:03:01.855,1.02115,1.02117,1.00,2.25
2016.08.29 15:03:01.906,1.02115,1.02117,1.50,1.50
2016.08.29 15:03:01.958,1.02115,1.02118,1.50,4.20
2016.08.29 15:03:02.009,1.02115,1.02118,2.25,4.20
2016.08.29 15:03:02.075,1.02115,1.02118,2.25,4.12
2016.08.29 15:03:02.128,1.02115,1.02118,2.25,2.62
2016.08.29 15:03:02.180,1.02115,1.02118,1.50,2.62
2016.08.29 15:03:02.231,1.02115,1.02118,1.50,4.12
2016.08.29 15:03:02.283,1.02115,1.02118,1.50,6.22
2016.08.29 15:03:02.334,1.02115,1.02118,1.00,4.72
2016.08.29 15:03:02.482,1.02115,1.02118,1.00,5.32
2016.08.29 15:03:02.534,1.02115,1.02118,1.00,5.40
2016.08.29 15:03:02.790,1.02115,1.02118,1.00,4.05
2016.08.29 15:03:02.842,1.02115,1.02118,1.50,3.07
2016.08.29 15:03:02.893,1.02115,1.02118,1.50,2.70
2016.08.29 15:03:03.046,1.02115,1.02118,1.57,2.62
2016.08.29 15:03:03.301,1.02115,1.02118,1.57,3.37
2016.08.29 15:03:03.462,1.02115,1.02118,1.10,3.37
2016.08.29 15:03:03.514,1.02114,1.02117,1.87,1.00
2016.08.29 15:03:03.566,1.02115,1.02117,1.10,1.12
2016.08.29 15:03:03.618,1.02115,1.02117,1.00,1.12
2016.08.29 15:03:03.669,1.02115,1.02117,1.00,2.62
2016.08.29 15:03:05.097,1.02114,1.02117,1.57,1.50
2016.08.29 15:03:05.148,1.02114,1.02118,1.57,6.94
2016.08.29 15:03:05.301,1.02114,1.02118,1.10,6.94
2016.08.29 15:03:05.558,1.02114,1.02118,1.10,6.19
2016.08.29 15:03:05.711,1.02114,1.02118,1.10,5.44
2016.08.29 15:03:05.762,1.02114,1.02118,1.10,3.94
2016.08.29 15:03:05.813,1.02115,1.02118,1.00,3.56
2016.08.29 15:03:05.915,1.02115,1.02118,1.00,2.81
2016.08.29 15:03:06.017,1.02115,1.02118,1.00,2.06
2016.08.29 15:03:06.726,1.02115,1.02118,1.00,1.25
2016.08.29 15:03:06.777,1.02115,1.02118,1.00,2.44
2016.08.29 15:03:06.829,1.02115,1.02118,1.50,2.44
2016.08.29 15:03:06.948,1.02115,1.02118,1.50,1.25
2016.08.29 15:03:07.779,1.02115,1.02118,1.50,2.44
2016.08.29 15:03:07.881,1.02115,1.02118,1.50,3.19
2016.08.29 15:03:08.034,1.02116,1.02118,1.00,1.69
2016.08.29 15:03:08.085,1.02117,1.02118,1.69,1.25
2016.08.29 15:03:08.136,1.02117,1.02119,8.81,1.10
2016.08.29 15:03:08.187,1.02118,1.02119,1.87,1.10
2016.08.29 15:03:08.268,1.0212,1.02121,1.00,2.25
2016.08.29 15:03:08.321,1.0212,1.02121,1.00,1.00
2016.08.29 15:03:08.475,1.02119,1.02121,4.50,1.00
2016.08.29 15:03:08.527,1.02119,1.02121,3.37,1.00
2016.08.29 15:03:08.578,1.02119,1.02121,3.45,1.00
2016.08.29 15:03:08.629,1.02119,1.02121,3.45,1.50
2016.08.29 15:03:08.680,1.0212,1.02121,1.00,1.50
2016.08.29 15:03:08.731,1.0212,1.02121,1.00,1.00
2016.08.29 15:03:09.088,1.02121,1.02123,1.00,1.00
2016.08.29 15:03:09.399,1.02121,1.02123,1.87,1.00
2016.08.29 15:03:09.450,1.02123,1.02124,1.00,1.00
2016.08.29 15:03:09.501,1.02123,1.02125,1.00,1.57
2016.08.29 15:03:09.552,1.02123,1.02125,1.00,1.50
2016.08.29 15:03:09.603,1.02122,1.02125,3.37,1.50
2016.08.29 15:03:09.654,1.02123,1.02125,1.10,1.00
2016.08.29 15:03:10.749,1.02125,1.02126,1.00,1.50
2016.08.29 15:03:10.800,1.02125,1.02126,1.00,1.00
2016.08.29 15:03:11.321,1.02126,1.02127,1.00,1.00
2016.08.29 15:03:11.780,1.02125,1.02128,1.00,1.25
2016.08.29 15:03:13.194,1.02125,1.02129,1.00,3.49
2016.08.29 15:03:13.296,1.02126,1.02129,1.00,2.74
2016.08.29 15:03:13.347,1.02127,1.02129,1.00,2.32
2016.08.29 15:03:13.449,1.02127,1.02129,1.00,1.10
2016.08.29 15:03:13.500,1.02127,1.02129,1.00,1.00
2016.08.29 15:03:13.806,1.02127,1.0213,1.00,5.17
2016.08.29 15:03:14.138,1.02126,1.02129,1.00,1.00
2016.08.29 15:03:14.648,1.02124,1.02128,7.12,1.00
2016.08.29 15:03:15.060,1.02124,1.02128,7.87,1.00
2016.08.29 15:03:15.467,1.02125,1.02128,1.10,1.00
2016.08.29 15:03:15.872,1.02124,1.02127,7.87,1.00
2016.08.29 15:03:16.076,1.02124,1.02127,5.62,1.00
2016.08.29 15:03:16.128,1.02124,1.02127,4.12,1.00
2016.08.29 15:03:16.179,1.02125,1.02128,1.10,1.50
2016.08.29 15:03:16.230,1.02125,1.02129,3.45,6.00
2016.08.29 15:03:16.281,1.02125,1.02129,3.37,4.95
2016.08.29 15:03:16.332,1.02125,1.02129,3.37,4.20
2016.08.29 15:03:16.384,1.02125,1.02129,3.45,2.62
2016.08.29 15:03:18.065,1.02125,1.02129,3.45,1.87
2016.08.29 15:03:18.218,1.02126,1.02129,1.00,1.87
2016.08.29 15:03:18.320,1.02126,1.02129,1.50,1.50
2016.08.29 15:03:18.371,1.02126,1.02129,1.50,1.00
2016.08.29 15:03:18.473,1.02126,1.02129,1.57,1.00
2016.08.29 15:03:18.524,1.02126,1.02129,1.10,1.00
2016.08.29 15:03:18.677,1.02126,1.02129,1.10,1.35
2016.08.29 15:03:18.778,1.02126,1.02129,1.00,1.72
2016.08.29 15:03:18.829,1.02126,1.02129,1.00,1.12
2016.08.29 15:03:18.982,1.02126,1.02129,1.00,1.00
2016.08.29 15:03:19.084,1.02125,1.02129,3.82,1.00
2016.08.29 15:03:19.134,1.02125,1.02129,1.20,1.50
2016.08.29 15:03:19.185,1.02126,1.02129,1.00,1.00
2016.08.29 15:03:19.295,1.02129,1.0213,1.00,1.10
2016.08.29 15:03:19.346,1.02129,1.0213,3.37,1.00
2016.08.29 15:03:19.397,1.0213,1.02131,1.00,1.20
2016.08.29 15:03:19.449,1.02131,1.02133,1.00,3.00
2016.08.29 15:03:19.500,1.02133,1.02134,1.00,6.07
2016.08.29 15:03:19.552,1.02132,1.02134,5.85,1.00
2016.08.29 15:03:19.604,1.02134,1.02136,1.00,2.32
2016.08.29 15:03:19.655,1.02135,1.02136,1.10,1.12
2016.08.29 15:03:19.707,1.02136,1.02137,1.50,1.12
2016.08.29 15:03:19.758,1.02136,1.02137,1.57,1.00
2016.08.29 15:03:19.894,1.02136,1.02139,1.57,1.00
2016.08.29 15:03:19.997,1.02136,1.02138,1.10,1.00
2016.08.29 15:03:20.416,1.02135,1.02138,1.12,1.00
2016.08.29 15:03:20.563,1.02135,1.02138,3.75,1.00
2016.08.29 15:03:20.617,1.02135,1.02138,3.00,1.00
2016.08.29 15:03:20.771,1.02135,1.02138,2.70,1.00
2016.08.29 15:03:21.649,1.02135,1.02138,3.00,1.00
2016.08.29 15:03:24.382,1.02136,1.02139,1.10,3.37
2016.08.29 15:03:25.088,1.02135,1.02137,3.00,1.00
2016.08.29 15:03:25.139,1.02135,1.02137,1.50,1.00
2016.08.29 15:03:26.137,1.02134,1.02136,2.62,1.00
2016.08.29 15:03:26.188,1.02134,1.02135,1.12,1.00
2016.08.29 15:03:26.240,1.02134,1.02135,1.00,1.00
2016.08.29 15:03:26.291,1.02132,1.02135,3.37,1.00
2016.08.29 15:03:26.546,1.02132,1.02135,4.12,1.00
2016.08.29 15:03:26.648,1.02134,1.02137,1.01,2.62
2016.08.29 15:03:26.700,1.02134,1.02138,3.26,2.62
2016.08.29 15:03:26.770,1.02134,1.02138,3.26,1.87
2016.08.29 15:03:26.821,1.02135,1.02138,3.45,1.00
2016.08.29 15:03:26.872,1.02135,1.02138,2.70,1.00
2016.08.29 15:03:26.924,1.02135,1.02138,3.37,1.00
2016.08.29 15:03:27.026,1.02135,1.02138,2.62,1.00
2016.08.29 15:03:27.130,1.02135,1.02138,1.87,1.00
2016.08.29 15:03:27.535,1.02136,1.02139,1.12,2.25
2016.08.29 15:03:27.790,1.02136,1.02139,1.12,1.87
2016.08.29 15:03:27.841,1.02138,1.02139,1.50,1.87
2016.08.29 15:03:27.892,1.02138,1.0214,3.00,1.41
2016.08.29 15:03:27.943,1.02139,1.02142,3.37,2.35
2016.08.29 15:03:27.994,1.0214,1.02142,1.00,1.47
2016.08.29 15:03:28.045,1.02141,1.02142,1.00,1.00
2016.08.29 15:03:28.147,1.02141,1.02144,1.00,3.19
2016.08.29 15:03:28.219,1.02141,1.02143,1.00,1.69
2016.08.29 15:03:28.271,1.0214,1.02142,1.20,1.00
2016.08.29 15:03:28.322,1.02141,1.02143,1.00,1.69
2016.08.29 15:03:28.475,1.0214,1.02143,2.32,1.69
2016.08.29 15:03:28.781,1.0214,1.02143,1.57,2.85
2016.08.29 15:03:28.832,1.0214,1.02143,1.10,4.20
2016.08.29 15:03:28.883,1.02139,1.02143,2.25,4.57
2016.08.29 15:03:28.935,1.02139,1.02142,1.95,2.10
2016.08.29 15:03:28.986,1.02139,1.02142,1.20,2.32
2016.08.29 15:03:29.088,1.02139,1.02142,1.20,1.50
2016.08.29 15:03:29.307,1.02139,1.02142,1.10,1.50
2016.08.29 15:03:29.359,1.02139,1.02141,1.10,1.00
2016.08.29 15:03:29.514,1.02139,1.02142,1.10,3.00
2016.08.29 15:03:29.565,1.02139,1.02142,1.10,3.60
2016.08.29 15:03:29.616,1.02139,1.02142,1.10,4.35
2016.08.29 15:03:29.718,1.02139,1.02142,1.10,3.60
2016.08.29 15:03:29.871,1.02138,1.02142,1.87,3.00
2016.08.29 15:03:29.922,1.02138,1.02141,1.87,1.00
2016.08.29 15:03:29.974,1.02138,1.02139,1.12,1.50
2016.08.29 15:03:30.080,1.02137,1.02139,1.50,2.25
2016.08.29 15:03:30.131,1.02136,1.02139,1.10,3.00
2016.08.29 15:03:30.183,1.02136,1.02139,1.20,3.00
2016.08.29 15:03:30.285,1.02136,1.02139,1.10,3.00
2016.08.29 15:03:31.080,1.02136,1.02139,1.10,1.50
2016.08.29 15:03:31.593,1.02136,1.02139,1.10,3.75
2016.08.29 15:03:32.102,1.02136,1.02139,1.00,3.75
2016.08.29 15:03:32.530,1.02136,1.02139,1.00,4.12
2016.08.29 15:03:33.046,1.02135,1.02139,1.20,4.12
2016.08.29 15:03:33.098,1.02135,1.02139,1.20,4.12
2016.08.29 15:03:33.149,1.02135,1.02138,1.20,1.00
2016.08.29 15:03:33.200,1.02134,1.02136,2.62,1.00
2016.08.29 15:03:33.251,1.02134,1.02136,1.12,1.50
2016.08.29 15:03:33.332,1.02134,1.02135,1.12,1.00
2016.08.29 15:03:33.383,1.02133,1.02135,1.10,2.25
2016.08.29 15:03:33.536,1.02132,1.02135,2.25,3.00
2016.08.29 15:03:33.587,1.02132,1.02135,1.87,3.37
2016.08.29 15:03:33.639,1.02132,1.02135,1.00,4.12
2016.08.29 15:03:33.690,1.02132,1.02135,1.00,4.31
2016.08.29 15:03:33.791,1.02132,1.02135,1.00,4.12
2016.08.29 15:03:34.412,1.02132,1.02134,1.00,1.50
2016.08.29 15:03:34.565,1.02131,1.02134,1.10,2.25
2016.08.29 15:03:34.616,1.0213,1.02134,1.87,3.37
2016.08.29 15:03:34.667,1.0213,1.02133,1.57,1.12
2016.08.29 15:03:34.718,1.0213,1.02133,1.10,3.37
2016.08.29 15:03:34.769,1.0213,1.02133,1.00,3.37
2016.08.29 15:03:35.720,1.02131,1.02134,1.00,5.51
2016.08.29 15:03:35.821,1.02131,1.02134,1.00,4.01
2016.08.29 15:03:35.923,1.02132,1.02134,1.00,3.26
2016.08.29 15:03:36.025,1.02132,1.02135,1.00,3.00
2016.08.29 15:03:36.076,1.02132,1.02135,1.00,2.32
2016.08.29 15:03:36.279,1.02132,1.02135,1.00,2.25
2016.08.29 15:03:36.942,1.02132,1.02135,1.00,1.50
2016.08.29 15:03:37.451,1.02132,1.02134,1.00,1.00
2016.08.29 15:03:37.872,1.02131,1.02134,2.32,1.50
2016.08.29 15:03:37.923,1.0213,1.02134,2.25,3.75
2016.08.29 15:03:37.974,1.0213,1.02133,2.25,1.00
2016.08.29 15:03:38.026,1.0213,1.02133,1.50,2.25
2016.08.29 15:03:38.078,1.0213,1.02133,1.00,2.25
2016.08.29 15:03:38.129,1.0213,1.02133,1.00,3.00
2016.08.29 15:03:38.922,1.0213,1.02133,1.00,3.37
2016.08.29 15:03:38.973,1.0213,1.02133,1.00,4.12
2016.08.29 15:03:39.177,1.02129,1.02133,1.00,4.87
2016.08.29 15:03:39.228,1.02128,1.02131,1.12,2.25
2016.08.29 15:03:39.279,1.02128,1.0213,1.00,1.00
2016.08.29 15:03:39.330,1.02126,1.02129,3.00,1.00
2016.08.29 15:03:39.381,1.02126,1.02129,2.25,1.10
2016.08.29 15:03:39.556,1.02126,1.0213,2.25,5.44
2016.08.29 15:03:40.424,1.02126,1.0213,2.25,5.81
2016.08.29 15:03:40.477,1.02127,1.0213,1.72,5.06
2016.08.29 15:03:40.552,1.02129,1.0213,1.50,2.62
2016.08.29 15:03:40.604,1.02131,1.02133,1.00,3.07
2016.08.29 15:03:40.656,1.02131,1.02133,1.50,1.47
2016.08.29 15:03:40.708,1.02132,1.02134,1.00,5.62
2016.08.29 15:03:40.760,1.02132,1.02134,1.00,4.12
2016.08.29 15:03:40.812,1.02132,1.02133,1.00,1.12
2016.08.29 15:03:40.863,1.02132,1.02133,1.50,1.12
2016.08.29 15:03:40.915,1.02132,1.02133,1.50,1.00
2016.08.29 15:03:40.966,1.02132,1.02133,1.00,1.00
2016.08.29 15:03:41.070,1.02132,1.02133,1.35,1.00
2016.08.29 15:03:41.121,1.02133,1.02134,1.00,1.00
2016.08.29 15:03:41.172,1.02135,1.02136,1.00,2.32
2016.08.29 15:03:41.282,1.02134,1.02137,1.50,1.31
2016.08.29 15:03:41.384,1.02135,1.02137,1.00,1.10
2016.08.29 15:03:41.537,1.02134,1.02136,1.50,1.00
2016.08.29 15:03:41.640,1.02134,1.02136,1.00,1.00
2016.08.29 15:03:41.988,1.02133,1.02135,1.00,1.50
2016.08.29 15:03:42.085,1.02132,1.02134,1.10,3.37
2016.08.29 15:03:42.137,1.02131,1.02134,1.00,3.45
2016.08.29 15:03:42.188,1.02131,1.02134,1.00,4.20
2016.08.29 15:03:42.239,1.02131,1.02133,1.00,1.00
2016.08.29 15:03:42.342,1.02131,1.02133,1.00,1.10
2016.08.29 15:03:42.545,1.02132,1.02134,1.00,1.20
2016.08.29 15:03:42.738,1.02132,1.02135,1.00,4.87
2016.08.29 15:03:42.790,1.02132,1.02135,1.00,4.12
2016.08.29 15:03:42.843,1.02132,1.02135,1.00,2.62
2016.08.29 15:03:43.815,1.02133,1.02135,1.00,3.37
2016.08.29 15:03:43.867,1.02133,1.02135,1.00,3.00
2016.08.29 15:03:43.918,1.02132,1.02135,1.00,1.87
2016.08.29 15:03:44.020,1.02132,1.02135,1.00,1.95
2016.08.29 15:03:44.071,1.02132,1.02134,1.00,1.00
2016.08.29 15:03:44.174,1.02131,1.02134,1.50,1.50
2016.08.29 15:03:44.225,1.02133,1.02134,1.00,1.00
2016.08.29 15:03:44.276,1.02133,1.02135,1.00,1.10
2016.08.29 15:03:44.429,1.02133,1.02136,1.00,4.50
2016.08.29 15:03:44.632,1.02133,1.02135,1.00,1.10
2016.08.29 15:03:44.793,1.02133,1.02135,1.00,1.57
2016.08.29 15:03:45.253,1.02132,1.02134,1.00,1.00
2016.08.29 15:03:45.304,1.02132,1.02134,1.00,3.00
2016.08.29 15:03:45.355,1.0213,1.02133,1.95,1.00
2016.08.29 15:03:45.406,1.0213,1.02133,1.50,1.00
2016.08.29 15:03:45.457,1.02132,1.02134,1.00,1.57
2016.08.29 15:03:45.508,1.02132,1.02135,1.00,7.12
2016.08.29 15:03:45.559,1.02132,1.02135,1.87,3.37
2016.08.29 15:03:45.610,1.02133,1.02135,1.00,1.50
2016.08.29 15:03:45.661,1.02134,1.02136,1.00,3.37
2016.08.29 15:03:45.713,1.02134,1.02136,1.50,2.62
2016.08.29 15:03:45.764,1.02136,1.02138,1.00,5.44
2016.08.29 15:03:45.816,1.02136,1.02138,1.00,2.06
2016.08.29 15:03:45.899,1.02136,1.02139,1.00,5.44
2016.08.29 15:03:45.951,1.02136,1.02139,1.00,4.31
2016.08.29 15:03:46.002,1.02135,1.02139,2.25,5.06
2016.08.29 15:03:46.054,1.02135,1.02138,1.00,1.01
2016.08.29 15:03:46.157,1.02135,1.02138,1.00,1.76
2016.08.29 15:03:46.513,1.02135,1.02138,1.00,3.26
2016.08.29 15:03:46.615,1.02135,1.02138,1.00,1.76
2016.08.29 15:03:47.122,1.02136,1.02138,1.00,1.76
2016.08.29 15:03:47.196,1.02136,1.02138,1.00,1.01
2016.08.29 15:03:47.248,1.02136,1.02138,1.00,1.10
2016.08.29 15:03:47.350,1.02136,1.02139,1.00,2.62
2016.08.29 15:03:47.789,1.02136,1.02139,1.00,1.87
2016.08.29 15:03:47.942,1.02136,1.0214,1.00,4.87
2016.08.29 15:03:48.027,1.02136,1.0214,1.00,4.50
2016.08.29 15:03:48.485,1.02136,1.02139,1.00,1.10
2016.08.29 15:03:48.608,1.02136,1.02139,1.00,1.57
2016.08.29 15:03:48.659,1.02136,1.02139,1.00,3.07
2016.08.29 15:03:49.880,1.02136,1.02139,1.00,2.32
2016.08.29 15:03:49.931,1.02136,1.02139,1.00,1.10
2016.08.29 15:03:49.982,1.02136,1.0214,1.50,4.87
2016.08.29 15:03:50.048,1.02136,1.0214,1.50,4.50
2016.08.29 15:03:50.099,1.02137,1.0214,1.00,3.75
2016.08.29 15:03:50.251,1.02136,1.02139,1.50,1.10
2016.08.29 15:03:50.303,1.02136,1.0214,1.50,4.87
2016.08.29 15:03:50.354,1.02137,1.02139,1.00,2.32
2016.08.29 15:03:50.619,1.02137,1.02139,1.00,1.57
2016.08.29 15:03:50.823,1.02136,1.02139,1.50,2.70
2016.08.29 15:03:50.874,1.02136,1.02139,1.00,4.20
2016.08.29 15:03:50.925,1.02136,1.02139,1.00,4.57
2016.08.29 15:03:50.976,1.02136,1.02139,1.00,3.82
2016.08.29 15:03:51.180,1.02136,1.02139,1.50,3.07
2016.08.29 15:03:52.687,1.02137,1.02139,1.00,2.32
2016.08.29 15:03:52.738,1.02137,1.0214,1.00,4.12
2016.08.29 15:03:52.789,1.02137,1.0214,1.00,3.37
2016.08.29 15:03:52.890,1.02137,1.0214,1.00,2.62
2016.08.29 15:03:54.521,1.02138,1.0214,1.00,2.62
2016.08.29 15:03:54.776,1.02138,1.0214,1.00,2.32
2016.08.29 15:03:56.852,1.02138,1.0214,1.00,1.57
2016.08.29 15:03:57.382,1.02136,1.0214,1.50,4.57
2016.08.29 15:03:57.434,1.02136,1.02139,1.50,1.50
2016.08.29 15:03:57.485,1.02136,1.02139,1.00,2.25
2016.08.29 15:03:57.537,1.02136,1.02139,1.00,2.70
2016.08.29 15:03:58.087,1.02137,1.02139,1.00,1.95
2016.08.29 15:03:58.138,1.02137,1.0214,1.00,4.50
2016.08.29 15:03:58.291,1.02137,1.0214,1.00,3.37
2016.08.29 15:03:58.698,1.02137,1.0214,1.00,2.62
2016.08.29 15:03:58.749,1.02137,1.0214,1.00,3.00
2016.08.29 15:03:58.800,1.02137,1.0214,1.00,3.75
2016.08.29 15:03:58.953,1.02137,1.02139,1.00,1.57
2016.08.29 15:03:59.003,1.02136,1.02139,1.50,1.57
2016.08.29 15:03:59.121,1.02136,1.02139,1.00,1.57
2016.08.29 15:03:59.628,1.02137,1.02139,1.00,1.57
2016.08.29 15:04:00.417,1.02137,1.0214,1.00,5.25
2016.08.29 15:04:00.878,1.02138,1.0214,1.00,3.00
2016.08.29 15:04:00.930,1.02138,1.0214,2.10,2.62
2016.08.29 15:04:00.981,1.02141,1.02142,1.50,4.87
2016.08.29 15:04:01.032,1.02141,1.02143,1.50,1.10
2016.08.29 15:04:01.084,1.02141,1.02143,1.00,1.10
2016.08.29 15:04:01.136,1.0214,1.02143,1.50,1.12
2016.08.29 15:04:01.187,1.0214,1.02143,1.00,1.12
2016.08.29 15:04:01.238,1.0214,1.02143,1.00,2.62
2016.08.29 15:04:01.289,1.0214,1.02142,1.00,1.00
2016.08.29 15:04:01.551,1.0214,1.02143,1.00,3.45
2016.08.29 15:04:01.603,1.02141,1.02143,1.00,2.70
2016.08.29 15:04:01.655,1.02141,1.02143,1.00,2.32
2016.08.29 15:04:01.706,1.02141,1.02143,1.00,2.25
2016.08.29 15:04:01.758,1.02141,1.02143,1.00,1.50
2016.08.29 15:04:02.592,1.02141,1.02143,1.00,2.25
2016.08.29 15:04:02.796,1.02141,1.02143,1.00,1.50
2016.08.29 15:04:03.458,1.0214,1.02143,1.50,1.50
2016.08.29 15:04:03.560,1.0214,1.02143,1.50,2.25
2016.08.29 15:04:03.698,1.0214,1.02143,1.00,2.25
2016.08.29 15:04:04.845,1.0214,1.02143,1.00,3.00
2016.08.29 15:04:05.717,1.0214,1.02143,1.50,2.25
2016.08.29 15:04:05.768,1.0214,1.02143,1.50,1.00
2016.08.29 15:04:05.928,1.0214,1.02143,1.57,1.00
2016.08.29 15:04:05.979,1.0214,1.02144,1.57,3.75
2016.08.29 15:04:06.081,1.0214,1.02143,1.57,1.00
2016.08.29 15:04:06.132,1.0214,1.02143,1.10,1.00
2016.08.29 15:04:06.490,1.02141,1.02143,1.00,1.00
2016.08.29 15:04:06.984,1.02141,1.02144,1.00,4.12
2016.08.29 15:04:07.035,1.0214,1.02144,1.10,4.12
2016.08.29 15:04:08.212,1.0214,1.02144,1.10,3.37
2016.08.29 15:04:08.263,1.0214,1.02144,1.10,3.00
2016.08.29 15:04:08.990,1.0214,1.02143,1.10,1.00
2016.08.29 15:04:09.193,1.02139,1.02142,3.75,1.00
2016.08.29 15:04:09.244,1.02139,1.02141,2.62,1.00
2016.08.29 15:04:09.295,1.02138,1.02139,2.85,1.00
2016.08.29 15:04:09.346,1.02138,1.02139,1.72,1.00
2016.08.29 15:04:09.397,1.02137,1.02139,2.99,1.50
2016.08.29 15:04:09.448,1.02136,1.02139,1.00,1.50
2016.08.29 15:04:09.601,1.02138,1.0214,1.00,5.70
2016.08.29 15:04:09.652,1.02139,1.02141,3.10,4.87
2016.08.29 15:04:09.729,1.0214,1.02141,1.00,3.75
2016.08.29 15:04:09.781,1.02139,1.02141,4.80,1.00
2016.08.29 15:04:09.832,1.0214,1.02144,1.50,2.89
2016.08.29 15:04:09.885,1.0214,1.02143,1.50,1.25
2016.08.29 15:04:09.938,1.02139,1.02143,3.82,1.31
2016.08.29 15:04:09.991,1.02138,1.02142,1.87,1.00
2016.08.29 15:04:10.095,1.02138,1.02141,1.10,1.00
2016.08.29 15:04:10.612,1.0214,1.02142,1.00,1.00
2016.08.29 15:04:10.664,1.0214,1.02144,1.00,7.87
2016.08.29 15:04:10.716,1.02141,1.02144,1.00,5.25
2016.08.29 15:04:10.818,1.02141,1.02144,1.00,3.45
2016.08.29 15:04:11.021,1.0214,1.02144,1.50,3.45
2016.08.29 15:04:11.073,1.0214,1.02143,1.50,1.00
2016.08.29 15:04:11.124,1.0214,1.02143,1.00,1.00
2016.08.29 15:04:11.688,1.0214,1.02144,1.00,3.45
2016.08.29 15:04:11.739,1.0214,1.02144,1.50,4.20
2016.08.29 15:04:11.841,1.0214,1.02144,2.25,3.45
2016.08.29 15:04:11.943,1.02141,1.02144,1.00,3.45
2016.08.29 15:04:12.045,1.02141,1.02144,1.00,3.37
2016.08.29 15:04:12.096,1.02141,1.02144,1.50,2.62
2016.08.29 15:04:12.618,1.02141,1.02144,1.00,2.62
2016.08.29 15:04:13.377,1.02143,1.02145,1.87,3.19
2016.08.29 15:04:13.429,1.02143,1.02146,1.12,1.47
2016.08.29 15:04:13.480,1.0214,1.0215,4.12,8.61
2016.08.29 15:04:13.532,1.02154,1.02155,1.00,1.50
2016.08.29 15:04:13.583,1.02154,1.02155,1.50,1.10
2016.08.29 15:04:13.635,1.02154,1.02156,1.00,4.87
2016.08.29 15:04:13.686,1.02155,1.02156,1.00,3.00
2016.08.29 15:04:13.737,1.02154,1.02156,1.50,1.50
2016.08.29 15:04:13.789,1.02154,1.02156,1.10,2.25
2016.08.29 15:04:13.901,1.02153,1.02154,1.87,1.00
2016.08.29 15:04:13.953,1.02151,1.02154,1.12,1.00
2016.08.29 15:04:14.056,1.0215,1.02154,3.00,1.00
2016.08.29 15:04:14.108,1.0215,1.02153,1.87,1.00
2016.08.29 15:04:14.159,1.0215,1.02153,1.87,1.50
2016.08.29 15:04:14.210,1.0215,1.02152,1.87,1.00
2016.08.29 15:04:14.571,1.0215,1.02152,1.50,1.00
2016.08.29 15:04:14.930,1.0215,1.02153,1.12,3.37
2016.08.29 15:04:15.237,1.02149,1.02153,1.87,3.37
2016.08.29 15:04:15.288,1.02149,1.02152,1.87,1.00
2016.08.29 15:04:15.339,1.02149,1.02152,2.25,1.00
2016.08.29 15:04:15.472,1.02149,1.02152,1.50,1.50
2016.08.29 15:04:15.577,1.02148,1.02152,3.00,1.50
2016.08.29 15:04:15.628,1.02148,1.02152,2.62,1.50
2016.08.29 15:04:15.681,1.02148,1.02151,1.87,1.50
2016.08.29 15:04:15.732,1.02148,1.02151,1.12,1.50
2016.08.29 15:04:15.783,1.02147,1.0215,1.87,1.00
2016.08.29 15:04:16.089,1.02147,1.0215,1.12,1.50
2016.08.29 15:04:16.140,1.02147,1.0215,1.12,1.00
2016.08.29 15:04:16.193,1.02148,1.02151,1.10,4.50
2016.08.29 15:04:16.244,1.02148,1.02151,1.10,1.50
2016.08.29 15:04:16.408,1.02148,1.02151,1.12,1.00
2016.08.29 15:04:17.281,1.02149,1.02152,1.10,2.62
2016.08.29 15:04:17.332,1.02149,1.02152,1.10,1.87
2016.08.29 15:04:17.411,1.02149,1.02152,1.10,1.50
2016.08.29 15:04:17.463,1.02149,1.02152,1.10,1.00
2016.08.29 15:04:17.769,1.02149,1.02152,1.10,1.50
2016.08.29 15:04:18.115,1.02149,1.02152,1.10,3.00
2016.08.29 15:04:18.217,1.02148,1.02152,1.12,3.75
2016.08.29 15:04:18.268,1.02147,1.02151,3.00,2.25
2016.08.29 15:04:18.370,1.02147,1.02151,3.00,3.00
2016.08.29 15:04:18.477,1.02147,1.02151,1.57,3.00
2016.08.29 15:04:18.578,1.02147,1.0215,1.57,1.00
2016.08.29 15:04:18.782,1.02147,1.0215,1.50,1.10
2016.08.29 15:04:18.985,1.02147,1.0215,1.12,1.10
2016.08.29 15:04:19.605,1.02146,1.0215,1.50,3.07
2016.08.29 15:04:19.656,1.02146,1.02149,1.00,1.00
2016.08.29 15:04:19.708,1.02145,1.02149,2.70,3.00
2016.08.29 15:04:19.759,1.02145,1.02149,1.00,3.07
2016.08.29 15:04:19.913,1.02145,1.02148,1.00,1.00
2016.08.29 15:04:20.516,1.02146,1.02148,1.00,1.00
2016.08.29 15:04:21.248,1.02146,1.02148,1.00,1.50
2016.08.29 15:04:21.299,1.02145,1.02147,1.00,1.00
2016.08.29 15:04:22.214,1.02145,1.02148,1.00,4.20
2016.08.29 15:04:22.482,1.02145,1.02147,1.00,1.00
2016.08.29 15:04:22.786,1.02143,1.02145,1.10,2.25
2016.08.29 15:04:22.837,1.02141,1.02145,2.44,5.85
2016.08.29 15:04:22.889,1.02141,1.02144,1.50,2.25
2016.08.29 15:04:22.940,1.02141,1.02144,1.00,2.32
2016.08.29 15:04:24.960,1.02141,1.02144,1.00,3.07
2016.08.29 15:04:25.011,1.02141,1.02143,1.00,1.00
2016.08.29 15:04:25.319,1.02141,1.02144,1.00,1.10
2016.08.29 15:04:25.520,1.02141,1.02143,1.00,1.00
2016.08.29 15:04:25.723,1.02141,1.02144,1.00,1.10
2016.08.29 15:04:25.926,1.02141,1.02143,1.00,1.00
2016.08.29 15:04:26.283,1.02141,1.02144,1.00,1.10
2016.08.29 15:04:26.923,1.02141,1.02143,1.00,1.00
2016.08.29 15:04:27.025,1.0214,1.02143,1.00,2.25
2016.08.29 15:04:27.084,1.0214,1.02143,1.00,2.62
2016.08.29 15:04:27.186,1.0214,1.02143,1.00,3.37
2016.08.29 15:04:27.315,1.0214,1.02142,1.00,1.00
2016.08.29 15:04:28.196,1.0214,1.02143,1.00,3.75
2016.08.29 15:04:28.808,1.0214,1.02143,1.00,2.62
2016.08.29 15:04:28.909,1.0214,1.02143,1.00,1.12
2016.08.29 15:04:28.960,1.0214,1.02144,1.00,4.57
2016.08.29 15:04:29.011,1.0214,1.02142,1.00,1.00
2016.08.29 15:04:29.062,1.02139,1.02141,1.57,2.10
2016.08.29 15:04:29.113,1.02138,1.02141,6.00,4.35
2016.08.29 15:04:29.164,1.02137,1.0214,1.50,1.12
2016.08.29 15:04:29.215,1.02137,1.0214,1.00,1.87
2016.08.29 15:04:29.368,1.02139,1.0214,1.00,1.00
2016.08.29 15:04:29.419,1.0214,1.02142,1.00,4.87
2016.08.29 15:04:29.470,1.02139,1.02143,4.50,1.69
2016.08.29 15:04:29.521,1.02139,1.02144,4.57,3.64
2016.08.29 15:04:29.572,1.02141,1.02144,1.00,2.89
2016.08.29 15:04:29.725,1.02141,1.02144,1.00,3.64
2016.08.29 15:04:30.218,1.02141,1.02144,1.00,2.89
2016.08.29 15:04:30.422,1.02141,1.02144,1.00,1.39
2016.08.29 15:04:30.473,1.02141,1.02144,1.00,1.10
2016.08.29 15:04:30.524,1.02141,1.02144,1.00,1.00
2016.08.29 15:04:30.627,1.02141,1.02144,1.00,1.50
2016.08.29 15:04:30.830,1.02141,1.02144,1.00,1.00
2016.08.29 15:04:33.627,1.02141,1.02144,1.00,1.50
2016.08.29 15:04:34.780,1.02141,1.02144,1.00,1.87
2016.08.29 15:04:34.832,1.02141,1.02144,1.00,3.37
2016.08.29 15:04:35.086,1.02141,1.02144,1.00,4.12
2016.08.29 15:04:35.197,1.02141,1.02144,1.00,3.37
2016.08.29 15:04:35.913,1.02141,1.02144,1.00,2.62
2016.08.29 15:04:36.087,1.02141,1.02144,1.00,3.37
2016.08.29 15:04:36.291,1.02141,1.02144,1.00,4.12
2016.08.29 15:04:37.316,1.02141,1.02144,1.00,3.37
2016.08.29 15:04:37.913,1.02141,1.02144,1.00,4.12
2016.08.29 15:04:39.842,1.0214,1.02143,1.57,1.00
2016.08.29 15:04:39.893,1.0214,1.02143,1.10,3.00
2016.08.29 15:04:39.944,1.0214,1.02142,1.10,1.50
2016.08.29 15:04:39.995,1.0214,1.02142,1.00,1.50
2016.08.29 15:04:40.046,1.02139,1.02142,1.57,1.50
2016.08.29 15:04:40.097,1.02139,1.02142,1.57,2.25
2016.08.29 15:04:40.352,1.0214,1.02142,1.00,1.00
2016.08.29 15:04:40.404,1.0214,1.02143,1.00,3.00
2016.08.29 15:04:40.455,1.0214,1.02143,1.00,1.50
2016.08.29 15:04:40.506,1.0214,1.02143,1.00,1.00
2016.08.29 15:04:40.710,1.0214,1.02143,1.00,1.50
2016.08.29 15:04:41.249,1.0214,1.02143,1.00,1.00
2016.08.29 15:04:41.300,1.0214,1.02144,1.00,3.07
2016.08.29 15:04:41.402,1.0214,1.02144,1.50,3.07
2016.08.29 15:04:41.556,1.02143,1.02144,1.00,2.32
2016.08.29 15:04:41.609,1.02143,1.02144,3.37,1.57
2016.08.29 15:04:41.661,1.02144,1.02147,1.00,2.62
2016.08.29 15:04:41.712,1.02144,1.02147,4.12,1.75
2016.08.29 15:04:41.764,1.02144,1.02148,5.25,1.10
2016.08.29 15:04:41.815,1.02145,1.02148,1.00,1.10
2016.08.29 15:04:41.969,1.02145,1.02148,1.12,1.60
2016.08.29 15:04:42.021,1.02144,1.02147,1.95,2.10
2016.08.29 15:04:42.078,1.02144,1.02147,1.20,3.22
2016.08.29 15:04:42.130,1.02143,1.02146,1.12,2.62
2016.08.29 15:04:42.182,1.02143,1.02146,1.10,2.62
2016.08.29 15:04:42.233,1.02143,1.02146,1.10,3.37
2016.08.29 15:04:43.583,1.02144,1.02146,1.00,2.62
2016.08.29 15:04:43.634,1.02145,1.02147,1.00,1.00
2016.08.29 15:04:43.686,1.02145,1.02148,1.50,1.95
2016.08.29 15:04:43.756,1.02145,1.02148,1.50,1.57
2016.08.29 15:04:43.808,1.02145,1.02149,1.12,4.20
2016.08.29 15:04:44.120,1.02145,1.02149,1.87,4.20
2016.08.29 15:04:44.374,1.02146,1.02149,1.00,4.20
2016.08.29 15:04:44.518,1.02146,1.02149,1.00,3.07
2016.08.29 15:04:44.620,1.02146,1.02149,1.00,3.00
2016.08.29 15:04:44.773,1.02146,1.02149,1.00,2.25
2016.08.29 15:04:44.824,1.02146,1.02149,1.00,2.25
2016.08.29 15:04:44.875,1.02146,1.02149,1.00,1.50
2016.08.29 15:04:47.639,1.02145,1.02149,2.70,2.25
2016.08.29 15:04:47.690,1.02145,1.02149,1.95,2.25
2016.08.29 15:04:47.758,1.02145,1.02149,1.95,3.00
2016.08.29 15:04:47.810,1.02145,1.02149,1.20,3.00
2016.08.29 15:04:48.326,1.02145,1.02149,1.20,2.25
2016.08.29 15:04:48.532,1.02145,1.02149,1.20,3.00
2016.08.29 15:04:48.733,1.02145,1.02149,1.20,2.25
2016.08.29 15:04:48.937,1.02145,1.02149,1.20,3.00
2016.08.29 15:04:49.038,1.02145,1.02149,1.12,3.07
2016.08.29 15:04:49.140,1.02145,1.02149,1.12,2.32
2016.08.29 15:04:49.702,1.02145,1.02149,1.12,2.70
2016.08.29 15:04:50.827,1.02146,1.02149,1.00,2.70
2016.08.29 15:04:51.692,1.02145,1.02149,2.62,2.70
