2016.04.11 10:00:00.430,1.08052,1.08058,2.44,2.62
2016.04.11 10:00:00.533,1.08056,1.08059,3.26,1.67
2016.04.11 10:00:00.635,1.08056,1.0806,3.71,1.70
2016.04.11 10:00:00.939,1.08056,1.08061,4.76,1.01
2016.04.11 10:00:01.950,1.08055,1.08061,1.39,1.31
2016.04.11 10:00:02.491,1.08054,1.08059,1.50,1.12
2016.04.11 10:00:05.149,1.08055,1.08061,2.62,3.04
2016.04.11 10:00:05.250,1.08055,1.08061,3.37,1.61
2016.04.11 10:00:07.773,1.08056,1.08062,3.56,1.57
2016.04.11 10:00:07.875,1.0806,1.08062,1.12,1.00
2016.04.11 10:00:07.977,1.08061,1.08064,1.50,1.15
2016.04.11 10:00:08.129,1.08062,1.08066,1.50,1.25
2016.04.11 10:00:08.434,1.08064,1.08069,2.62,1.20
2016.04.11 10:00:10.358,1.08064,1.08068,4.65,1.00
2016.04.11 10:00:14.981,1.08063,1.08067,2.25,1.50
2016.04.11 10:00:15.083,1.08063,1.08065,1.69,1.00
2016.04.11 10:00:15.594,1.08061,1.08065,3.19,1.10
2016.04.11 10:00:17.840,1.08061,1.08064,1.56,1.00
2016.04.11 10:00:18.346,1.0806,1.08065,1.37,2.06
2016.04.11 10:00:19.100,1.0806,1.08065,1.47,1.76
2016.04.11 10:00:23.620,1.0806,1.08065,3.00,1.69
2016.04.11 10:00:25.592,1.08062,1.08065,2.25,1.19
2016.04.11 10:00:33.853,1.08062,1.08067,3.22,1.01
2016.04.11 10:00:34.359,1.08063,1.08068,2.51,1.29
2016.04.11 10:00:35.695,1.08064,1.08068,1.42,1.01
2016.04.11 10:00:36.050,1.08066,1.0807,1.12,1.25
2016.04.11 10:00:36.556,1.08067,1.08072,2.62,1.69
2016.04.11 10:00:37.806,1.08067,1.08071,1.10,1.39
2016.04.11 10:00:42.907,1.08068,1.08072,1.00,3.30
2016.04.11 10:00:43.059,1.08068,1.08073,2.32,3.11
2016.04.11 10:00:43.312,1.08069,1.08074,1.87,3.19
2016.04.11 10:00:43.718,1.0807,1.08075,3.00,1.39
2016.04.11 10:00:43.972,1.0807,1.08074,1.50,1.69
2016.04.11 10:00:47.020,1.08068,1.08071,5.74,1.19
2016.04.11 10:00:47.071,1.08068,1.08071,4.99,1.19
2016.04.11 10:00:47.475,1.08066,1.08073,4.87,6.94
2016.04.11 10:00:51.141,1.08068,1.08073,1.20,2.51
2016.04.11 10:00:51.698,1.08067,1.08073,1.87,3.64
2016.04.11 10:00:53.864,1.08067,1.08072,1.87,2.44
2016.04.11 10:00:54.828,1.08068,1.08073,1.95,1.39
2016.04.11 10:00:55.233,1.0807,1.08073,1.12,1.01
2016.04.11 10:00:55.537,1.0807,1.08074,2.81,1.05
2016.04.11 10:00:55.789,1.0807,1.08074,1.39,1.35
2016.04.11 10:00:58.550,1.08071,1.08075,1.57,2.44
2016.04.11 10:00:59.068,1.08071,1.08074,2.70,1.19
2016.04.11 10:01:00.202,1.08071,1.08074,1.65,1.31
2016.04.11 10:01:00.254,1.08069,1.08072,3.00,1.19
2016.04.11 10:01:00.406,1.08069,1.08072,1.57,1.19
2016.04.11 10:01:00.944,1.08069,1.08073,1.10,1.29
2016.04.11 10:01:01.248,1.0807,1.08075,5.47,2.44
2016.04.11 10:01:01.299,1.08072,1.08075,3.67,1.25
2016.04.11 10:01:01.350,1.08072,1.08077,4.80,2.81
2016.04.11 10:01:01.861,1.08074,1.0808,2.62,5.06
2016.04.11 10:01:02.873,1.08073,1.08078,2.25,1.19
2016.04.11 10:01:02.925,1.08073,1.08078,1.20,1.29
2016.04.11 10:01:03.990,1.08074,1.0808,1.12,4.91
2016.04.11 10:01:04.495,1.08074,1.0808,2.62,2.66
2016.04.11 10:01:06.549,1.08075,1.0808,2.10,1.76
2016.04.11 10:01:06.773,1.08079,1.08081,1.10,1.00
2016.04.11 10:01:06.824,1.08079,1.08083,3.45,1.10
2016.04.11 10:01:06.876,1.0808,1.08084,1.42,1.57
2016.04.11 10:01:07.029,1.08083,1.08087,1.20,1.57
2016.04.11 10:01:07.182,1.08084,1.0809,1.95,5.81
2016.04.11 10:01:08.407,1.08085,1.0809,5.62,2.06
2016.04.11 10:01:08.751,1.08092,1.08094,1.57,2.10
2016.04.11 10:01:09.359,1.08091,1.08096,1.87,2.86
2016.04.11 10:01:09.460,1.08091,1.08093,1.00,1.29
2016.04.11 10:01:09.512,1.08089,1.08093,1.87,1.66
2016.04.11 10:01:09.614,1.08087,1.08093,2.62,3.16
2016.04.11 10:01:10.141,1.08087,1.08092,1.10,1.31
2016.04.11 10:01:11.380,1.08086,1.08092,1.57,1.69
2016.04.11 10:01:11.532,1.08085,1.0809,1.12,3.60
2016.04.11 10:01:11.684,1.08082,1.08088,6.00,3.54
2016.04.11 10:01:11.887,1.0808,1.08085,1.95,1.70
2016.04.11 10:01:12.191,1.08079,1.08084,1.37,2.47
2016.04.11 10:01:15.469,1.08079,1.08084,1.57,1.10
2016.04.11 10:01:15.570,1.08079,1.08083,1.50,1.22
2016.04.11 10:01:16.081,1.08079,1.08084,1.00,2.06
2016.04.11 10:01:17.758,1.08079,1.08085,1.09,4.31
2016.04.11 10:01:21.537,1.08079,1.08085,1.33,2.44
2016.04.11 10:01:22.297,1.08079,1.08085,2.14,1.69
2016.04.11 10:01:23.217,1.08081,1.08087,1.85,1.12
2016.04.11 10:01:23.553,1.08084,1.08089,1.37,1.92
2016.04.11 10:01:23.859,1.08091,1.08093,3.67,1.00
2016.04.11 10:01:23.911,1.08091,1.08097,5.55,1.12
2016.04.11 10:01:23.963,1.08092,1.08097,1.72,1.00
2016.04.11 10:01:24.469,1.08094,1.08099,1.47,1.10
2016.04.11 10:01:25.141,1.08094,1.08099,1.10,2.04
2016.04.11 10:01:25.647,1.08094,1.08099,1.47,2.79
2016.04.11 10:01:26.815,1.08094,1.08099,1.10,3.16
2016.04.11 10:01:31.183,1.08094,1.08098,3.75,2.06
2016.04.11 10:01:34.930,1.08094,1.08096,4.50,1.00
2016.04.11 10:01:35.234,1.08092,1.08095,3.75,1.31
2016.04.11 10:01:36.013,1.08091,1.08095,5.44,1.87
2016.04.11 10:01:37.605,1.08091,1.08096,4.91,2.06
2016.04.11 10:01:38.163,1.08091,1.08095,2.06,1.00
2016.04.11 10:01:39.228,1.08091,1.08095,1.69,1.00
2016.04.11 10:01:39.533,1.08089,1.08092,5.10,1.62
2016.04.11 10:01:39.634,1.08087,1.0809,3.75,1.01
2016.04.11 10:01:39.888,1.08085,1.08088,3.00,2.62
2016.04.11 10:01:40.191,1.08083,1.08088,2.21,2.25
2016.04.11 10:01:40.647,1.08084,1.0809,1.09,3.00
2016.04.11 10:01:42.650,1.08085,1.0809,1.20,1.12
2016.04.11 10:01:44.180,1.08083,1.08089,4.61,2.62
2016.04.11 10:01:44.840,1.08083,1.08088,1.76,2.51
2016.04.11 10:01:45.713,1.08082,1.08086,1.20,1.10
2016.04.11 10:01:45.915,1.08079,1.08084,4.84,1.20
2016.04.11 10:01:46.421,1.08079,1.08083,4.39,1.00
2016.04.11 10:01:46.522,1.08078,1.08083,4.58,1.87
2016.04.11 10:01:47.029,1.08077,1.08081,1.76,1.00
2016.04.11 10:01:47.383,1.08075,1.08079,3.83,1.00
2016.04.11 10:01:47.891,1.08075,1.08079,2.48,2.51
2016.04.11 10:01:48.397,1.08075,1.08078,2.29,1.50
2016.04.11 10:01:48.954,1.08077,1.08079,1.00,1.57
2016.04.11 10:01:49.107,1.08078,1.0808,3.12,1.00
2016.04.11 10:01:49.208,1.08078,1.08082,3.12,1.57
2016.04.11 10:01:49.714,1.08078,1.08083,2.67,1.31
2016.04.11 10:01:52.733,1.08077,1.08082,1.37,1.37
2016.04.11 10:01:52.886,1.08076,1.08081,2.86,2.32
2016.04.11 10:01:54.215,1.08075,1.08081,4.39,3.26
2016.04.11 10:01:54.722,1.08075,1.08079,2.67,1.87
2016.04.11 10:01:58.092,1.08074,1.08078,1.91,1.00
2016.04.11 10:02:02.331,1.08075,1.0808,6.08,1.76
2016.04.11 10:02:02.851,1.08075,1.08081,7.21,2.25
2016.04.11 10:02:06.443,1.08077,1.08081,1.10,1.50
2016.04.11 10:02:06.595,1.08077,1.08082,3.04,1.00
2016.04.11 10:02:06.798,1.08078,1.08084,1.73,4.20
2016.04.11 10:02:10.421,1.0808,1.08084,2.44,1.10
2016.04.11 10:02:10.523,1.08082,1.08086,1.46,2.70
2016.04.11 10:02:10.574,1.08083,1.08086,2.17,2.62
2016.04.11 10:02:10.726,1.08084,1.08088,4.50,1.00
2016.04.11 10:02:10.827,1.08084,1.0809,5.18,1.20
2016.04.11 10:02:15.205,1.08086,1.0809,1.33,1.95
2016.04.11 10:02:18.384,1.08086,1.08091,2.62,1.39
2016.04.11 10:02:18.889,1.08086,1.08091,1.87,3.56
2016.04.11 10:02:20.253,1.08085,1.08089,2.10,1.00
2016.04.11 10:02:20.773,1.08085,1.08089,2.10,1.57
2016.04.11 10:02:23.563,1.08085,1.0809,4.72,1.20
2016.04.11 10:02:29.659,1.08087,1.08091,3.56,1.50
2016.04.11 10:02:29.710,1.08088,1.08093,2.51,1.10
2016.04.11 10:02:30.216,1.08089,1.08095,1.12,6.56
2016.04.11 10:02:33.889,1.0809,1.08095,5.17,1.69
2016.04.11 10:02:35.126,1.08091,1.08096,1.31,1.95
2016.04.11 10:02:36.089,1.08092,1.08096,1.35,1.12
2016.04.11 10:02:36.394,1.08097,1.08099,1.25,1.00
2016.04.11 10:02:38.839,1.08097,1.08099,1.69,3.75
2016.04.11 10:02:39.294,1.08097,1.08101,4.16,4.31
2016.04.11 10:02:39.598,1.08098,1.08099,1.00,1.00
2016.04.11 10:02:39.762,1.08095,1.08098,3.37,1.87
2016.04.11 10:02:40.627,1.08096,1.08099,1.12,1.00
2016.04.11 10:02:41.134,1.08097,1.08099,1.12,1.00
2016.04.11 10:02:41.639,1.08097,1.081,1.12,1.00
2016.04.11 10:02:42.146,1.08098,1.081,1.50,1.00
2016.04.11 10:02:42.260,1.08102,1.08104,1.00,2.06
2016.04.11 10:02:42.311,1.08102,1.08105,2.44,1.10
2016.04.11 10:02:42.412,1.08105,1.08107,1.12,1.00
2016.04.11 10:02:42.919,1.08105,1.08108,1.12,1.00
2016.04.11 10:02:44.234,1.08105,1.08109,1.12,1.20
2016.04.11 10:02:44.916,1.08105,1.08108,1.12,1.00
2016.04.11 10:02:45.423,1.08105,1.08107,1.22,1.00
2016.04.11 10:02:45.525,1.08102,1.08104,2.10,4.12
2016.04.11 10:02:45.628,1.08099,1.081,3.04,1.87
2016.04.11 10:02:45.729,1.08098,1.08101,2.10,4.42
2016.04.11 10:02:45.780,1.08096,1.08099,2.06,1.50
2016.04.11 10:02:46.793,1.08096,1.08101,2.81,2.62
2016.04.11 10:02:46.962,1.08099,1.08101,1.19,1.50
2016.04.11 10:02:47.872,1.08099,1.08102,2.06,1.10
2016.04.11 10:02:48.772,1.08099,1.08103,2.14,1.10
2016.04.11 10:02:48.873,1.08099,1.08103,4.39,1.10
2016.04.11 10:02:50.546,1.08103,1.08106,1.19,3.97
2016.04.11 10:02:51.052,1.08104,1.08107,2.14,1.00
2016.04.11 10:02:51.609,1.08104,1.08108,1.66,1.20
2016.04.11 10:02:53.052,1.08104,1.08108,5.89,1.20
2016.04.11 10:02:56.977,1.08106,1.0811,2.81,1.12
2016.04.11 10:02:57.129,1.08107,1.08112,3.41,1.12
2016.04.11 10:02:57.180,1.08109,1.08112,1.69,1.12
2016.04.11 10:02:58.059,1.08109,1.08112,2.06,1.00
2016.04.11 10:02:58.599,1.0811,1.08113,1.62,1.50
2016.04.11 10:02:59.104,1.08111,1.08113,1.37,1.50
2016.04.11 10:02:59.612,1.08112,1.08114,1.37,4.87
2016.04.11 10:03:00.803,1.0811,1.08114,2.89,1.87
2016.04.11 10:03:00.905,1.08109,1.08114,1.87,1.87
2016.04.11 10:03:01.412,1.08108,1.08114,1.87,2.06
2016.04.11 10:03:01.968,1.08108,1.08114,1.47,4.84
2016.04.11 10:03:02.576,1.08107,1.08113,2.66,1.75
2016.04.11 10:03:02.850,1.08104,1.08109,1.87,1.12
2016.04.11 10:03:03.356,1.08103,1.08108,5.86,1.12
2016.04.11 10:03:04.434,1.08102,1.08105,1.00,1.19
2016.04.11 10:03:04.586,1.08099,1.08104,3.01,1.39
2016.04.11 10:03:04.688,1.08099,1.08103,2.15,1.22
2016.04.11 10:03:05.235,1.08099,1.08105,4.55,2.44
2016.04.11 10:03:05.489,1.081,1.08106,5.63,2.44
2016.04.11 10:03:06.671,1.08101,1.08105,1.10,1.29
2016.04.11 10:03:08.270,1.081,1.08105,7.35,1.10
2016.04.11 10:03:08.776,1.08101,1.08106,2.17,2.44
2016.04.11 10:03:09.299,1.08101,1.08106,2.85,1.76
2016.04.11 10:03:09.806,1.08103,1.08109,5.85,4.47
2016.04.11 10:03:16.996,1.08102,1.08106,1.75,1.69
2016.04.11 10:03:17.148,1.081,1.08105,2.74,1.29
2016.04.11 10:03:17.663,1.081,1.08105,1.22,2.81
2016.04.11 10:03:22.581,1.081,1.08105,1.22,6.26
2016.04.11 10:03:22.734,1.08098,1.08102,3.37,1.31
2016.04.11 10:03:22.836,1.08098,1.08101,1.57,1.56
2016.04.11 10:03:23.090,1.08095,1.081,4.55,2.44
2016.04.11 10:03:23.641,1.08095,1.08099,2.55,1.87
2016.04.11 10:03:26.724,1.08094,1.08098,2.45,1.47
2016.04.11 10:03:26.926,1.08094,1.08096,1.32,1.22
2016.04.11 10:03:27.432,1.08093,1.08097,1.32,1.50
2016.04.11 10:03:27.888,1.08091,1.08095,1.88,1.12
2016.04.11 10:03:32.149,1.08092,1.08095,1.00,1.12
2016.04.11 10:03:33.067,1.08091,1.08096,1.10,3.56
2016.04.11 10:03:33.992,1.0809,1.08094,1.50,2.14
2016.04.11 10:03:34.296,1.08089,1.08092,1.10,2.70
2016.04.11 10:03:34.347,1.08088,1.08091,1.50,2.25
2016.04.11 10:03:34.852,1.08088,1.08091,1.10,1.20
2016.04.11 10:03:35.474,1.08087,1.08091,1.50,1.39
2016.04.11 10:03:41.431,1.08086,1.0809,1.75,2.44
2016.04.11 10:03:41.482,1.08085,1.08089,1.87,5.25
2016.04.11 10:03:41.635,1.08081,1.08086,1.75,1.39
2016.04.11 10:03:42.141,1.08082,1.08086,1.10,3.56
2016.04.11 10:03:44.199,1.08083,1.08086,1.00,2.06
2016.04.11 10:03:44.503,1.08083,1.08086,1.10,1.39
2016.04.11 10:03:51.977,1.08081,1.08086,3.97,1.39
2016.04.11 10:03:52.520,1.08081,1.08086,2.85,1.39
2016.04.11 10:03:52.876,1.08081,1.08085,1.12,1.19
2016.04.11 10:03:52.978,1.0808,1.08085,1.91,1.39
2016.04.11 10:03:53.683,1.08082,1.08085,2.10,1.76
2016.04.11 10:03:54.191,1.08082,1.08087,2.85,3.56
2016.04.11 10:03:54.838,1.08083,1.08087,1.12,2.14
2016.04.11 10:03:55.495,1.08083,1.08087,1.12,1.10
2016.04.11 10:03:56.052,1.08085,1.08087,2.92,1.00
2016.04.11 10:03:56.154,1.08086,1.08089,2.92,3.07
2016.04.11 10:03:56.508,1.08086,1.08091,3.22,5.32
2016.04.11 10:03:57.303,1.08086,1.0809,3.60,1.00
2016.04.11 10:03:58.900,1.08086,1.08091,3.60,1.95
2016.04.11 10:04:00.295,1.08086,1.08092,3.60,3.19
2016.04.11 10:04:00.802,1.08086,1.08091,3.60,1.57
2016.04.11 10:04:02.107,1.08086,1.08091,3.22,1.57
2016.04.11 10:04:02.892,1.08086,1.08091,3.60,1.47
2016.04.11 10:04:04.003,1.08086,1.08091,3.60,1.20
2016.04.11 10:04:05.960,1.08087,1.08091,2.85,1.12
2016.04.11 10:04:07.812,1.08088,1.08092,2.17,1.20
2016.04.11 10:04:10.861,1.08088,1.08093,2.92,5.14
2016.04.11 10:04:11.368,1.0809,1.08093,2.17,1.10
2016.04.11 10:04:11.571,1.0809,1.08095,4.16,1.09
2016.04.11 10:04:13.229,1.0809,1.08095,1.12,5.78
2016.04.11 10:04:13.491,1.08088,1.08093,1.12,1.84
2016.04.11 10:04:14.048,1.08089,1.08094,3.67,1.33
2016.04.11 10:04:14.554,1.0809,1.08095,1.72,2.33
2016.04.11 10:04:17.502,1.0809,1.08093,1.72,1.00
2016.04.11 10:04:17.856,1.08089,1.08095,1.05,7.58
2016.04.11 10:04:18.391,1.08089,1.08095,1.80,5.33
2016.04.11 10:04:18.897,1.08089,1.08094,1.47,2.33
2016.04.11 10:04:19.505,1.08089,1.08094,1.39,1.33
2016.04.11 10:04:20.012,1.0809,1.08095,3.97,4.01
2016.04.11 10:04:21.349,1.08088,1.08093,4.80,1.01
2016.04.11 10:04:21.502,1.08087,1.08092,2.62,3.64
2016.04.11 10:04:21.853,1.08086,1.08091,1.87,2.70
2016.04.11 10:04:25.223,1.08083,1.08087,1.37,2.70
2016.04.11 10:04:25.274,1.08083,1.08086,1.00,1.48
2016.04.11 10:04:25.326,1.08082,1.08085,1.50,2.06
2016.04.11 10:04:25.428,1.08081,1.08085,1.20,3.56
2016.04.11 10:04:25.779,1.08077,1.08081,3.07,1.12
2016.04.11 10:04:25.880,1.08074,1.0808,5.40,1.87
2016.04.11 10:04:26.336,1.08076,1.0808,1.35,1.29
2016.04.11 10:04:26.844,1.08076,1.08082,1.72,2.06
2016.04.11 10:04:27.350,1.08077,1.08082,3.30,1.22
2016.04.11 10:04:27.654,1.08079,1.08084,1.35,1.50
2016.04.11 10:04:27.924,1.0808,1.08085,4.12,1.20
2016.04.11 10:04:28.430,1.08081,1.08087,2.55,4.58
2016.04.11 10:04:32.236,1.08082,1.08087,1.39,1.87
2016.04.11 10:04:33.492,1.08083,1.08088,4.28,1.12
2016.04.11 10:04:33.593,1.08085,1.0809,1.00,1.12
2016.04.11 10:04:35.061,1.08083,1.08089,6.08,2.06
2016.04.11 10:04:37.762,1.08084,1.0809,5.67,1.87
2016.04.11 10:04:37.965,1.08086,1.08091,1.12,1.22
2016.04.11 10:04:38.399,1.08087,1.08093,2.36,1.10
2016.04.11 10:04:38.907,1.08089,1.08095,1.12,2.70
2016.04.11 10:04:39.812,1.08089,1.08094,2.17,1.39
2016.04.11 10:04:40.014,1.08087,1.08093,2.05,1.76
2016.04.11 10:04:40.885,1.08087,1.08093,2.77,2.51
2016.04.11 10:04:41.892,1.08089,1.08095,2.05,1.69
2016.04.11 10:04:42.700,1.08089,1.08095,2.05,3.19
2016.04.11 10:04:43.004,1.08089,1.08092,1.00,1.69
2016.04.11 10:04:43.224,1.08088,1.08092,1.35,1.00
2016.04.11 10:04:43.730,1.08089,1.08094,3.60,1.33
2016.04.11 10:04:45.783,1.08089,1.08095,3.22,2.33
2016.04.11 10:04:46.188,1.08092,1.08095,2.47,1.22
2016.04.11 10:04:46.340,1.08092,1.08097,3.97,2.59
2016.04.11 10:04:47.336,1.08092,1.08098,5.77,3.45
2016.04.11 10:04:48.985,1.08093,1.08099,3.22,5.33
2016.04.11 10:04:51.081,1.08095,1.081,1.12,4.20
2016.04.11 10:04:52.408,1.08096,1.081,1.57,1.22
2016.04.11 10:04:52.591,1.08097,1.08102,2.47,3.34
2016.04.11 10:04:53.097,1.08098,1.08103,5.85,3.34
2016.04.11 10:04:54.008,1.08099,1.08104,1.80,1.20
2016.04.11 10:04:54.515,1.08099,1.08105,4.91,3.26
2016.04.11 10:04:54.806,1.081,1.08106,6.45,3.64
2016.04.11 10:04:57.841,1.08101,1.08106,1.22,3.64
2016.04.11 10:04:57.992,1.08098,1.08104,1.50,5.70
2016.04.11 10:04:58.043,1.08098,1.08103,1.12,3.71
2016.04.11 10:04:58.449,1.08096,1.08101,1.87,1.70
2016.04.11 10:04:59.005,1.08097,1.08101,1.47,1.12
2016.04.11 10:04:59.106,1.08098,1.08103,1.20,1.87
2016.04.11 10:04:59.619,1.08098,1.08104,3.00,4.95
2016.04.11 10:05:00.512,1.08097,1.08103,2.44,5.51
2016.04.11 10:05:00.816,1.08096,1.081,1.22,1.65
2016.04.11 10:05:01.221,1.08099,1.08101,2.10,1.50
2016.04.11 10:05:01.272,1.08099,1.08103,2.55,1.95
2016.04.11 10:05:01.780,1.081,1.08105,3.37,2.25
2016.04.11 10:05:02.084,1.08101,1.08105,1.12,1.00
2016.04.11 10:05:03.357,1.08101,1.08106,1.50,1.20
2016.04.11 10:05:04.902,1.08101,1.08107,1.12,6.56
2016.04.11 10:05:06.307,1.08102,1.08107,1.05,2.62
2016.04.11 10:05:06.624,1.08103,1.08108,1.31,1.69
2016.04.11 10:05:11.947,1.08105,1.08109,2.78,1.31
2016.04.11 10:05:12.099,1.08105,1.0811,5.44,2.14
2016.04.11 10:05:12.626,1.08106,1.08111,4.95,1.10
2016.04.11 10:05:13.132,1.08107,1.08111,2.10,1.00
2016.04.11 10:05:14.626,1.08106,1.08111,2.47,1.69
2016.04.11 10:05:15.721,1.08106,1.08111,1.10,3.19
2016.04.11 10:05:16.481,1.08104,1.08109,2.06,1.12
2016.04.11 10:05:16.937,1.08101,1.08107,5.81,1.50
2016.04.11 10:05:17.353,1.081,1.08105,1.12,2.51
2016.04.11 10:05:17.455,1.08099,1.08105,7.35,3.94
2016.04.11 10:05:20.115,1.08099,1.08104,2.29,2.25
2016.04.11 10:05:20.743,1.08099,1.08103,1.01,1.12
2016.04.11 10:05:22.861,1.08099,1.08105,4.54,1.87
2016.04.11 10:05:23.398,1.081,1.08105,2.14,1.87
2016.04.11 10:05:24.612,1.081,1.08105,1.10,1.50
2016.04.11 10:05:25.120,1.08099,1.08102,2.06,1.12
2016.04.11 10:05:25.373,1.08095,1.08101,7.16,2.25
2016.04.11 10:05:27.467,1.08096,1.081,1.01,1.10
2016.04.11 10:05:29.671,1.08097,1.08102,1.12,1.50
2016.04.11 10:05:39.154,1.08098,1.08101,1.58,1.10
2016.04.11 10:05:39.495,1.08099,1.08103,1.72,1.10
2016.04.11 10:05:40.254,1.081,1.08104,4.16,1.00
2016.04.11 10:05:40.356,1.08101,1.08106,3.22,1.10
2016.04.11 10:05:49.075,1.08103,1.08106,1.69,1.00
2016.04.11 10:05:49.581,1.08103,1.08107,1.69,1.10
2016.04.11 10:05:51.086,1.08103,1.08109,1.69,5.62
2016.04.11 10:05:51.238,1.08106,1.08109,1.10,4.87
2016.04.11 10:05:51.746,1.08106,1.0811,4.91,1.25
2016.04.11 10:05:52.255,1.08108,1.08112,1.80,1.10
2016.04.11 10:05:52.785,1.08108,1.08113,1.99,1.87
2016.04.11 10:05:53.682,1.08109,1.08113,1.31,1.20
2016.04.11 10:05:56.027,1.08109,1.08113,1.31,1.47
2016.04.11 10:05:57.010,1.08109,1.08113,1.22,1.20
2016.04.11 10:06:06.519,1.0811,1.08114,1.76,2.62
2016.04.11 10:06:07.032,1.0811,1.08114,3.04,1.10
2016.04.11 10:06:09.465,1.08112,1.08115,2.10,1.50
2016.04.11 10:06:09.517,1.08113,1.08116,3.04,1.72
2016.04.11 10:06:10.025,1.08114,1.08118,1.12,4.73
2016.04.11 10:06:10.670,1.08114,1.08118,1.12,4.35
2016.04.11 10:06:11.176,1.08115,1.08119,1.31,3.98
2016.04.11 10:06:11.675,1.08117,1.08121,1.05,3.98
2016.04.11 10:06:11.828,1.08118,1.08122,1.97,2.78
2016.04.11 10:06:12.334,1.08118,1.08123,3.56,2.85
2016.04.11 10:06:13.083,1.08118,1.08124,5.81,1.12
2016.04.11 10:06:13.387,1.08122,1.08126,3.75,2.78
2016.04.11 10:06:15.833,1.08122,1.08127,3.00,3.23
2016.04.11 10:06:16.898,1.08122,1.08126,2.25,2.78
2016.04.11 10:06:18.105,1.08122,1.08127,3.00,3.98
2016.04.11 10:06:19.065,1.08122,1.08127,1.87,3.60
2016.04.11 10:06:19.596,1.08121,1.08125,1.31,3.90
2016.04.11 10:06:20.762,1.0812,1.08125,4.91,3.23
2016.04.11 10:06:25.027,1.08123,1.08127,2.81,1.50
2016.04.11 10:06:25.079,1.08125,1.08127,3.04,1.00
2016.04.11 10:06:25.131,1.08128,1.08131,2.81,1.50
2016.04.11 10:06:25.182,1.08129,1.08132,1.29,1.00
2016.04.11 10:06:25.233,1.08131,1.08133,1.31,1.00
2016.04.11 10:06:25.284,1.08131,1.08135,1.31,1.57
2016.04.11 10:06:25.792,1.08132,1.08137,2.06,4.50
2016.04.11 10:06:29.732,1.08132,1.08135,2.06,1.00
2016.04.11 10:06:30.239,1.08132,1.08136,2.06,1.10
2016.04.11 10:06:35.476,1.08132,1.08136,1.50,2.32
2016.04.11 10:06:35.578,1.0813,1.08132,1.87,1.69
2016.04.11 10:06:35.629,1.0813,1.08132,1.12,2.81
2016.04.11 10:06:35.731,1.08127,1.08132,3.75,2.06
2016.04.11 10:06:37.049,1.08127,1.08129,1.12,1.00
2016.04.11 10:06:39.005,1.08127,1.08132,1.87,3.19
2016.04.11 10:06:39.259,1.08128,1.08132,1.12,3.26
2016.04.11 10:06:39.779,1.08128,1.08131,1.12,1.00
2016.04.11 10:06:46.470,1.08127,1.08131,1.80,1.09
2016.04.11 10:06:46.986,1.08127,1.08131,1.80,1.09
2016.04.11 10:06:48.905,1.08127,1.08131,2.10,4.01
2016.04.11 10:06:49.914,1.08127,1.08131,2.10,1.95
2016.04.11 10:06:51.639,1.08127,1.08131,2.10,3.71
2016.04.11 10:06:52.946,1.08127,1.08128,1.00,1.12
2016.04.11 10:06:53.048,1.08126,1.0813,1.01,2.62
2016.04.11 10:06:53.100,1.08124,1.08128,3.82,1.25
2016.04.11 10:06:53.605,1.08124,1.08127,3.19,1.00
2016.04.11 10:06:54.117,1.08125,1.08129,1.20,2.14
2016.04.11 10:06:54.623,1.08125,1.08128,1.01,1.00
2016.04.11 10:06:55.180,1.08126,1.08128,1.12,1.00
2016.04.11 10:06:56.506,1.08126,1.08129,1.12,1.50
2016.04.11 10:06:57.144,1.08126,1.08129,1.12,1.50
2016.04.11 10:06:57.650,1.08126,1.0813,1.12,2.62
2016.04.11 10:06:58.358,1.08126,1.08129,1.75,1.00
2016.04.11 10:07:01.294,1.08126,1.0813,1.75,1.87
2016.04.11 10:07:02.299,1.08127,1.0813,1.12,1.69
2016.04.11 10:07:03.068,1.08127,1.0813,1.12,1.31
2016.04.11 10:07:06.471,1.08129,1.08131,2.10,2.14
2016.04.11 10:07:06.623,1.08129,1.08133,1.12,1.37
2016.04.11 10:07:07.131,1.08128,1.08132,4.54,1.00
2016.04.11 10:07:07.690,1.08127,1.08131,1.31,1.10
2016.04.11 10:07:12.673,1.08127,1.08132,1.75,1.47
2016.04.11 10:07:13.813,1.08127,1.08132,1.12,1.57
2016.04.11 10:07:14.540,1.08127,1.08132,1.12,1.57
2016.04.11 10:07:15.838,1.08127,1.08131,1.12,1.20
2016.04.11 10:07:22.473,1.08126,1.08131,2.44,1.87
2016.04.11 10:07:24.825,1.08126,1.08129,1.31,1.00
2016.04.11 10:07:24.977,1.08125,1.08129,1.99,1.39
2016.04.11 10:07:28.676,1.08125,1.08127,1.39,1.00
2016.04.11 10:07:29.208,1.08125,1.08128,1.25,1.20
2016.04.11 10:07:29.865,1.08124,1.08129,5.36,1.31
2016.04.11 10:07:30.068,1.08126,1.08131,1.10,4.50
2016.04.11 10:07:31.389,1.08125,1.0813,2.06,1.76
2016.04.11 10:07:31.753,1.08127,1.08129,1.00,1.39
2016.04.11 10:07:32.058,1.08159,1.08163,1.56,1.00
2016.04.11 10:07:32.260,1.08158,1.08162,3.22,3.37
2016.04.11 10:07:32.311,1.08158,1.0816,2.47,1.00
2016.04.11 10:07:32.414,1.08156,1.08161,1.50,1.50
2016.04.11 10:07:32.819,1.08153,1.08158,5.25,1.00
2016.04.11 10:07:33.274,1.08153,1.08157,1.00,1.87
2016.04.11 10:07:33.578,1.08143,1.08148,1.87,1.67
2016.04.11 10:07:33.882,1.08142,1.08146,1.00,2.06
2016.04.11 10:07:34.084,1.0814,1.08146,1.50,1.39
2016.04.11 10:07:34.245,1.08138,1.08144,2.71,1.87
2016.04.11 10:07:34.553,1.08137,1.08142,1.00,5.70
2016.04.11 10:07:34.705,1.08135,1.0814,1.21,1.12
2016.04.11 10:07:34.807,1.08135,1.08138,1.12,1.25
2016.04.11 10:07:35.194,1.08135,1.08138,1.12,2.06
2016.04.11 10:07:35.245,1.08133,1.08138,2.04,2.00
2016.04.11 10:07:35.754,1.08131,1.08135,1.22,1.12
2016.04.11 10:07:36.058,1.08129,1.08131,1.00,1.25
2016.04.11 10:07:36.148,1.08127,1.08132,1.12,1.69
2016.04.11 10:07:36.201,1.08126,1.08131,1.10,3.72
2016.04.11 10:07:36.455,1.08123,1.08128,1.20,1.19
2016.04.11 10:07:36.625,1.08121,1.08128,1.54,4.28
2016.04.11 10:07:37.155,1.0812,1.08127,2.85,8.06
2016.04.11 10:07:37.765,1.0812,1.08125,2.85,1.39
2016.04.11 10:07:38.310,1.08119,1.08126,1.87,1.12
2016.04.11 10:07:39.427,1.08119,1.08124,1.12,1.29
2016.04.11 10:07:39.832,1.0812,1.08122,2.10,1.12
2016.04.11 10:07:39.984,1.08121,1.08127,2.70,3.53
2016.04.11 10:07:40.035,1.08122,1.08127,1.57,2.85
2016.04.11 10:07:41.021,1.0812,1.08127,2.06,1.39
2016.04.11 10:07:41.275,1.08124,1.08127,2.47,1.39
2016.04.11 10:07:41.429,1.08126,1.08131,1.12,4.84
2016.04.11 10:07:41.480,1.08127,1.08131,1.87,2.10
2016.04.11 10:07:41.582,1.08131,1.08133,1.35,2.78
2016.04.11 10:07:41.684,1.08134,1.08137,1.10,2.40
2016.04.11 10:07:42.190,1.08134,1.08138,1.20,1.65
2016.04.11 10:07:42.393,1.08136,1.08139,2.62,1.65
2016.04.11 10:07:42.899,1.08134,1.08138,1.75,1.84
2016.04.11 10:07:43.002,1.08132,1.08138,1.12,2.67
2016.04.11 10:07:43.504,1.08132,1.08138,3.37,3.04
2016.04.11 10:07:44.111,1.08131,1.08137,1.75,1.37
2016.04.11 10:07:44.770,1.08133,1.08137,2.29,1.00
2016.04.11 10:07:44.871,1.08134,1.08139,1.31,1.73
2016.04.11 10:07:45.428,1.08134,1.08135,1.05,1.50
2016.04.11 10:07:45.479,1.0813,1.08131,1.00,8.81
2016.04.11 10:07:45.631,1.08126,1.08131,1.12,6.11
2016.04.11 10:07:45.682,1.08125,1.08129,1.12,1.31
2016.04.11 10:07:45.987,1.08122,1.08126,1.20,2.74
2016.04.11 10:07:46.038,1.08121,1.08126,1.12,3.11
2016.04.11 10:07:46.241,1.08119,1.08124,2.81,1.12
2016.04.11 10:07:47.094,1.08119,1.08124,1.12,2.44
2016.04.11 10:07:51.508,1.08119,1.08125,2.44,1.37
2016.04.11 10:07:54.011,1.08119,1.08126,2.81,1.69
2016.04.11 10:07:54.769,1.08119,1.08126,2.44,4.54
2016.04.11 10:07:55.049,1.0812,1.08126,1.37,1.39
2016.04.11 10:07:55.556,1.08122,1.08128,1.76,1.67
2016.04.11 10:07:56.063,1.08122,1.08129,5.44,2.97
2016.04.11 10:07:56.215,1.08124,1.08131,1.69,3.72
2016.04.11 10:07:56.721,1.08124,1.08131,2.06,3.34
2016.04.11 10:07:58.581,1.08124,1.08131,2.44,3.34
2016.04.11 10:07:59.352,1.08124,1.08131,2.44,4.09
2016.04.11 10:07:59.870,1.08124,1.08131,2.44,3.34
2016.04.11 10:08:01.176,1.08124,1.08131,2.06,2.44
2016.04.11 10:08:02.051,1.08126,1.08131,2.36,1.12
2016.04.11 10:08:02.152,1.08129,1.08133,1.84,1.00
2016.04.11 10:08:02.254,1.08129,1.08136,3.26,2.63
2016.04.11 10:08:02.406,1.08131,1.08137,1.37,3.98
2016.04.11 10:08:02.920,1.08132,1.08137,1.39,1.70
2016.04.11 10:08:03.629,1.08131,1.08138,1.87,6.98
2016.04.11 10:08:05.771,1.0813,1.08136,1.39,4.35
2016.04.11 10:08:06.077,1.08128,1.08131,1.50,1.69
2016.04.11 10:08:06.128,1.08125,1.08131,2.44,2.51
2016.04.11 10:08:06.552,1.08122,1.08126,1.87,1.19
2016.04.11 10:08:06.708,1.08122,1.08127,1.10,2.81
2016.04.11 10:08:07.251,1.0812,1.08126,2.25,2.81
2016.04.11 10:08:07.757,1.0812,1.08125,1.10,1.12
2016.04.11 10:08:08.859,1.08119,1.08125,4.50,2.81
2016.04.11 10:08:09.365,1.08119,1.08124,1.12,1.62
2016.04.11 10:08:10.127,1.0812,1.08124,1.00,1.62
2016.04.11 10:08:11.079,1.08121,1.08125,1.69,1.50
2016.04.11 10:08:11.181,1.08123,1.08126,1.20,1.10
2016.04.11 10:08:11.283,1.08123,1.08129,2.32,2.44
2016.04.11 10:08:11.789,1.08125,1.08131,1.20,3.22
2016.04.11 10:08:12.411,1.08125,1.0813,1.00,2.06
2016.04.11 10:08:12.917,1.08123,1.0813,1.95,2.85
2016.04.11 10:08:13.429,1.08123,1.08128,1.10,1.39
2016.04.11 10:08:16.009,1.08123,1.08128,1.10,1.39
2016.04.11 10:08:16.211,1.08125,1.0813,1.50,2.44
2016.04.11 10:08:16.465,1.08125,1.0813,1.57,1.01
2016.04.11 10:08:16.819,1.08125,1.0813,1.00,2.81
2016.04.11 10:08:17.427,1.08123,1.08128,1.10,1.01
2016.04.11 10:08:17.950,1.08124,1.08128,1.00,1.01
2016.04.11 10:08:18.761,1.08124,1.08128,1.00,1.31
2016.04.11 10:08:19.065,1.0812,1.08126,2.62,2.37
2016.04.11 10:08:19.116,1.0812,1.08125,2.25,1.19
2016.04.11 10:08:19.623,1.0812,1.08125,1.00,3.87
2016.04.11 10:08:21.088,1.0812,1.08125,1.00,3.12
2016.04.11 10:08:31.942,1.08119,1.08125,4.46,4.54
2016.04.11 10:08:32.196,1.08117,1.08122,1.09,1.10
2016.04.11 10:08:32.722,1.08117,1.08122,1.09,1.47
2016.04.11 10:08:33.227,1.08117,1.08122,1.10,1.20
2016.04.11 10:08:34.021,1.08117,1.08122,1.10,10.01
2016.04.11 10:08:34.527,1.08116,1.08121,1.09,1.39
2016.04.11 10:08:35.034,1.08116,1.08122,1.76,2.89
2016.04.11 10:08:41.651,1.08116,1.08122,4.76,2.17
2016.04.11 10:08:42.930,1.08118,1.08122,1.00,1.01
2016.04.11 10:08:44.086,1.08118,1.08124,2.25,2.44
2016.04.11 10:08:44.607,1.08118,1.08124,3.30,2.14
2016.04.11 10:08:47.665,1.08118,1.08123,3.30,1.00
2016.04.11 10:08:51.287,1.08118,1.08124,2.25,2.14
2016.04.11 10:08:51.955,1.0812,1.08124,2.47,1.39
2016.04.11 10:08:52.107,1.08122,1.08127,1.05,2.89
2016.04.11 10:08:52.159,1.08124,1.08127,1.00,2.14
2016.04.11 10:08:55.035,1.08123,1.08128,1.20,1.29
2016.04.11 10:08:58.044,1.08122,1.08127,1.57,3.26
2016.04.11 10:08:59.550,1.08122,1.08127,1.57,4.01
2016.04.11 10:09:01.904,1.08122,1.08126,2.92,1.00
2016.04.11 10:09:03.266,1.08123,1.08127,1.20,3.94
2016.04.11 10:09:03.914,1.08123,1.08128,2.59,1.10
2016.04.11 10:09:04.218,1.08125,1.08128,1.20,1.00
2016.04.11 10:09:04.572,1.08127,1.08128,1.00,1.00
2016.04.11 10:09:04.623,1.08127,1.0813,1.00,1.01
2016.04.11 10:09:05.171,1.08127,1.0813,1.12,1.00
2016.04.11 10:09:05.980,1.08127,1.08131,1.12,3.56
2016.04.11 10:09:09.776,1.08127,1.08133,2.25,3.26
2016.04.11 10:09:11.185,1.08127,1.08132,2.25,1.00
2016.04.11 10:09:14.985,1.08127,1.08133,2.25,3.26
2016.04.11 10:09:16.838,1.0813,1.08133,1.00,3.26
2016.04.11 10:09:17.143,1.08136,1.08139,1.12,1.00
2016.04.11 10:09:17.448,1.08134,1.08136,1.00,1.00
2016.04.11 10:09:17.954,1.08133,1.08136,1.00,1.00
2016.04.11 10:09:19.566,1.08133,1.08137,1.00,1.10
2016.04.11 10:09:20.826,1.08134,1.08138,1.00,2.25
2016.04.11 10:09:21.130,1.08136,1.08139,1.57,1.00
2016.04.11 10:09:21.661,1.08135,1.08138,1.12,1.10
2016.04.11 10:09:22.169,1.08135,1.08137,1.20,1.00
2016.04.11 10:09:22.674,1.08134,1.08137,1.00,1.10
2016.04.11 10:09:25.632,1.08134,1.08138,1.00,1.01
2016.04.11 10:09:26.357,1.08134,1.08139,1.20,1.01
2016.04.11 10:09:30.494,1.08135,1.08139,1.00,1.01
2016.04.11 10:09:33.069,1.08134,1.08138,1.20,1.00
2016.04.11 10:09:34.400,1.08134,1.08139,1.20,2.14
2016.04.11 10:09:36.189,1.08134,1.08138,1.20,1.00
2016.04.11 10:09:37.456,1.08133,1.08138,1.87,1.91
2016.04.11 10:09:37.965,1.08133,1.08137,1.00,1.10
2016.04.11 10:09:38.502,1.08133,1.08136,1.00,1.00
2016.04.11 10:09:39.406,1.08133,1.08137,1.00,1.10
2016.04.11 10:09:42.426,1.08132,1.08137,1.50,1.37
2016.04.11 10:09:42.946,1.08132,1.08136,1.20,1.12
2016.04.11 10:09:47.862,1.08132,1.08137,1.20,2.70
2016.04.11 10:09:48.377,1.08132,1.08137,2.25,1.87
2016.04.11 10:09:48.891,1.08132,1.08136,2.25,1.00
2016.04.11 10:09:49.898,1.08132,1.08137,2.25,1.00
2016.04.11 10:09:50.693,1.08133,1.08138,1.10,2.89
2016.04.11 10:09:50.997,1.08135,1.08139,1.20,1.31
2016.04.11 10:09:52.857,1.08135,1.0814,2.70,1.95
2016.04.11 10:09:53.199,1.08136,1.0814,1.50,1.12
2016.04.11 10:09:53.857,1.08136,1.0814,1.50,1.37
2016.04.11 10:09:54.363,1.08136,1.0814,1.10,1.87
2016.04.11 10:10:01.278,1.08135,1.08141,7.54,1.47
2016.04.11 10:10:01.790,1.08135,1.08141,7.16,1.47
2016.04.11 10:10:02.992,1.08136,1.08141,1.10,1.47
2016.04.11 10:10:04.894,1.08136,1.08142,1.20,1.69
2016.04.11 10:10:06.758,1.08137,1.08142,1.00,1.69
2016.04.11 10:10:06.910,1.08138,1.08143,2.85,2.06
2016.04.11 10:10:06.961,1.08141,1.08143,1.35,2.06
2016.04.11 10:10:07.063,1.08141,1.08146,2.74,1.50
2016.04.11 10:10:07.115,1.08141,1.08146,3.19,1.10
2016.04.11 10:10:07.167,1.08143,1.08147,1.50,1.50
2016.04.11 10:10:07.218,1.08143,1.08148,1.87,1.01
2016.04.11 10:10:07.726,1.08144,1.08149,1.00,2.51
2016.04.11 10:10:13.528,1.08144,1.08147,1.95,1.00
2016.04.11 10:10:14.626,1.08144,1.08146,1.12,3.00
2016.04.11 10:10:15.375,1.08143,1.08146,1.10,3.75
2016.04.11 10:10:15.427,1.08142,1.08144,1.12,4.50
2016.04.11 10:10:15.783,1.08139,1.08143,1.12,3.26
2016.04.11 10:10:16.425,1.0814,1.08143,1.00,3.07
2016.04.11 10:10:17.473,1.08141,1.08145,1.00,2.70
2016.04.11 10:10:17.983,1.08142,1.08145,1.00,1.65
2016.04.11 10:10:19.175,1.08142,1.08145,1.10,1.58
2016.04.11 10:10:20.190,1.08141,1.08143,1.12,1.00
2016.04.11 10:10:20.311,1.08139,1.08142,1.87,4.24
2016.04.11 10:10:20.565,1.08138,1.08141,1.10,3.45
2016.04.11 10:10:20.970,1.08137,1.08143,2.62,3.15
2016.04.11 10:10:21.481,1.08139,1.08143,1.00,3.15
2016.04.11 10:10:22.141,1.0814,1.08143,1.00,1.01
2016.04.11 10:10:23.758,1.0814,1.08145,1.80,1.65
2016.04.11 10:10:23.809,1.08142,1.08145,1.12,1.65
2016.04.11 10:10:24.522,1.08142,1.08147,1.20,3.64
2016.04.11 10:10:25.567,1.08142,1.08146,1.20,1.46
2016.04.11 10:10:32.464,1.08142,1.08145,1.10,3.45
2016.04.11 10:10:33.678,1.08142,1.08146,1.10,3.53
2016.04.11 10:10:35.295,1.08142,1.08145,1.10,1.95
2016.04.11 10:10:37.590,1.08142,1.08146,1.00,3.45
2016.04.11 10:10:38.668,1.08142,1.08145,1.10,1.76
2016.04.11 10:10:39.471,1.0814,1.08142,1.00,1.76
2016.04.11 10:10:39.573,1.08139,1.08142,2.25,1.76
2016.04.11 10:10:40.091,1.08139,1.08142,1.20,1.76
2016.04.11 10:10:40.699,1.08139,1.08142,1.50,1.76
2016.04.11 10:10:42.550,1.08139,1.08142,1.20,1.84
2016.04.11 10:10:43.057,1.08139,1.08143,1.20,2.51
2016.04.11 10:10:45.867,1.08138,1.08142,2.25,1.84
2016.04.11 10:10:47.313,1.08136,1.08139,1.87,1.20
2016.04.11 10:10:47.516,1.08133,1.08138,1.39,1.80
2016.04.11 10:10:50.400,1.08132,1.08138,3.00,4.01
2016.04.11 10:10:51.379,1.08132,1.08137,1.95,4.39
2016.04.11 10:10:55.034,1.08131,1.08136,1.12,1.20
2016.04.11 10:10:55.338,1.08129,1.08133,1.20,1.69
2016.04.11 10:10:55.844,1.08129,1.08135,1.20,8.18
2016.04.11 10:10:56.439,1.08127,1.08133,1.50,1.75
2016.04.11 10:10:56.945,1.08127,1.08133,1.87,1.50
2016.04.11 10:10:57.648,1.08128,1.08133,1.10,1.75
2016.04.11 10:11:00.173,1.08127,1.08133,2.62,1.33
2016.04.11 10:11:02.017,1.08127,1.08132,1.12,1.50
2016.04.11 10:11:15.389,1.08127,1.08132,1.50,1.00
2016.04.11 10:11:16.149,1.08128,1.08134,1.50,6.83
2016.04.11 10:11:26.352,1.08129,1.08133,1.00,2.62
2016.04.11 10:11:27.010,1.08128,1.08133,1.10,2.62
2016.04.11 10:11:35.035,1.08128,1.08133,1.12,1.57
2016.04.11 10:11:39.457,1.08129,1.08134,1.12,1.76
2016.04.11 10:11:39.963,1.0813,1.08136,5.47,1.10
2016.04.11 10:11:41.398,1.08131,1.08136,1.10,3.94
2016.04.11 10:11:41.904,1.08128,1.08134,3.94,1.95
2016.04.11 10:11:42.413,1.08129,1.08134,1.50,1.50
2016.04.11 10:11:42.963,1.08129,1.08135,3.56,1.10
2016.04.11 10:11:44.262,1.0813,1.08136,6.15,1.10
2016.04.11 10:11:44.566,1.08132,1.08136,1.10,1.69
2016.04.11 10:11:45.094,1.0813,1.08136,3.19,1.50
2016.04.11 10:11:45.146,1.0813,1.08136,2.51,1.75
2016.04.11 10:11:45.501,1.08129,1.08131,1.20,1.19
2016.04.11 10:11:45.704,1.08127,1.08133,1.87,3.04
2016.04.11 10:11:46.253,1.08126,1.08133,5.25,7.42
2016.04.11 10:11:46.759,1.08126,1.08133,6.00,6.67
2016.04.11 10:11:47.264,1.08126,1.08132,3.75,2.44
2016.04.11 10:11:48.469,1.08126,1.08132,4.50,3.19
2016.04.11 10:11:48.977,1.08126,1.08132,3.94,1.50
2016.04.11 10:11:50.102,1.08126,1.08132,7.87,5.17
2016.04.11 10:11:52.757,1.08126,1.08132,4.54,1.91
2016.04.11 10:12:00.660,1.08127,1.08133,1.50,5.25
2016.04.11 10:12:03.087,1.08128,1.08133,1.20,2.10
2016.04.11 10:12:03.847,1.08129,1.08135,1.20,4.12
2016.04.11 10:12:04.353,1.0813,1.08135,1.69,2.70
2016.04.11 10:12:09.586,1.08129,1.08135,5.14,1.47
2016.04.11 10:12:10.248,1.08129,1.08135,5.14,1.95
2016.04.11 10:12:11.674,1.08129,1.08135,2.44,6.37
2016.04.11 10:12:12.181,1.08129,1.08135,1.22,4.50
2016.04.11 10:12:13.485,1.08128,1.08134,2.89,1.20
2016.04.11 10:12:15.052,1.08129,1.08134,3.04,1.12
2016.04.11 10:12:15.407,1.08131,1.08137,1.31,8.70
2016.04.11 10:12:30.145,1.08131,1.08136,2.21,1.22
2016.04.11 10:12:32.883,1.08131,1.08136,3.00,1.01
2016.04.11 10:12:34.676,1.08132,1.08136,3.60,1.25
2016.04.11 10:12:34.822,1.08133,1.08138,1.75,3.26
2016.04.11 10:12:35.886,1.08133,1.08138,4.50,1.10
2016.04.11 10:12:36.392,1.08134,1.0814,1.87,2.74
2016.04.11 10:12:38.182,1.08135,1.08141,2.81,1.95
2016.04.11 10:12:39.387,1.08137,1.08143,2.62,2.44
2016.04.11 10:12:39.895,1.08138,1.08145,3.56,3.79
2016.04.11 10:12:40.400,1.08139,1.08145,2.62,2.29
2016.04.11 10:12:41.799,1.0814,1.08145,1.12,1.25
2016.04.11 10:12:42.696,1.08141,1.08146,1.22,1.95
2016.04.11 10:12:43.000,1.08144,1.08148,1.12,1.16
2016.04.11 10:12:43.542,1.08144,1.08149,1.12,2.14
2016.04.11 10:12:44.048,1.08144,1.08147,1.12,1.00
2016.04.11 10:12:45.135,1.08144,1.08149,1.12,2.89
2016.04.11 10:12:45.490,1.08147,1.08149,1.37,2.14
2016.04.11 10:12:45.541,1.0815,1.08152,1.25,1.00
2016.04.11 10:12:45.592,1.08151,1.08154,1.37,2.62
2016.04.11 10:12:45.694,1.08153,1.08155,1.50,4.50
2016.04.11 10:12:45.795,1.08152,1.08157,1.10,3.19
2016.04.11 10:12:45.846,1.08152,1.08155,1.10,1.02
2016.04.11 10:12:45.897,1.08151,1.08154,1.00,1.29
2016.04.11 10:12:46.440,1.08149,1.08155,3.19,1.87
2016.04.11 10:12:48.605,1.0815,1.08155,1.12,1.10
2016.04.11 10:12:48.910,1.08157,1.0816,1.00,1.50
2016.04.11 10:12:49.113,1.08157,1.08162,1.87,2.92
2016.04.11 10:12:49.164,1.08157,1.08162,1.87,1.47
2016.04.11 10:12:49.266,1.08157,1.08163,1.87,4.91
2016.04.11 10:12:49.317,1.08157,1.08161,1.87,1.19
2016.04.11 10:12:49.520,1.08157,1.08162,2.06,1.20
2016.04.11 10:12:50.199,1.08158,1.08163,1.12,3.34
2016.04.11 10:12:50.708,1.08159,1.08164,1.20,2.44
2016.04.11 10:12:51.264,1.08159,1.08163,1.20,1.39
2016.04.11 10:12:51.907,1.08159,1.08163,1.12,1.19
2016.04.11 10:12:51.958,1.08159,1.08165,1.12,4.50
2016.04.11 10:12:52.262,1.0816,1.08166,1.12,1.39
2016.04.11 10:12:52.566,1.08164,1.08166,1.20,1.25
2016.04.11 10:12:52.718,1.08166,1.0817,1.10,2.14
2016.04.11 10:12:53.224,1.08166,1.0817,1.87,1.19
2016.04.11 10:12:53.275,1.08166,1.08171,3.19,1.20
2016.04.11 10:12:53.478,1.08165,1.08169,1.50,1.10
2016.04.11 10:12:54.137,1.08164,1.08168,1.87,1.19
2016.04.11 10:12:54.239,1.08164,1.08168,1.20,1.39
2016.04.11 10:12:54.745,1.08163,1.08168,1.76,4.69
2016.04.11 10:12:55.302,1.08163,1.08167,1.10,2.32
2016.04.11 10:12:56.738,1.08162,1.08167,3.82,2.85
2016.04.11 10:13:02.336,1.0816,1.08166,6.64,2.66
2016.04.11 10:13:02.489,1.0816,1.08164,1.20,1.50
2016.04.11 10:13:04.208,1.08159,1.08164,1.95,1.50
2016.04.11 10:13:04.738,1.08159,1.08163,1.31,1.20
2016.04.11 10:13:10.739,1.08159,1.08165,2.06,3.45
2016.04.11 10:13:12.820,1.08161,1.08166,1.31,1.10
2016.04.11 10:13:13.326,1.08161,1.08167,5.14,1.01
2016.04.11 10:13:15.228,1.08163,1.08168,1.87,1.76
2016.04.11 10:13:15.735,1.08163,1.08169,3.56,1.12
2016.04.11 10:13:17.634,1.08163,1.08168,1.31,2.17
2016.04.11 10:13:17.786,1.08161,1.08167,2.44,4.91
2016.04.11 10:13:18.292,1.0816,1.08165,3.83,1.20
2016.04.11 10:13:19.051,1.0816,1.08166,3.56,2.44
2016.04.11 10:13:19.666,1.0816,1.08166,3.56,2.44
2016.04.11 10:13:20.678,1.0816,1.08166,2.81,2.25
2016.04.11 10:13:21.204,1.0816,1.08165,2.81,1.29
2016.04.11 10:13:24.355,1.08161,1.08165,1.12,1.19
2016.04.11 10:13:24.406,1.08162,1.08166,1.10,1.20
2016.04.11 10:13:24.911,1.08162,1.08167,2.14,1.35
2016.04.11 10:13:25.420,1.08161,1.08167,2.81,3.56
2016.04.11 10:13:28.778,1.08162,1.08168,2.14,2.14
2016.04.11 10:13:30.194,1.08162,1.08168,2.81,1.76
2016.04.11 10:13:32.174,1.08162,1.08168,3.64,1.12
2016.04.11 10:13:32.528,1.0816,1.08166,6.79,1.50
2016.04.11 10:13:34.648,1.0816,1.08164,2.25,1.00
2016.04.11 10:13:34.750,1.08159,1.08162,4.69,1.00
2016.04.11 10:13:35.257,1.08158,1.08162,5.81,1.50
2016.04.11 10:13:37.528,1.08158,1.08162,2.06,1.87
2016.04.11 10:13:38.034,1.08157,1.0816,1.69,1.00
2016.04.11 10:13:38.542,1.08157,1.0816,1.01,1.57
2016.04.11 10:13:38.855,1.08154,1.08157,1.12,3.49
2016.04.11 10:13:39.008,1.08152,1.08156,1.10,1.95
2016.04.11 10:13:39.514,1.08152,1.08156,1.00,1.12
2016.04.11 10:13:40.190,1.08153,1.08157,5.25,1.50
2016.04.11 10:13:40.495,1.08161,1.08163,1.00,1.20
2016.04.11 10:13:40.779,1.08159,1.08164,1.20,1.69
2016.04.11 10:13:42.198,1.08159,1.08165,2.62,2.89
2016.04.11 10:13:43.719,1.0816,1.08165,1.57,2.81
2016.04.11 10:13:44.412,1.08159,1.08164,1.57,2.06
2016.04.11 10:13:45.172,1.08158,1.0816,2.62,1.19
2016.04.11 10:13:45.628,1.08159,1.08162,1.10,1.29
2016.04.11 10:13:45.729,1.08158,1.0816,1.12,1.19
2016.04.11 10:13:45.831,1.08158,1.08163,1.12,1.31
2016.04.11 10:13:46.287,1.08158,1.08161,1.12,1.19
2016.04.11 10:13:47.248,1.08157,1.08162,5.25,2.14
2016.04.11 10:13:48.260,1.08158,1.08162,2.62,1.01
2016.04.11 10:13:49.334,1.08161,1.08163,2.85,1.31
2016.04.11 10:13:49.685,1.08162,1.08164,1.50,1.19
2016.04.11 10:13:49.888,1.0816,1.08162,1.87,1.19
2016.04.11 10:13:50.394,1.08159,1.08162,1.00,1.29
2016.04.11 10:13:50.900,1.08158,1.08163,1.10,3.19
2016.04.11 10:13:53.168,1.08158,1.08163,1.50,4.92
2016.04.11 10:13:53.695,1.08159,1.08163,1.50,1.19
2016.04.11 10:13:54.049,1.08159,1.08163,4.72,1.25
2016.04.11 10:13:54.100,1.0816,1.08164,1.87,2.78
2016.04.11 10:13:54.606,1.0816,1.08165,3.00,3.04
2016.04.11 10:13:55.716,1.0816,1.08164,3.37,2.78
2016.04.11 10:13:56.465,1.08163,1.08166,2.47,4.84
2016.04.11 10:13:56.517,1.08166,1.08168,1.12,5.40
2016.04.11 10:13:56.770,1.08172,1.08176,2.10,2.29
2016.04.11 10:13:57.276,1.08175,1.08178,1.87,2.29
2016.04.11 10:13:57.478,1.08176,1.0818,1.12,3.12
2016.04.11 10:13:58.004,1.08176,1.0818,1.12,3.31
2016.04.11 10:13:58.359,1.08177,1.0818,1.87,1.81
2016.04.11 10:13:58.909,1.08177,1.0818,1.87,1.81
2016.04.11 10:13:59.458,1.08177,1.08181,1.87,2.00
2016.04.11 10:14:01.589,1.08177,1.0818,1.87,1.81
2016.04.11 10:14:02.642,1.08177,1.0818,1.87,1.81
2016.04.11 10:14:02.946,1.08177,1.08179,1.12,1.19
2016.04.11 10:14:04.101,1.08177,1.08179,1.12,1.25
2016.04.11 10:14:05.690,1.08177,1.08181,1.87,1.81
2016.04.11 10:14:07.265,1.08177,1.08182,1.12,2.34
2016.04.11 10:14:08.473,1.08177,1.08181,1.12,1.32
2016.04.11 10:14:09.585,1.08177,1.08182,1.50,3.04
2016.04.11 10:14:12.420,1.08176,1.08182,2.62,1.22
2016.04.11 10:14:15.081,1.08175,1.0818,2.62,1.31
2016.04.11 10:14:15.386,1.08179,1.08182,1.35,2.06
2016.04.11 10:14:15.437,1.08182,1.08184,2.25,1.50
2016.04.11 10:14:15.538,1.08183,1.08187,1.50,3.60
2016.04.11 10:14:15.697,1.08184,1.08188,3.82,3.53
2016.04.11 10:14:15.755,1.08185,1.08189,1.47,2.85
2016.04.11 10:14:16.261,1.08184,1.08189,1.87,3.72
2016.04.11 10:14:16.312,1.08185,1.08187,1.00,1.19
2016.04.11 10:14:16.414,1.08182,1.08185,3.00,1.19
2016.04.11 10:14:17.402,1.08182,1.08188,2.62,3.72
2016.04.11 10:14:18.255,1.08183,1.08188,1.47,3.72
2016.04.11 10:14:18.761,1.08183,1.08188,2.25,2.56
2016.04.11 10:14:21.126,1.08183,1.08188,1.47,3.61
2016.04.11 10:14:21.632,1.08182,1.08188,2.62,3.23
2016.04.11 10:14:22.287,1.08184,1.08188,1.00,1.22
2016.04.11 10:14:22.338,1.08187,1.08189,1.20,1.00
2016.04.11 10:14:22.490,1.08189,1.08193,1.20,1.22
2016.04.11 10:14:22.996,1.08187,1.08192,1.12,3.31
2016.04.11 10:14:24.619,1.08186,1.08192,6.26,2.14
2016.04.11 10:14:24.670,1.08186,1.08191,5.89,1.39
2016.04.11 10:14:27.859,1.08186,1.08191,1.95,2.06
2016.04.11 10:14:28.266,1.08188,1.08191,1.12,1.25
2016.04.11 10:14:28.367,1.08189,1.08193,3.42,1.01
2016.04.11 10:14:33.881,1.08189,1.08194,1.87,1.29
2016.04.11 10:14:36.674,1.0819,1.08196,3.75,3.04
2016.04.11 10:14:46.848,1.08187,1.08193,10.21,1.75
2016.04.11 10:14:46.899,1.08187,1.08188,1.00,1.01
2016.04.11 10:14:47.001,1.08182,1.08185,1.67,1.01
2016.04.11 10:14:47.154,1.08179,1.08182,1.50,1.19
2016.04.11 10:14:47.306,1.08178,1.08182,1.00,2.44
2016.04.11 10:14:47.408,1.08176,1.08182,1.29,3.19
2016.04.11 10:14:48.194,1.08175,1.08181,2.71,1.31
2016.04.11 10:14:51.934,1.08175,1.0818,1.87,1.29
2016.04.11 10:14:52.440,1.08175,1.0818,1.12,1.31
2016.04.11 10:14:54.683,1.08174,1.08177,3.01,1.29
2016.04.11 10:14:54.835,1.08171,1.08176,3.68,1.01
2016.04.11 10:14:54.887,1.08171,1.08176,2.26,1.69
2016.04.11 10:14:55.393,1.0817,1.08174,2.29,2.81
2016.04.11 10:14:55.832,1.08167,1.08172,3.04,1.10
2016.04.11 10:14:57.197,1.08168,1.08172,2.29,1.12
2016.04.11 10:14:57.804,1.08167,1.08171,2.37,1.29
2016.04.11 10:15:01.155,1.08167,1.08171,1.87,1.19
2016.04.11 10:15:01.256,1.08167,1.08171,1.20,1.29
2016.04.11 10:15:01.695,1.08166,1.08171,1.12,1.94
2016.04.11 10:15:02.202,1.08164,1.0817,5.10,2.44
2016.04.11 10:15:03.471,1.08166,1.0817,1.00,1.69
2016.04.11 10:15:03.573,1.08167,1.08171,1.12,1.31
2016.04.11 10:15:04.103,1.08168,1.08174,1.12,3.19
2016.04.11 10:15:04.261,1.08169,1.08175,1.39,4.69
2016.04.11 10:15:04.771,1.08172,1.08177,1.31,4.69
2016.04.11 10:15:06.317,1.08172,1.08177,3.94,1.01
2016.04.11 10:15:06.570,1.08174,1.08177,2.25,1.25
2016.04.11 10:15:07.079,1.08175,1.08178,1.10,1.10
2016.04.11 10:15:08.647,1.08175,1.08177,1.10,1.00
2016.04.11 10:15:09.949,1.08175,1.08178,1.10,1.10
2016.04.11 10:15:11.027,1.08175,1.08177,1.10,1.00
2016.04.11 10:15:13.464,1.08174,1.08178,1.12,1.01
2016.04.11 10:15:14.958,1.08174,1.08177,1.12,1.00
2016.04.11 10:15:18.051,1.08174,1.08178,1.50,1.01
2016.04.11 10:15:20.100,1.08173,1.08179,1.57,3.37
2016.04.11 10:15:22.839,1.08173,1.08178,1.20,2.44
2016.04.11 10:15:25.448,1.08174,1.08178,1.00,1.50
2016.04.11 10:15:27.846,1.08173,1.08178,1.10,2.25
2016.04.11 10:15:28.780,1.08173,1.08176,1.00,1.12
2016.04.11 10:15:28.831,1.0817,1.08175,4.16,1.27
2016.04.11 10:15:28.882,1.0817,1.08174,3.41,1.12
2016.04.11 10:15:29.196,1.08169,1.08171,2.10,2.62
2016.04.11 10:15:29.551,1.08165,1.0817,8.14,1.10
2016.04.11 10:15:35.370,1.08167,1.0817,1.00,1.20
2016.04.11 10:15:36.556,1.08166,1.08171,1.10,3.75
2016.04.11 10:15:36.810,1.08165,1.08168,3.00,1.12
2016.04.11 10:15:36.981,1.08159,1.08163,1.95,2.29
2016.04.11 10:15:37.488,1.08157,1.08163,5.51,3.19
2016.04.11 10:15:38.927,1.08156,1.08163,3.53,3.97
2016.04.11 10:15:48.850,1.08157,1.08163,1.39,1.87
2016.04.11 10:15:49.708,1.08158,1.08163,1.20,1.10
2016.04.11 10:15:50.216,1.08159,1.08165,2.25,6.19
2016.04.11 10:15:51.233,1.08159,1.08165,2.25,2.89
2016.04.11 10:15:51.436,1.08161,1.08165,5.17,2.51
2016.04.11 10:15:51.487,1.08164,1.08166,1.20,1.00
2016.04.11 10:15:51.590,1.08165,1.08169,1.12,1.10
2016.04.11 10:15:55.417,1.08166,1.08172,4.05,1.10
2016.04.11 10:15:55.768,1.0817,1.08176,3.53,1.69
2016.04.11 10:15:56.275,1.08171,1.08177,1.12,1.58
2016.04.11 10:15:56.985,1.0817,1.08176,3.19,1.20
2016.04.11 10:15:58.405,1.08171,1.08177,1.12,6.45
2016.04.11 10:16:02.049,1.08172,1.08178,1.87,2.33
2016.04.11 10:16:02.247,1.08174,1.08178,1.29,1.09
2016.04.11 10:16:02.551,1.08174,1.0818,4.50,4.09
2016.04.11 10:16:03.057,1.08174,1.0818,4.69,1.09
2016.04.11 10:16:07.531,1.08176,1.08181,1.95,3.26
2016.04.11 10:16:07.784,1.08176,1.08182,1.95,1.10
2016.04.11 10:16:08.307,1.08176,1.08182,1.95,2.12
2016.04.11 10:16:08.611,1.08178,1.08184,1.12,4.29
2016.04.11 10:16:09.167,1.08178,1.08184,1.12,3.54
2016.04.11 10:16:10.326,1.08179,1.08184,2.06,3.45
2016.04.11 10:16:10.631,1.08184,1.0819,1.31,1.85
2016.04.11 10:16:11.688,1.08184,1.0819,1.31,2.45
2016.04.11 10:16:13.961,1.08184,1.08189,1.31,1.03
2016.04.11 10:16:14.165,1.08181,1.08186,1.50,1.03
2016.04.11 10:16:14.672,1.08183,1.08188,1.69,1.35
2016.04.11 10:16:14.977,1.08185,1.08191,2.29,1.18
2016.04.11 10:16:15.028,1.08188,1.08191,1.31,1.10
2016.04.11 10:16:15.079,1.08188,1.08193,1.31,3.05
2016.04.11 10:16:15.130,1.08189,1.08193,1.69,2.23
2016.04.11 10:16:15.384,1.08191,1.08197,1.69,1.93
2016.04.11 10:16:16.349,1.08191,1.08197,3.04,1.35
2016.04.11 10:16:16.551,1.08193,1.08197,1.31,1.10
2016.04.11 10:16:17.057,1.08193,1.08199,2.06,3.05
2016.04.11 10:16:19.152,1.08193,1.08199,2.06,8.55
2016.04.11 10:16:19.660,1.08193,1.08198,1.22,1.18
2016.04.11 10:16:20.966,1.08192,1.08197,1.39,1.18
2016.04.11 10:16:22.074,1.08192,1.08197,1.39,1.45
2016.04.11 10:16:22.962,1.08192,1.08198,1.39,2.08
2016.04.11 10:16:23.105,1.08189,1.08195,3.19,2.90
2016.04.11 10:16:23.614,1.08189,1.08195,2.06,1.10
2016.04.11 10:16:23.969,1.08189,1.08195,2.06,4.12
2016.04.11 10:16:24.121,1.08187,1.08192,3.94,3.24
2016.04.11 10:16:24.352,1.08188,1.08194,2.44,1.70
2016.04.11 10:16:25.621,1.08188,1.08192,1.31,1.00
2016.04.11 10:16:25.673,1.08186,1.0819,1.75,1.12
2016.04.11 10:16:26.027,1.08186,1.0819,1.87,1.12
2016.04.11 10:16:26.576,1.08185,1.08191,1.69,1.96
2016.04.11 10:16:28.062,1.08185,1.08188,2.06,1.12
2016.04.11 10:16:28.316,1.08183,1.08187,2.10,1.66
2016.04.11 10:16:28.828,1.08181,1.08187,2.44,1.59
2016.04.11 10:16:29.334,1.08181,1.08187,1.87,1.29
2016.04.11 10:16:34.415,1.08182,1.08188,1.50,2.41
2016.04.11 10:16:34.751,1.08184,1.0819,2.44,1.66
2016.04.11 10:16:46.942,1.08186,1.08191,2.44,4.95
2016.04.11 10:16:47.246,1.08204,1.08206,1.12,8.25
2016.04.11 10:16:47.348,1.08204,1.08209,10.31,1.10
2016.04.11 10:16:48.718,1.08205,1.08211,1.87,2.14
2016.04.11 10:16:51.536,1.08204,1.08211,3.30,4.69
2016.04.11 10:16:52.042,1.08204,1.0821,1.80,1.69
2016.04.11 10:16:53.405,1.08203,1.08209,3.49,1.31
2016.04.11 10:16:54.324,1.08203,1.08208,1.01,2.06
2016.04.11 10:16:54.678,1.08201,1.08206,2.85,1.01
2016.04.11 10:16:54.729,1.082,1.08206,3.37,2.44
2016.04.11 10:16:55.034,1.08197,1.082,1.00,1.31
2016.04.11 10:16:55.287,1.08194,1.082,3.90,1.69
2016.04.11 10:16:55.591,1.08193,1.08198,3.90,1.76
2016.04.11 10:16:55.895,1.08192,1.08195,1.00,1.10
2016.04.11 10:16:56.199,1.08194,1.08199,3.97,1.50
2016.04.11 10:16:56.402,1.08194,1.08199,4.35,1.10
2016.04.11 10:16:56.857,1.08193,1.08198,3.15,1.35
2016.04.11 10:16:57.164,1.08192,1.08198,4.09,1.75
2016.04.11 10:16:57.871,1.08192,1.08198,2.75,2.10
2016.04.11 10:16:58.579,1.08192,1.08198,3.50,2.10
2016.04.11 10:17:05.287,1.08192,1.08198,1.39,2.10
2016.04.11 10:17:08.167,1.08192,1.08198,3.68,1.12
2016.04.11 10:17:14.072,1.08192,1.08194,1.00,1.19
2016.04.11 10:17:14.124,1.0819,1.08194,3.01,1.29
2016.04.11 10:17:14.466,1.08189,1.08193,2.26,1.29
2016.04.11 10:17:16.221,1.08188,1.08191,2.26,1.50
2016.04.11 10:17:16.272,1.08187,1.08189,1.50,1.19
2016.04.11 10:17:16.324,1.08186,1.08189,1.12,1.31
2016.04.11 10:17:16.477,1.08183,1.08189,2.56,2.66
2016.04.11 10:17:16.529,1.08183,1.08188,2.18,1.31
2016.04.11 10:17:16.683,1.0818,1.08186,3.31,1.19
2016.04.11 10:17:16.735,1.0818,1.08184,1.81,2.62
2016.04.11 10:17:16.938,1.08176,1.08182,2.62,2.81
2016.04.11 10:17:17.192,1.08174,1.0818,2.63,1.12
2016.04.11 10:17:17.700,1.08174,1.08179,2.63,1.29
2016.04.11 10:17:18.159,1.08174,1.08179,1.81,2.81
2016.04.11 10:17:18.261,1.08172,1.08175,1.81,1.25
2016.04.11 10:17:18.772,1.08172,1.08177,1.81,1.12
2016.04.11 10:17:19.077,1.08171,1.08177,2.18,1.87
2016.04.11 10:17:20.118,1.08172,1.08175,2.78,1.31
2016.04.11 10:17:20.796,1.0817,1.08175,5.10,1.31
2016.04.11 10:17:21.000,1.08172,1.08175,2.78,1.31
2016.04.11 10:17:21.983,1.08171,1.08175,2.78,1.31
2016.04.11 10:17:25.406,1.08171,1.08175,3.26,1.31
2016.04.11 10:17:25.710,1.0817,1.08175,3.98,1.31
2016.04.11 10:17:26.454,1.08171,1.08177,1.37,2.81
2016.04.11 10:17:27.329,1.08171,1.08176,1.47,2.81
2016.04.11 10:17:27.640,1.08175,1.08178,1.37,1.00
2016.04.11 10:17:27.793,1.08175,1.0818,1.12,1.10
2016.04.11 10:17:28.106,1.08174,1.08179,1.87,1.76
2016.04.11 10:17:30.616,1.08173,1.08179,4.12,1.31
2016.04.11 10:17:33.003,1.08172,1.08178,1.87,2.44
2016.04.11 10:17:33.510,1.08171,1.08176,1.10,2.06
2016.04.11 10:17:35.335,1.08172,1.08175,1.00,1.01
2016.04.11 10:17:36.145,1.08172,1.08176,1.57,1.76
2016.04.11 10:17:36.671,1.08172,1.08176,2.25,1.19
2016.04.11 10:17:37.328,1.08172,1.08177,2.62,1.76
2016.04.11 10:17:41.652,1.08172,1.08178,7.76,1.31
2016.04.11 10:17:44.453,1.08172,1.08177,1.09,1.27
2016.04.11 10:17:44.962,1.08171,1.08177,2.59,2.06
2016.04.11 10:17:47.086,1.08172,1.08177,1.10,1.31
2016.04.11 10:17:47.553,1.0817,1.08176,6.75,2.62
2016.04.11 10:17:47.857,1.08168,1.08173,2.14,1.35
2016.04.11 10:17:48.313,1.08168,1.08174,5.14,2.44
2016.04.11 10:17:48.516,1.0817,1.08176,1.95,2.44
2016.04.11 10:17:51.815,1.0817,1.08177,1.95,5.86
2016.04.11 10:17:52.363,1.08172,1.08177,1.00,2.07
2016.04.11 10:17:54.051,1.08171,1.08177,2.06,1.70
2016.04.11 10:18:00.401,1.08171,1.08178,1.39,4.47
2016.04.11 10:18:00.907,1.08169,1.08176,4.20,3.12
2016.04.11 10:18:03.969,1.08172,1.08177,1.00,1.50
2016.04.11 10:18:04.020,1.08172,1.08177,1.12,1.10
2016.04.11 10:18:04.829,1.08172,1.08177,1.37,2.93
2016.04.11 10:18:04.990,1.08169,1.08175,1.39,2.44
2016.04.11 10:18:05.394,1.08168,1.08172,1.87,1.69
2016.04.11 10:18:05.698,1.08165,1.08171,2.21,4.46
2016.04.11 10:18:07.365,1.08164,1.08169,1.10,1.17
2016.04.11 10:18:07.570,1.08162,1.08168,1.50,4.47
2016.04.11 10:18:07.672,1.0816,1.08166,4.65,1.50
2016.04.11 10:18:08.177,1.0816,1.08166,4.28,1.50
2016.04.11 10:18:15.482,1.08159,1.08165,1.12,2.44
2016.04.11 10:18:16.593,1.08159,1.08165,1.87,2.44
2016.04.11 10:18:17.967,1.08163,1.08166,1.12,1.00
2016.04.11 10:18:18.019,1.08163,1.08168,3.00,1.10
2016.04.11 10:18:18.529,1.08162,1.08167,2.25,1.10
2016.04.11 10:18:20.224,1.08161,1.08168,3.26,2.81
2016.04.11 10:18:20.529,1.08162,1.08168,1.12,2.44
2016.04.11 10:18:24.759,1.08162,1.08168,1.12,1.76
2016.04.11 10:18:25.265,1.08162,1.08167,1.12,1.00
2016.04.11 10:18:25.953,1.08161,1.08165,1.87,1.69
2016.04.11 10:18:26.459,1.08159,1.08165,1.76,1.76
2016.04.11 10:18:27.071,1.0816,1.08165,1.12,1.01
2016.04.11 10:18:27.374,1.08161,1.08166,1.12,2.51
2016.04.11 10:18:28.582,1.08161,1.08166,2.05,1.25
2016.04.11 10:18:29.087,1.0816,1.08166,3.49,1.69
2016.04.11 10:18:31.257,1.08159,1.08162,4.39,2.44
2016.04.11 10:18:31.460,1.08157,1.08162,1.39,1.69
2016.04.11 10:18:33.208,1.08158,1.08163,1.72,1.76
2016.04.11 10:18:33.310,1.08159,1.08165,1.50,6.19
2016.04.11 10:18:33.664,1.0816,1.08165,1.75,4.76
2016.04.11 10:18:34.193,1.08159,1.08165,1.76,1.76
2016.04.11 10:18:35.762,1.08161,1.08165,3.00,1.01
2016.04.11 10:18:36.065,1.08162,1.08166,1.75,1.19
2016.04.11 10:18:42.015,1.08161,1.08166,2.62,1.25
2016.04.11 10:18:42.522,1.08161,1.08166,2.25,1.69
2016.04.11 10:18:43.028,1.08161,1.08166,2.25,1.76
2016.04.11 10:18:43.988,1.0816,1.08164,1.00,3.19
2016.04.11 10:18:44.191,1.08157,1.08162,1.20,1.50
2016.04.11 10:18:44.444,1.08155,1.08161,2.85,2.44
2016.04.11 10:18:44.950,1.08153,1.08158,1.12,1.01
2016.04.11 10:18:45.487,1.08155,1.0816,1.50,2.51
2016.04.11 10:18:50.419,1.08155,1.0816,2.25,1.29
2016.04.11 10:18:50.924,1.08156,1.0816,1.20,1.29
2016.04.11 10:18:51.712,1.08155,1.08159,1.10,1.69
2016.04.11 10:18:52.572,1.08153,1.08157,3.00,2.92
2016.04.11 10:18:52.876,1.08149,1.08153,2.25,1.69
2016.04.11 10:18:58.164,1.08147,1.08153,3.75,1.69
2016.04.11 10:19:01.162,1.08148,1.08153,3.60,2.06
2016.04.11 10:19:01.634,1.08151,1.08154,3.60,1.00
2016.04.11 10:19:01.685,1.08152,1.08157,2.85,6.83
2016.04.11 10:19:01.736,1.08152,1.08156,3.60,2.44
2016.04.11 10:19:01.787,1.08154,1.08156,2.10,2.44
2016.04.11 10:19:01.990,1.08155,1.0816,3.97,3.19
2016.04.11 10:19:02.534,1.08156,1.0816,2.62,1.69
2016.04.11 10:19:02.939,1.08156,1.0816,1.87,1.19
2016.04.11 10:19:04.459,1.08158,1.08162,1.12,1.25
2016.04.11 10:19:04.560,1.08157,1.08162,2.62,1.25
2016.04.11 10:19:04.662,1.08156,1.08162,3.00,2.70
2016.04.11 10:19:10.044,1.08156,1.08161,1.12,4.20
2016.04.11 10:19:10.601,1.08155,1.08162,5.29,2.70
2016.04.11 10:19:14.784,1.08156,1.08162,1.50,3.30
2016.04.11 10:19:16.015,1.08157,1.08163,1.50,3.79
2016.04.11 10:19:16.217,1.08158,1.08163,1.12,3.11
2016.04.11 10:19:17.021,1.08157,1.08163,3.22,1.01
2016.04.11 10:19:17.983,1.08157,1.08163,2.47,1.69
2016.04.11 10:19:27.032,1.08157,1.08163,2.62,1.22
2016.04.11 10:19:31.213,1.08159,1.08163,1.37,1.22
2016.04.11 10:19:31.719,1.08159,1.08164,1.47,2.81
2016.04.11 10:19:32.022,1.08162,1.08167,3.07,1.75
2016.04.11 10:19:32.073,1.08163,1.08167,1.12,1.10
2016.04.11 10:19:32.607,1.08163,1.08168,1.47,2.00
2016.04.11 10:19:34.068,1.08163,1.08168,1.47,2.00
2016.04.11 10:19:35.130,1.08163,1.08168,1.12,2.44
2016.04.11 10:19:35.637,1.08162,1.08168,1.87,2.44
2016.04.11 10:19:36.436,1.08164,1.08168,1.80,1.10
2016.04.11 10:19:37.145,1.08164,1.08169,1.12,5.51
2016.04.11 10:19:37.286,1.08163,1.08167,1.47,1.29
2016.04.11 10:19:37.792,1.08161,1.08166,2.25,1.22
2016.04.11 10:19:38.298,1.08161,1.08166,1.12,2.44
2016.04.11 10:19:38.804,1.0816,1.08166,2.62,2.44
2016.04.11 10:19:41.038,1.0816,1.08165,1.87,1.22
2016.04.11 10:19:42.071,1.08159,1.08164,1.50,1.50
2016.04.11 10:19:42.397,1.08156,1.0816,1.50,1.35
2016.04.11 10:19:44.947,1.08153,1.08158,5.40,1.69
2016.04.11 10:19:45.454,1.08155,1.08158,1.50,1.69
2016.04.11 10:19:46.365,1.08154,1.08158,1.87,1.01
2016.04.11 10:19:47.614,1.08155,1.08157,1.95,1.25
2016.04.11 10:19:50.374,1.08154,1.08157,2.25,1.25
2016.04.11 10:19:53.358,1.08154,1.08158,2.25,1.76
2016.04.11 10:19:54.390,1.08154,1.08157,2.25,1.25
2016.04.11 10:19:56.573,1.08152,1.08157,3.00,2.44
2016.04.11 10:19:56.624,1.08152,1.08154,2.25,1.69
2016.04.11 10:19:57.131,1.08152,1.08154,1.12,1.25
2016.04.11 10:19:57.637,1.0815,1.08154,1.12,1.25
2016.04.11 10:19:57.689,1.08149,1.08153,3.90,1.00
2016.04.11 10:19:57.740,1.0815,1.08152,1.00,1.19
2016.04.11 10:19:58.286,1.08148,1.08152,3.90,1.69
2016.04.11 10:19:58.792,1.08148,1.08152,5.03,1.76
2016.04.11 10:19:59.606,1.08148,1.08151,1.12,1.19
2016.04.11 10:20:00.111,1.08146,1.08151,6.15,1.29
2016.04.11 10:20:02.552,1.08147,1.08152,1.12,1.69
2016.04.11 10:20:03.559,1.08144,1.08147,12.15,2.50
2016.04.11 10:20:03.661,1.08143,1.08145,4.95,2.14
2016.04.11 10:20:03.712,1.08145,1.08146,1.00,3.19
2016.04.11 10:20:03.763,1.08145,1.08147,2.85,1.25
2016.04.11 10:20:03.865,1.08149,1.0815,1.00,1.69
2016.04.11 10:20:03.916,1.0815,1.08151,1.10,1.69
2016.04.11 10:20:04.017,1.0815,1.08153,3.30,1.19
2016.04.11 10:20:04.119,1.08151,1.08155,1.20,1.25
2016.04.11 10:20:04.170,1.08151,1.08156,2.59,5.44
2016.04.11 10:20:04.271,1.08153,1.08156,2.85,1.19
2016.04.11 10:20:04.323,1.08154,1.08159,1.00,4.69
2016.04.11 10:20:04.424,1.08156,1.08159,1.12,2.25
2016.04.11 10:20:04.475,1.08156,1.08161,1.75,1.01
2016.04.11 10:20:04.526,1.08156,1.08161,2.25,1.25
2016.04.11 10:20:05.033,1.08158,1.08162,1.75,1.25
2016.04.11 10:20:05.655,1.08158,1.08163,1.12,1.19
2016.04.11 10:20:05.706,1.08158,1.08163,1.12,1.29
2016.04.11 10:20:06.211,1.08158,1.08162,1.12,1.19
2016.04.11 10:20:06.739,1.08158,1.08163,1.87,1.29
2016.04.11 10:20:07.399,1.08159,1.08163,1.10,1.01
2016.04.11 10:20:08.006,1.0816,1.08163,1.50,1.01
2016.04.11 10:20:08.535,1.0816,1.08165,1.87,2.44
2016.04.11 10:20:11.531,1.0816,1.08164,1.57,1.69
2016.04.11 10:20:12.037,1.08158,1.08163,1.62,1.69
2016.04.11 10:20:13.218,1.08158,1.08161,1.52,1.29
2016.04.11 10:20:13.322,1.08156,1.08161,3.00,1.29
2016.04.11 10:20:13.830,1.08156,1.0816,1.47,1.29
2016.04.11 10:20:17.315,1.08155,1.0816,1.95,1.31
2016.04.11 10:20:18.125,1.08155,1.0816,1.20,1.31
2016.04.11 10:20:18.645,1.08156,1.0816,1.95,1.29
2016.04.11 10:20:23.055,1.08159,1.08162,1.57,1.75
2016.04.11 10:20:23.106,1.08159,1.08162,2.02,1.00
2016.04.11 10:20:23.611,1.0816,1.08163,1.10,1.25
2016.04.11 10:20:27.046,1.0816,1.08163,1.95,1.25
2016.04.11 10:20:28.332,1.08161,1.08166,1.87,4.31
2016.04.11 10:20:28.383,1.08161,1.08166,3.75,2.06
2016.04.11 10:20:28.902,1.08162,1.08166,2.62,1.25
2016.04.11 10:20:31.863,1.08162,1.08166,1.87,1.19
2016.04.11 10:20:32.015,1.08161,1.08166,1.10,2.44
2016.04.11 10:20:34.383,1.08163,1.08167,1.00,2.00
2016.04.11 10:20:34.434,1.08163,1.08167,2.47,1.25
2016.04.11 10:20:34.637,1.08165,1.0817,1.87,1.69
2016.04.11 10:20:35.570,1.08165,1.08167,1.87,3.75
2016.04.11 10:20:36.076,1.08166,1.08168,1.10,3.75
2016.04.11 10:20:37.292,1.08163,1.08168,3.75,3.82
2016.04.11 10:20:37.798,1.08164,1.08167,1.57,3.75
2016.04.11 10:20:38.474,1.08165,1.08169,1.72,4.31
2016.04.11 10:20:38.778,1.08168,1.08171,3.45,4.69
2016.04.11 10:20:39.293,1.08169,1.08171,1.12,1.25
2016.04.11 10:20:42.611,1.08168,1.08172,2.70,1.19
2016.04.11 10:20:44.519,1.08167,1.08172,1.95,2.51
2016.04.11 10:20:44.975,1.08167,1.08169,1.12,3.75
2016.04.11 10:20:45.229,1.08164,1.08167,1.75,1.00
2016.04.11 10:20:45.708,1.08162,1.08166,1.37,1.69
2016.04.11 10:20:46.013,1.0816,1.08163,2.62,1.69
2016.04.11 10:20:46.519,1.0816,1.08163,1.87,1.69
2016.04.11 10:20:51.136,1.08159,1.08163,2.62,1.69
2016.04.11 10:21:00.766,1.08157,1.0816,3.00,1.19
2016.04.11 10:21:00.867,1.08158,1.08161,1.50,4.69
2016.04.11 10:21:01.121,1.0816,1.08162,1.12,2.06
2016.04.11 10:21:02.530,1.08159,1.08164,4.12,1.76
2016.04.11 10:21:04.164,1.08161,1.08164,1.10,1.76
2016.04.11 10:21:04.674,1.0816,1.08164,2.62,1.29
2016.04.11 10:21:05.181,1.0816,1.08165,2.62,4.87
2016.04.11 10:21:06.307,1.08162,1.08166,1.87,2.51
2016.04.11 10:21:06.611,1.08165,1.08168,1.57,1.25
2016.04.11 10:21:07.120,1.08164,1.08168,1.12,1.69
2016.04.11 10:21:08.272,1.08165,1.08169,1.20,5.51
2016.04.11 10:21:08.779,1.08164,1.08168,1.12,1.31
2016.04.11 10:21:09.308,1.08162,1.08168,4.12,1.31
2016.04.11 10:21:09.841,1.08162,1.08167,3.37,4.01
2016.04.11 10:21:10.347,1.08163,1.08167,1.10,4.01
2016.04.11 10:21:10.934,1.08163,1.08167,1.00,4.69
2016.04.11 10:21:14.191,1.08161,1.08166,1.50,3.82
2016.04.11 10:21:14.414,1.0816,1.08165,1.50,4.76
2016.04.11 10:21:14.920,1.0816,1.08164,1.95,1.22
2016.04.11 10:21:16.672,1.0816,1.08164,1.47,1.22
2016.04.11 10:21:17.198,1.08161,1.08165,1.10,1.29
2016.04.11 10:21:19.362,1.08159,1.08165,2.62,7.31
2016.04.11 10:21:20.304,1.08162,1.08164,1.00,1.39
2016.04.11 10:21:20.458,1.08166,1.0817,2.32,1.57
2016.04.11 10:21:20.964,1.08168,1.08172,1.12,5.81
2016.04.11 10:21:23.095,1.08166,1.08171,1.50,4.01
2016.04.11 10:21:23.197,1.08166,1.08169,1.87,1.19
2016.04.11 10:21:23.399,1.08164,1.08167,1.12,3.75
2016.04.11 10:21:23.756,1.08163,1.08167,1.10,5.51
2016.04.11 10:21:25.638,1.08161,1.08167,3.37,6.94
2016.04.11 10:21:26.094,1.08161,1.08165,2.25,1.19
2016.04.11 10:21:26.739,1.0816,1.08164,2.25,1.25
2016.04.11 10:21:27.689,1.08159,1.08164,2.25,2.51
2016.04.11 10:21:28.194,1.08159,1.08163,2.25,1.00
2016.04.11 10:21:30.146,1.08159,1.08163,1.50,1.69
2016.04.11 10:21:30.349,1.08159,1.08165,2.62,6.56
2016.04.11 10:21:30.856,1.0816,1.08165,1.20,1.31
2016.04.11 10:21:30.907,1.08159,1.08163,2.62,1.19
2016.04.11 10:21:38.933,1.08159,1.08162,1.87,1.69
2016.04.11 10:21:39.439,1.08159,1.08162,1.10,1.69
2016.04.11 10:21:41.548,1.0816,1.08162,1.00,1.69
2016.04.11 10:21:41.650,1.08159,1.08163,1.47,1.01
2016.04.11 10:21:42.166,1.08161,1.08164,4.12,1.01
2016.04.11 10:21:50.562,1.08159,1.08164,6.00,1.39
2016.04.11 10:21:51.076,1.08161,1.08164,1.00,1.01
2016.04.11 10:21:52.806,1.08161,1.08164,1.00,1.19
2016.04.11 10:21:53.941,1.08161,1.08164,1.37,1.19
2016.04.11 10:21:55.697,1.0816,1.08164,1.57,1.19
2016.04.11 10:21:56.203,1.0816,1.08164,1.20,1.19
2016.04.11 10:21:59.282,1.08159,1.08161,1.00,1.01
2016.04.11 10:22:03.084,1.08158,1.08161,2.70,1.25
2016.04.11 10:22:04.986,1.08159,1.08161,3.75,1.25
2016.04.11 10:22:05.587,1.08158,1.0816,2.96,1.00
2016.04.11 10:22:06.093,1.08158,1.08161,4.76,1.31
2016.04.11 10:22:06.787,1.08158,1.08162,4.76,1.10
2016.04.11 10:22:10.702,1.08158,1.08163,2.21,2.81
2016.04.11 10:22:12.086,1.08158,1.08163,5.21,2.81
2016.04.11 10:22:15.595,1.08158,1.08162,1.84,1.95
2016.04.11 10:22:18.012,1.08158,1.08163,1.57,4.69
2016.04.11 10:22:18.315,1.08154,1.08156,2.62,1.25
2016.04.11 10:22:18.518,1.08153,1.08157,2.89,1.76
2016.04.11 10:22:18.688,1.08153,1.08156,2.51,1.19
2016.04.11 10:22:18.840,1.08151,1.08156,7.01,1.29
2016.04.11 10:22:19.348,1.08151,1.08155,1.84,1.29
2016.04.11 10:22:35.477,1.08149,1.08154,4.01,1.01
2016.04.11 10:22:35.629,1.08149,1.08152,4.01,1.19
2016.04.11 10:22:35.933,1.08147,1.08149,1.00,1.19
2016.04.11 10:22:36.334,1.08145,1.08148,3.82,1.19
2016.04.11 10:22:36.487,1.08143,1.08145,1.87,1.25
2016.04.11 10:22:36.791,1.08137,1.08142,1.87,2.06
2016.04.11 10:22:36.944,1.08136,1.08139,1.50,1.19
2016.04.11 10:22:37.351,1.08133,1.08139,5.40,1.50
2016.04.11 10:22:37.555,1.08132,1.08136,5.03,1.01
2016.04.11 10:22:38.800,1.08131,1.08136,4.28,1.76
2016.04.11 10:22:38.902,1.08131,1.08136,2.85,2.06
2016.04.11 10:22:41.194,1.0813,1.08135,5.56,1.01
2016.04.11 10:22:41.700,1.08131,1.08135,2.26,1.01
2016.04.11 10:22:41.751,1.08131,1.08135,2.93,1.25
2016.04.11 10:22:42.736,1.08131,1.08135,2.93,1.19
2016.04.11 10:22:44.358,1.0813,1.08135,3.31,1.29
2016.04.11 10:22:46.395,1.0813,1.08133,1.12,1.19
2016.04.11 10:22:46.928,1.08129,1.08134,2.56,2.81
2016.04.11 10:22:49.767,1.08128,1.08134,1.50,2.81
2016.04.11 10:22:51.422,1.08127,1.08133,2.62,2.44
2016.04.11 10:22:53.924,1.08128,1.08133,1.12,2.97
2016.04.11 10:23:01.748,1.08129,1.08135,2.85,2.51
2016.04.11 10:23:01.993,1.08132,1.08137,2.47,1.50
2016.04.11 10:23:02.094,1.08134,1.08138,1.12,1.25
2016.04.11 10:23:02.398,1.08137,1.08142,1.12,1.66
2016.04.11 10:23:02.704,1.08134,1.08139,1.31,2.11
2016.04.11 10:23:02.887,1.08134,1.08139,1.12,1.01
2016.04.11 10:23:04.604,1.08135,1.08141,1.12,2.44
2016.04.11 10:23:04.654,1.08137,1.08141,1.12,1.00
2016.04.11 10:23:04.958,1.08137,1.08143,1.75,1.01
2016.04.11 10:23:06.368,1.08139,1.08145,2.10,3.16
2016.04.11 10:23:06.672,1.08141,1.08147,1.75,3.54
2016.04.11 10:23:11.255,1.08142,1.08147,1.12,1.85
2016.04.11 10:23:19.580,1.08141,1.08146,1.50,3.95
2016.04.11 10:23:23.429,1.08141,1.08145,1.12,1.02
2016.04.11 10:23:23.950,1.0814,1.08145,1.50,3.79
2016.04.11 10:23:24.910,1.0814,1.08145,2.62,1.54
2016.04.11 10:23:25.639,1.08141,1.08146,1.12,2.93
2016.04.11 10:23:25.943,1.08143,1.08148,1.12,5.03
2016.04.11 10:23:26.955,1.08142,1.08148,2.81,4.58
2016.04.11 10:23:32.145,1.08143,1.08148,1.20,2.82
2016.04.11 10:23:32.333,1.0814,1.08144,3.19,1.92
2016.04.11 10:23:32.486,1.08138,1.08143,1.95,2.06
2016.04.11 10:23:32.840,1.08137,1.08143,1.10,4.47
2016.04.11 10:23:35.675,1.08135,1.08139,1.50,1.25
2016.04.11 10:23:35.981,1.08135,1.08137,1.50,1.35
2016.04.11 10:23:36.235,1.0813,1.08133,1.12,1.25
2016.04.11 10:23:36.337,1.08129,1.08133,1.20,1.01
2016.04.11 10:23:39.799,1.08128,1.08131,1.50,1.00
2016.04.11 10:23:40.103,1.08124,1.08129,1.87,1.29
2016.04.11 10:23:42.661,1.08125,1.08129,5.10,1.01
2016.04.11 10:23:42.712,1.08126,1.08131,1.87,2.44
2016.04.11 10:23:44.680,1.08127,1.08131,1.10,1.69
2016.04.11 10:23:45.220,1.08126,1.0813,1.87,1.76
2016.04.11 10:23:45.473,1.08128,1.0813,5.85,1.12
2016.04.11 10:23:45.575,1.0813,1.08134,1.87,1.69
2016.04.11 10:23:45.677,1.08131,1.08135,6.37,1.25
2016.04.11 10:23:45.974,1.08133,1.08138,1.87,2.81
2016.04.11 10:23:46.480,1.08133,1.08137,1.87,1.29
2016.04.11 10:23:52.303,1.08132,1.08136,1.12,1.28
2016.04.11 10:23:52.356,1.0813,1.08134,1.87,1.00
2016.04.11 10:23:52.408,1.0813,1.08134,2.25,1.69
2016.04.11 10:23:52.611,1.08128,1.08131,1.50,1.19
2016.04.11 10:23:53.119,1.08127,1.08131,1.12,1.29
2016.04.11 10:23:54.392,1.08126,1.08131,1.20,4.20
2016.04.11 10:23:57.602,1.08126,1.08131,1.95,2.70
2016.04.11 10:23:57.719,1.08131,1.08133,3.37,2.69
2016.04.11 10:23:57.771,1.08131,1.08135,4.50,1.25
2016.04.11 10:24:00.649,1.08131,1.08135,1.12,1.25
2016.04.11 10:24:00.750,1.0813,1.08134,2.62,1.29
2016.04.11 10:24:01.316,1.0813,1.08133,1.10,1.01
2016.04.11 10:24:01.620,1.08126,1.08131,3.00,1.29
2016.04.11 10:24:02.127,1.08125,1.0813,3.90,2.14
2016.04.11 10:24:05.034,1.08125,1.0813,1.12,1.76
2016.04.11 10:24:06.132,1.08125,1.0813,4.28,1.01
2016.04.11 10:24:08.106,1.08128,1.08132,2.10,2.25
2016.04.11 10:24:08.208,1.08128,1.08132,5.10,1.00
2016.04.11 10:24:08.335,1.0813,1.08135,2.25,2.06
2016.04.11 10:24:08.842,1.08131,1.08135,1.12,1.76
2016.04.11 10:24:11.986,1.08131,1.08137,3.00,1.73
2016.04.11 10:24:12.289,1.08135,1.08139,1.00,2.11
2016.04.11 10:24:12.631,1.08135,1.08141,2.10,2.86
2016.04.11 10:24:12.935,1.08138,1.08141,1.10,1.25
2016.04.11 10:24:12.986,1.08138,1.08142,1.10,2.32
2016.04.11 10:24:19.185,1.08138,1.08144,1.47,5.59
2016.04.11 10:24:19.690,1.08137,1.08144,1.50,7.09
2016.04.11 10:24:40.978,1.08136,1.08141,2.25,1.00
2016.04.11 10:24:41.484,1.08136,1.0814,1.57,1.10
2016.04.11 10:24:41.990,1.08134,1.08139,1.85,1.12
2016.04.11 10:24:42.496,1.08134,1.08138,1.37,1.12
2016.04.11 10:24:42.800,1.08133,1.08138,1.20,1.12
2016.04.11 10:24:43.451,1.08132,1.08137,1.87,1.31
2016.04.11 10:24:46.536,1.08132,1.08137,1.12,2.44
2016.04.11 10:24:47.044,1.0813,1.08137,2.25,5.81
2016.04.11 10:24:48.904,1.0813,1.08137,1.57,6.94
2016.04.11 10:24:53.336,1.08131,1.08137,1.37,6.19
2016.04.11 10:24:54.346,1.08131,1.08137,1.12,3.19
2016.04.11 10:24:54.751,1.08131,1.08137,1.20,2.81
2016.04.11 10:25:01.780,1.08131,1.08137,4.95,2.06
2016.04.11 10:25:02.312,1.08132,1.08137,2.25,1.31
2016.04.11 10:25:02.921,1.08133,1.08137,1.20,1.29
2016.04.11 10:25:03.023,1.08134,1.08138,1.20,1.01
2016.04.11 10:25:11.689,1.08134,1.08138,1.20,1.19
2016.04.11 10:25:12.201,1.08132,1.08138,1.12,6.78
2016.04.11 10:25:13.113,1.08132,1.08138,1.00,7.16
2016.04.11 10:25:14.244,1.08131,1.08137,1.57,2.81
2016.04.11 10:25:15.379,1.08133,1.08137,1.00,2.06
2016.04.11 10:25:15.683,1.08139,1.08142,1.10,3.75
2016.04.11 10:25:15.986,1.0814,1.08143,1.95,1.00
2016.04.11 10:25:16.529,1.0814,1.08144,1.80,1.01
2016.04.11 10:25:19.847,1.0814,1.08145,3.37,1.29
2016.04.11 10:25:23.156,1.08141,1.08146,1.10,1.87
2016.04.11 10:25:23.358,1.08144,1.08146,1.10,1.00
2016.04.11 10:25:23.865,1.08144,1.08148,1.57,1.76
2016.04.11 10:25:34.634,1.08142,1.08147,2.32,1.01
2016.04.11 10:25:35.345,1.08142,1.08148,4.50,1.76
2016.04.11 10:25:38.453,1.08143,1.08148,1.47,1.76
2016.04.11 10:25:38.960,1.08143,1.08148,1.20,1.76
2016.04.11 10:25:51.420,1.08143,1.08148,1.95,2.14
2016.04.11 10:25:51.926,1.08144,1.08148,1.50,1.76
2016.04.11 10:25:55.204,1.08145,1.08148,1.87,1.19
2016.04.11 10:25:55.255,1.08146,1.0815,2.85,1.31
2016.04.11 10:25:55.407,1.08148,1.08153,1.50,2.44
2016.04.11 10:25:55.919,1.08151,1.08153,1.20,1.25
2016.04.11 10:25:56.802,1.08151,1.08154,1.10,1.00
2016.04.11 10:25:57.309,1.08152,1.08154,1.10,1.00
2016.04.11 10:25:57.827,1.08152,1.08155,1.57,3.75
2016.04.11 10:25:59.774,1.08152,1.08155,2.62,1.00
2016.04.11 10:26:00.281,1.08153,1.08157,1.12,1.69
2016.04.11 10:26:00.819,1.08154,1.08157,1.57,1.69
2016.04.11 10:26:01.730,1.08153,1.08157,1.87,1.19
2016.04.11 10:26:02.246,1.08153,1.08156,1.87,1.25
2016.04.11 10:26:03.717,1.08153,1.08157,2.70,4.76
2016.04.11 10:26:09.227,1.08154,1.08159,1.95,1.01
2016.04.11 10:26:09.837,1.08154,1.08158,2.32,1.00
2016.04.11 10:26:12.801,1.08154,1.08157,1.57,1.00
2016.04.11 10:26:13.338,1.08152,1.08157,3.00,1.50
2016.04.11 10:26:13.997,1.08151,1.08154,1.95,1.29
2016.04.11 10:26:14.503,1.0815,1.08156,2.62,2.00
2016.04.11 10:26:16.960,1.0815,1.08154,1.50,1.29
2016.04.11 10:26:17.604,1.08149,1.08154,1.10,5.44
2016.04.11 10:26:17.807,1.08147,1.08151,1.87,1.00
2016.04.11 10:26:18.313,1.08146,1.08151,1.87,1.50
2016.04.11 10:26:20.346,1.08146,1.08148,1.00,1.19
2016.04.11 10:26:20.859,1.08143,1.08148,2.14,1.19
2016.04.11 10:26:25.395,1.08143,1.08148,1.50,1.29
2016.04.11 10:26:25.901,1.08142,1.08148,4.01,1.69
2016.04.11 10:26:26.612,1.08142,1.08148,2.70,2.72
2016.04.11 10:26:30.121,1.08142,1.08146,1.20,1.29
2016.04.11 10:26:32.591,1.0814,1.08144,1.20,1.29
2016.04.11 10:26:32.784,1.08137,1.08142,3.82,1.50
2016.04.11 10:26:40.816,1.08136,1.08142,1.95,3.37
2016.04.11 10:26:41.375,1.08134,1.0814,6.37,1.69
2016.04.11 10:26:42.184,1.08134,1.08137,5.62,3.75
2016.04.11 10:26:42.235,1.08131,1.08133,5.62,3.75
2016.04.11 10:26:42.286,1.08131,1.08134,6.00,4.54
2016.04.11 10:26:42.338,1.08127,1.08129,3.90,1.19
2016.04.11 10:26:42.440,1.08124,1.08129,1.87,1.29
2016.04.11 10:26:42.946,1.08124,1.08128,1.47,1.29
2016.04.11 10:26:43.444,1.08125,1.0813,1.50,1.69
2016.04.11 10:26:46.218,1.08124,1.0813,2.32,4.16
2016.04.11 10:26:51.808,1.08123,1.08125,1.57,1.19
2016.04.11 10:26:52.265,1.08121,1.08124,3.26,1.22
2016.04.11 10:26:52.873,1.08119,1.08124,4.39,1.22
2016.04.11 10:26:53.380,1.08119,1.08124,3.64,2.00
2016.04.11 10:26:53.937,1.08118,1.08124,5.59,2.44
2016.04.11 10:26:59.740,1.08119,1.08124,3.26,2.44
2016.04.11 10:27:00.844,1.08119,1.08123,3.26,1.22
2016.04.11 10:27:03.353,1.08119,1.08123,3.26,1.22
2016.04.11 10:27:03.859,1.08119,1.08124,3.71,2.44
2016.04.11 10:27:06.500,1.08118,1.08124,5.51,3.19
2016.04.11 10:27:09.410,1.08118,1.08123,2.21,1.22
2016.04.11 10:27:10.378,1.08118,1.08123,5.59,1.22
2016.04.11 10:27:11.676,1.08118,1.08123,1.84,1.22
2016.04.11 10:27:14.190,1.08118,1.08123,6.34,1.22
2016.04.11 10:27:16.994,1.08118,1.08123,2.32,1.22
2016.04.11 10:27:17.895,1.08117,1.08121,1.20,3.94
2016.04.11 10:27:17.993,1.08115,1.0812,5.70,1.22
2016.04.11 10:27:18.095,1.08115,1.08118,1.00,1.22
2016.04.11 10:27:18.602,1.08113,1.08118,3.45,2.00
2016.04.11 10:27:21.732,1.08112,1.08116,1.95,1.54
2016.04.11 10:27:21.835,1.08111,1.08114,1.00,1.69
2016.04.11 10:27:22.362,1.0811,1.08113,1.00,1.22
2016.04.11 10:27:23.151,1.0811,1.08114,1.10,2.44
2016.04.11 10:27:29.401,1.0811,1.08114,1.47,1.69
2016.04.11 10:27:29.927,1.0811,1.08115,1.87,2.44
2016.04.11 10:27:40.210,1.08111,1.08115,1.00,4.35
2016.04.11 10:27:41.111,1.0811,1.08114,1.10,1.50
2016.04.11 10:27:42.177,1.08109,1.08114,4.95,2.29
2016.04.11 10:27:43.722,1.08109,1.08114,4.87,1.69
2016.04.11 10:27:47.882,1.08111,1.08114,1.00,1.22
2016.04.11 10:27:48.213,1.08113,1.08116,1.00,1.69
2016.04.11 10:27:49.290,1.08112,1.08116,1.00,1.69
2016.04.11 10:27:49.837,1.08112,1.08116,1.10,1.01
2016.04.11 10:27:50.784,1.08113,1.08116,1.00,1.01
2016.04.11 10:27:52.096,1.08112,1.08116,1.10,1.01
2016.04.11 10:27:52.748,1.08112,1.08116,1.10,1.76
2016.04.11 10:27:53.762,1.08111,1.08115,1.00,4.54
2016.04.11 10:27:53.864,1.08109,1.08113,1.10,1.22
2016.04.11 10:27:54.381,1.08109,1.08113,1.00,1.80
2016.04.11 10:27:54.891,1.08108,1.08113,1.12,2.29
2016.04.11 10:27:56.351,1.08107,1.08112,1.00,1.75
2016.04.11 10:27:58.108,1.08106,1.08112,1.57,4.27
2016.04.11 10:27:58.567,1.08104,1.08111,1.20,3.19
2016.04.11 10:27:59.326,1.08103,1.08109,2.62,2.26
2016.04.11 10:27:59.835,1.08103,1.08109,1.95,3.28
2016.04.11 10:28:01.366,1.08104,1.08109,1.10,2.15
2016.04.11 10:28:01.873,1.08104,1.08109,1.20,1.69
2016.04.11 10:28:02.432,1.08104,1.08109,1.10,3.50
2016.04.11 10:28:02.585,1.08101,1.08108,1.50,2.10
2016.04.11 10:28:02.998,1.081,1.08107,3.00,3.46
2016.04.11 10:28:03.503,1.08098,1.08105,1.87,2.25
2016.04.11 10:28:04.730,1.08098,1.08105,2.32,2.71
2016.04.11 10:28:05.576,1.081,1.08106,1.12,2.90
2016.04.11 10:28:06.285,1.08102,1.08107,1.50,1.96
2016.04.11 10:28:06.437,1.08105,1.08111,1.10,2.00
2016.04.11 10:28:06.791,1.08107,1.08112,1.47,1.69
2016.04.11 10:28:07.095,1.08112,1.08118,1.95,2.79
2016.04.11 10:28:07.146,1.08112,1.08118,2.62,2.79
2016.04.11 10:28:09.865,1.08113,1.08118,1.50,1.29
2016.04.11 10:28:11.776,1.08113,1.08119,2.25,1.85
2016.04.11 10:28:12.282,1.08114,1.0812,1.47,1.89
2016.04.11 10:28:13.823,1.08114,1.0812,3.37,1.54
2016.04.11 10:28:14.162,1.08117,1.08121,1.12,2.11
2016.04.11 10:28:14.365,1.08118,1.08123,2.25,2.11
2016.04.11 10:28:14.871,1.08118,1.08124,3.75,2.04
2016.04.11 10:28:15.552,1.08118,1.08122,3.00,1.27
2016.04.11 10:28:15.704,1.08117,1.08122,1.10,2.79
2016.04.11 10:28:16.212,1.08117,1.08122,4.12,1.36
2016.04.11 10:28:18.065,1.08117,1.08123,4.87,2.79
2016.04.11 10:28:19.430,1.08117,1.08122,3.07,2.23
2016.04.11 10:28:21.675,1.08117,1.08122,1.10,3.17
2016.04.11 10:28:25.142,1.08116,1.08121,2.32,2.04
2016.04.11 10:28:25.664,1.08116,1.08119,1.57,1.36
2016.04.11 10:28:26.170,1.08115,1.08119,1.50,2.11
2016.04.11 10:28:26.676,1.08114,1.08118,3.00,1.36
2016.04.11 10:28:27.893,1.08114,1.08118,2.25,1.36
2016.04.11 10:28:28.952,1.08114,1.08118,2.25,2.22
2016.04.11 10:28:30.194,1.08114,1.08117,1.12,2.29
2016.04.11 10:28:31.306,1.08113,1.08117,1.10,3.34
2016.04.11 10:28:35.120,1.08113,1.08117,1.10,5.70
2016.04.11 10:28:35.171,1.08112,1.08115,1.37,1.33
2016.04.11 10:28:35.222,1.08111,1.08114,1.95,1.29
2016.04.11 10:28:35.729,1.08108,1.08114,3.75,1.69
2016.04.11 10:28:36.475,1.08112,1.08116,1.35,3.26
2016.04.11 10:28:36.780,1.08117,1.08118,1.15,4.50
2016.04.11 10:28:36.933,1.08119,1.08122,1.75,5.70
2016.04.11 10:28:37.185,1.0812,1.08124,1.00,4.01
2016.04.11 10:28:37.985,1.0812,1.08125,1.00,4.95
2016.04.11 10:28:39.774,1.0812,1.08124,1.00,3.26
2016.04.11 10:28:40.978,1.0812,1.08125,1.00,1.69
2016.04.11 10:28:41.483,1.08119,1.08125,2.10,1.25
2016.04.11 10:28:44.610,1.0812,1.08125,1.12,1.95
2016.04.11 10:28:45.117,1.08119,1.08125,1.50,5.03
2016.04.11 10:28:47.286,1.08118,1.08123,1.87,1.69
2016.04.11 10:28:53.226,1.08118,1.08124,1.87,2.44
2016.04.11 10:28:54.204,1.08119,1.08124,2.25,1.69
2016.04.11 10:28:54.710,1.0812,1.08124,1.12,1.25
2016.04.11 10:28:58.946,1.08122,1.08127,1.54,1.84
2016.04.11 10:28:59.251,1.08124,1.08128,1.12,1.19
2016.04.11 10:28:59.403,1.08124,1.08129,1.12,1.01
2016.04.11 10:29:00.792,1.08123,1.08129,1.87,1.69
2016.04.11 10:29:02.540,1.08123,1.08127,1.12,2.85
2016.04.11 10:29:02.692,1.0812,1.08126,5.44,1.50
2016.04.11 10:29:03.198,1.0812,1.08125,2.14,1.07
2016.04.11 10:29:04.087,1.0812,1.08125,1.20,3.94
2016.04.11 10:29:06.084,1.0812,1.08125,3.00,1.22
2016.04.11 10:29:14.462,1.08121,1.08126,4.87,1.69
2016.04.11 10:29:14.636,1.08123,1.08127,2.10,1.25
2016.04.11 10:29:14.939,1.08125,1.08131,3.97,1.29
2016.04.11 10:29:15.445,1.08127,1.08132,1.87,1.40
2016.04.11 10:29:15.989,1.08129,1.08133,3.60,1.51
2016.04.11 10:29:16.344,1.08131,1.08135,1.12,1.32
2016.04.11 10:29:16.895,1.08129,1.08133,1.87,1.00
2016.04.11 10:29:17.403,1.08129,1.08134,1.87,1.51
2016.04.11 10:29:26.217,1.08129,1.08134,1.12,3.08
2016.04.11 10:29:29.972,1.08129,1.08135,1.12,4.32
2016.04.11 10:29:31.520,1.08131,1.08136,1.20,1.69
2016.04.11 10:29:31.774,1.08137,1.08142,1.00,2.75
2016.04.11 10:29:31.825,1.08137,1.08142,1.87,2.07
2016.04.11 10:29:32.129,1.0814,1.08143,1.12,1.19
2016.04.11 10:29:32.180,1.0814,1.08145,1.31,1.88
2016.04.11 10:29:34.327,1.08142,1.08146,1.47,1.88
2016.04.11 10:29:38.035,1.08141,1.08147,3.94,2.56
2016.04.11 10:29:38.086,1.08142,1.08147,1.12,1.88
2016.04.11 10:29:38.594,1.08142,1.08147,3.37,1.81
2016.04.11 10:29:41.299,1.08144,1.08145,1.00,2.10
2016.04.11 10:29:41.402,1.0814,1.08145,1.87,3.30
2016.04.11 10:29:41.555,1.08138,1.08144,2.14,2.56
2016.04.11 10:29:41.809,1.08138,1.08141,1.00,1.75
2016.04.11 10:29:42.062,1.08135,1.0814,5.81,1.69
2016.04.11 10:29:43.131,1.08136,1.0814,1.12,2.10
2016.04.11 10:29:43.636,1.08134,1.0814,2.14,2.85
2016.04.11 10:29:49.945,1.08133,1.08137,2.06,1.00
2016.04.11 10:29:50.046,1.08131,1.08137,3.37,3.60
2016.04.11 10:29:52.174,1.0813,1.08136,2.06,1.75
2016.04.11 10:30:00.272,1.08131,1.08137,1.95,1.75
2016.04.11 10:30:00.778,1.08131,1.08137,4.87,1.75
2016.04.11 10:30:04.746,1.08132,1.08138,1.99,1.69
2016.04.11 10:30:04.898,1.08134,1.0814,1.72,2.44
2016.04.11 10:30:04.949,1.08135,1.0814,3.04,1.50
2016.04.11 10:30:05.253,1.08137,1.08143,3.22,2.51
2016.04.11 10:30:05.566,1.0814,1.08143,1.12,1.00
2016.04.11 10:30:06.072,1.08141,1.08144,1.12,1.00
2016.04.11 10:30:06.325,1.08143,1.08147,2.51,1.69
2016.04.11 10:30:06.477,1.08144,1.08148,3.22,1.19
2016.04.11 10:30:06.883,1.08146,1.08149,1.87,1.25
2016.04.11 10:30:06.984,1.08147,1.0815,1.37,1.19
2016.04.11 10:30:07.136,1.08148,1.08153,1.87,4.01
2016.04.11 10:30:10.077,1.0815,1.08154,2.10,1.50
2016.04.11 10:30:10.178,1.08152,1.08154,2.10,1.00
2016.04.11 10:30:10.230,1.08153,1.08156,3.60,3.75
2016.04.11 10:30:10.331,1.08155,1.08157,1.22,1.00
2016.04.11 10:30:10.686,1.08156,1.08159,1.47,1.25
2016.04.11 10:30:12.247,1.08157,1.08161,2.85,1.50
2016.04.11 10:30:12.450,1.08159,1.08162,1.72,1.00
2016.04.11 10:30:12.804,1.08162,1.08164,1.37,3.75
2016.04.11 10:30:12.956,1.08162,1.08165,2.74,3.75
2016.04.11 10:30:13.462,1.08163,1.08165,1.87,3.75
2016.04.11 10:30:13.968,1.08164,1.08166,1.12,3.75
2016.04.11 10:30:15.285,1.08161,1.08164,3.00,1.00
2016.04.11 10:30:15.817,1.08161,1.08164,1.87,1.00
2016.04.11 10:30:17.073,1.0816,1.08163,1.87,1.00
2016.04.11 10:30:17.579,1.0816,1.08163,1.50,1.00
2016.04.11 10:30:18.085,1.08159,1.08162,1.66,1.00
2016.04.11 10:30:19.203,1.08158,1.08162,2.06,1.00
2016.04.11 10:30:22.864,1.08158,1.08161,1.95,1.00
2016.04.11 10:30:23.117,1.08156,1.0816,2.32,1.10
2016.04.11 10:30:23.628,1.08155,1.0816,1.50,1.10
2016.04.11 10:30:24.133,1.08155,1.0816,1.10,1.12
2016.04.11 10:30:25.291,1.08154,1.08159,1.50,1.31
2016.04.11 10:30:33.081,1.08154,1.08157,1.37,1.12
2016.04.11 10:30:33.132,1.08153,1.08157,1.01,1.12
2016.04.11 10:30:34.200,1.08152,1.08156,1.39,1.00
2016.04.11 10:30:34.706,1.08152,1.08156,1.20,1.00
2016.04.11 10:30:36.991,1.08152,1.08157,1.20,5.14
2016.04.11 10:30:39.300,1.08152,1.08158,4.05,1.16
2016.04.11 10:30:39.828,1.08153,1.08159,3.60,4.61
2016.04.11 10:30:40.336,1.08153,1.08159,2.06,4.95
2016.04.11 10:30:40.684,1.08151,1.08157,2.62,1.42
2016.04.11 10:30:41.841,1.08151,1.08157,1.50,2.89
2016.04.11 10:30:42.347,1.08151,1.08156,1.20,1.50
2016.04.11 10:30:42.882,1.08151,1.08156,1.12,1.87
2016.04.11 10:30:43.388,1.0815,1.08156,1.25,4.12
2016.04.11 10:30:49.444,1.08149,1.08155,2.00,3.11
2016.04.11 10:30:50.544,1.0815,1.08155,1.00,1.61
2016.04.11 10:30:53.149,1.0815,1.08156,1.67,1.76
2016.04.11 10:30:53.250,1.08152,1.08157,1.87,1.80
2016.04.11 10:30:53.453,1.08152,1.08157,1.87,1.05
2016.04.11 10:31:01.383,1.08152,1.08157,1.80,1.10
2016.04.11 10:31:01.891,1.0815,1.08157,3.19,4.69
2016.04.11 10:31:01.942,1.0815,1.08156,2.51,2.10
2016.04.11 10:31:03.645,1.08153,1.08156,1.81,1.50
2016.04.11 10:31:03.848,1.08153,1.08158,2.18,1.10
2016.04.11 10:31:03.899,1.08153,1.08158,2.56,1.00
2016.04.11 10:31:04.202,1.08157,1.0816,1.61,1.12
2016.04.11 10:31:04.304,1.08157,1.08162,4.10,1.25
2016.04.11 10:31:04.456,1.08158,1.08163,4.25,1.19
2016.04.11 10:31:04.968,1.08158,1.08164,5.37,1.69
2016.04.11 10:31:05.323,1.08158,1.08164,4.43,1.00
2016.04.11 10:31:12.602,1.0816,1.08164,1.10,1.10
2016.04.11 10:31:13.367,1.08159,1.08164,1.10,1.31
2016.04.11 10:31:16.769,1.08159,1.08164,1.00,1.69
2016.04.11 10:31:19.534,1.08159,1.08164,1.10,1.31
2016.04.11 10:31:21.297,1.08159,1.08164,1.10,2.89
2016.04.11 10:31:21.803,1.08157,1.08162,3.22,1.39
2016.04.11 10:31:21.906,1.08157,1.08162,1.35,2.51
2016.04.11 10:31:22.412,1.08154,1.08159,1.72,1.39
2016.04.11 10:31:22.670,1.08154,1.08159,1.12,1.39
2016.04.11 10:31:23.632,1.08153,1.08158,1.37,2.25
2016.04.11 10:31:23.683,1.08151,1.08153,6.00,1.31
2016.04.11 10:31:23.887,1.08149,1.08153,1.10,3.19
2016.04.11 10:31:24.976,1.08148,1.08153,8.18,1.20
2016.04.11 10:31:25.482,1.08148,1.08153,1.99,1.31
2016.04.11 10:31:26.627,1.0815,1.08155,1.20,1.29
2016.04.11 10:31:26.780,1.08153,1.08157,2.25,2.85
2016.04.11 10:31:27.186,1.08153,1.08159,1.37,3.01
2016.04.11 10:31:40.173,1.08156,1.0816,1.12,1.87
2016.04.11 10:31:40.377,1.08157,1.08161,1.35,1.00
2016.04.11 10:31:40.530,1.08159,1.08163,1.42,1.10
2016.04.11 10:31:40.783,1.0816,1.08163,1.72,1.00
2016.04.11 10:31:41.289,1.0816,1.08164,1.72,1.00
2016.04.11 10:31:42.592,1.0816,1.08165,1.12,4.20
2016.04.11 10:31:45.436,1.0816,1.08164,1.12,1.00
2016.04.11 10:31:46.298,1.0816,1.08165,1.12,1.20
2016.04.11 10:31:51.103,1.0816,1.08165,2.66,1.00
2016.04.11 10:31:51.610,1.08162,1.08166,1.12,1.25
2016.04.11 10:31:57.374,1.08162,1.08168,1.87,1.12
2016.04.11 10:31:57.931,1.08162,1.08168,3.22,1.12
2016.04.11 10:31:58.439,1.08163,1.08168,2.06,1.00
2016.04.11 10:31:59.109,1.08165,1.0817,1.00,2.06
2016.04.11 10:31:59.635,1.08165,1.0817,2.06,1.12
2016.04.11 10:32:00.231,1.08165,1.0817,2.44,1.10
2016.04.11 10:32:09.920,1.08165,1.08169,1.69,1.60
2016.04.11 10:32:10.224,1.08157,1.08159,3.00,1.00
2016.04.11 10:32:10.479,1.08155,1.0816,1.31,1.57
2016.04.11 10:32:11.028,1.08154,1.08159,1.50,1.01
2016.04.11 10:32:15.078,1.08153,1.0816,5.62,3.19
2016.04.11 10:32:18.537,1.08153,1.08156,1.87,2.10
2016.04.11 10:32:18.880,1.08148,1.0815,1.00,2.14
2016.04.11 10:32:19.184,1.08146,1.08148,1.00,1.19
2016.04.11 10:32:19.337,1.08147,1.0815,1.00,1.12
2016.04.11 10:32:19.839,1.08148,1.08151,1.12,1.07
2016.04.11 10:32:20.042,1.08149,1.08153,1.10,1.50
2016.04.11 10:32:20.548,1.08149,1.08154,1.50,1.69
2016.04.11 10:32:31.635,1.08148,1.08153,2.62,1.22
2016.04.11 10:32:45.035,1.08147,1.08151,1.31,1.20
2016.04.11 10:32:54.699,1.08147,1.08151,1.62,7.72
2016.04.11 10:32:55.004,1.0814,1.08145,1.10,4.69
2016.04.11 10:32:55.510,1.08139,1.08143,1.10,1.60
2016.04.11 10:32:56.022,1.08138,1.08143,1.10,2.06
2016.04.11 10:33:00.773,1.08139,1.08143,1.10,2.06
2016.04.11 10:33:01.564,1.08139,1.08145,1.87,4.76
2016.04.11 10:33:02.071,1.0814,1.08145,1.75,1.25
2016.04.11 10:33:03.186,1.08141,1.08146,1.75,1.69
2016.04.11 10:33:04.376,1.08142,1.08146,1.75,1.69
2016.04.11 10:33:04.528,1.08142,1.08148,1.87,2.44
2016.04.11 10:33:16.874,1.08142,1.08147,1.12,1.39
2016.04.11 10:33:17.026,1.08141,1.08146,5.17,1.69
2016.04.11 10:33:17.561,1.08139,1.08145,2.66,3.26
2016.04.11 10:33:18.099,1.08139,1.08145,1.31,6.53
2016.04.11 10:33:21.226,1.08139,1.08145,2.81,1.01
2016.04.11 10:33:24.565,1.08139,1.08146,6.41,2.33
2016.04.11 10:33:28.158,1.0814,1.08146,3.19,1.76
2016.04.11 10:33:32.623,1.08141,1.08146,1.39,1.50
2016.04.11 10:33:34.971,1.08141,1.08146,2.51,1.12
2016.04.11 10:33:35.123,1.08139,1.08145,4.31,2.08
2016.04.11 10:33:35.674,1.08139,1.08144,1.50,1.20
2016.04.11 10:33:36.180,1.08139,1.08145,1.87,2.33
2016.04.11 10:33:36.281,1.08138,1.08143,3.64,1.39
2016.04.11 10:33:36.468,1.08139,1.08145,1.12,5.78
2016.04.11 10:33:36.519,1.08138,1.08144,6.79,1.01
2016.04.11 10:33:37.585,1.08139,1.08145,2.00,1.65
2016.04.11 10:33:42.898,1.08139,1.08144,1.99,2.62
2016.04.11 10:33:43.048,1.08136,1.08142,2.06,2.25
2016.04.11 10:33:51.277,1.08134,1.0814,1.99,3.19
2016.04.11 10:33:51.783,1.08134,1.08138,1.25,1.01
2016.04.11 10:34:00.154,1.08131,1.08136,1.85,1.10
2016.04.11 10:34:00.464,1.0813,1.08134,1.12,1.29
2016.04.11 10:34:00.616,1.08128,1.08134,3.19,1.69
2016.04.11 10:34:01.123,1.08128,1.08135,2.06,4.43
2016.04.11 10:34:12.034,1.0813,1.08136,1.12,3.19
2016.04.11 10:34:12.540,1.0813,1.08136,1.87,2.51
2016.04.11 10:34:19.567,1.08134,1.08137,1.10,1.25
2016.04.11 10:34:19.720,1.08134,1.08139,2.25,1.10
2016.04.11 10:34:27.127,1.08135,1.0814,3.00,1.01
2016.04.11 10:34:28.732,1.08135,1.0814,4.91,1.29
2016.04.11 10:34:28.884,1.08138,1.0814,2.17,1.19
2016.04.11 10:34:28.986,1.0814,1.08143,3.04,1.50
2016.04.11 10:34:29.087,1.08143,1.08145,1.87,1.00
2016.04.11 10:34:29.138,1.08143,1.08148,1.87,2.62
2016.04.11 10:34:29.644,1.08143,1.08148,1.87,2.32
2016.04.11 10:34:30.156,1.08143,1.08148,1.87,1.47
2016.04.11 10:34:31.863,1.08143,1.08148,1.87,1.57
2016.04.11 10:34:32.364,1.08143,1.08148,1.12,1.47
2016.04.11 10:34:39.901,1.08143,1.08148,2.25,1.10
2016.04.11 10:34:40.407,1.08143,1.08149,1.75,3.56
2016.04.11 10:34:43.462,1.08143,1.08148,3.00,1.10
2016.04.11 10:34:44.008,1.08143,1.08149,1.75,2.81
2016.04.11 10:34:45.400,1.08143,1.08148,1.75,1.10
2016.04.11 10:34:45.950,1.08146,1.08148,2.10,1.10
2016.04.11 10:34:46.052,1.08148,1.0815,1.35,1.00
2016.04.11 10:34:46.103,1.08148,1.08152,3.97,1.00
2016.04.11 10:34:46.608,1.08148,1.08154,3.37,7.31
2016.04.11 10:34:51.739,1.08148,1.08152,1.87,1.00
2016.04.11 10:34:51.841,1.08144,1.08145,1.00,1.69
2016.04.11 10:34:51.943,1.08143,1.08147,2.62,5.81
2016.04.11 10:34:51.994,1.08141,1.08146,3.82,1.67
2016.04.11 10:34:52.045,1.0814,1.08147,2.44,9.41
2016.04.11 10:34:55.245,1.08141,1.08147,1.12,4.91
2016.04.11 10:34:59.225,1.0814,1.08146,2.81,1.87
2016.04.11 10:34:59.732,1.08141,1.08147,1.12,7.31
2016.04.11 10:35:11.906,1.08141,1.08147,1.31,3.00
2016.04.11 10:35:12.472,1.08142,1.08148,1.75,2.44
2016.04.11 10:35:21.694,1.08144,1.08149,1.12,1.66
2016.04.11 10:35:21.746,1.08145,1.0815,3.11,2.25
2016.04.11 10:35:21.797,1.08147,1.0815,1.31,1.00
2016.04.11 10:35:21.899,1.08148,1.08153,2.81,1.50
2016.04.11 10:35:22.000,1.08149,1.08154,1.69,1.20
2016.04.11 10:35:22.507,1.0815,1.08155,1.50,1.01
2016.04.11 10:35:26.289,1.0815,1.08155,1.20,1.69
2016.04.11 10:35:26.391,1.0815,1.08155,1.12,2.00
2016.04.11 10:35:27.486,1.08149,1.08155,1.01,2.44
2016.04.11 10:35:28.506,1.08149,1.08154,1.01,1.50
2016.04.11 10:35:34.985,1.08149,1.08155,1.50,3.19
2016.04.11 10:35:36.984,1.0815,1.08156,1.47,2.25
2016.04.11 10:35:37.490,1.0815,1.08156,4.87,1.12
2016.04.11 10:35:41.054,1.08151,1.08156,2.62,1.29
2016.04.11 10:35:41.257,1.08152,1.08157,1.35,1.57
2016.04.11 10:35:42.723,1.08151,1.08157,1.50,2.51
2016.04.11 10:35:43.027,1.0815,1.08154,1.87,1.00
2016.04.11 10:35:43.532,1.08149,1.08154,1.31,2.62
2016.04.11 10:35:48.727,1.08148,1.08153,1.87,1.69
2016.04.11 10:35:49.233,1.08148,1.08153,1.00,1.31
2016.04.11 10:35:56.344,1.08147,1.08153,3.86,2.81
2016.04.11 10:35:56.445,1.0815,1.08155,1.10,2.44
2016.04.11 10:35:56.583,1.0815,1.08156,2.25,1.87
2016.04.11 10:35:58.828,1.08151,1.08157,1.12,5.81
2016.04.11 10:35:59.588,1.08151,1.08157,1.31,5.06
2016.04.11 10:36:00.700,1.08153,1.08158,1.12,2.44
2016.04.11 10:36:01.207,1.08153,1.08159,3.56,1.31
2016.04.11 10:36:03.595,1.08154,1.08159,3.37,1.01
2016.04.11 10:36:03.899,1.08159,1.08165,3.41,7.31
2016.04.11 10:36:04.406,1.08161,1.08166,1.50,1.76
2016.04.11 10:36:04.710,1.08162,1.08167,3.41,1.10
2016.04.11 10:36:04.811,1.08164,1.08168,1.50,1.01
2016.04.11 10:36:05.573,1.08165,1.08168,1.12,1.25
2016.04.11 10:36:07.725,1.08165,1.08169,1.12,1.10
2016.04.11 10:36:08.637,1.08164,1.08169,2.62,3.82
2016.04.11 10:36:10.665,1.08164,1.08169,1.50,4.76
2016.04.11 10:36:10.716,1.08163,1.08169,1.95,6.26
2016.04.11 10:36:11.621,1.08163,1.08169,1.95,6.26
2016.04.11 10:36:11.824,1.08165,1.0817,1.10,6.79
2016.04.11 10:36:16.224,1.08165,1.08171,2.81,4.91
2016.04.11 10:36:16.934,1.08166,1.08172,2.32,2.44
2016.04.11 10:36:17.680,1.08166,1.08172,2.25,1.87
2016.04.11 10:36:18.997,1.08165,1.0817,3.19,1.12
2016.04.11 10:36:19.099,1.08165,1.08169,1.01,1.10
2016.04.11 10:36:19.606,1.08166,1.0817,1.12,1.12
2016.04.11 10:36:21.635,1.08165,1.0817,1.20,1.22
2016.04.11 10:36:33.379,1.08164,1.0817,3.37,2.29
2016.04.11 10:36:33.918,1.08165,1.0817,1.20,3.79
2016.04.11 10:36:34.931,1.08165,1.08169,1.00,1.12
2016.04.11 10:36:35.805,1.08164,1.08169,1.20,1.12
2016.04.11 10:36:36.365,1.08164,1.0817,2.32,7.91
2016.04.11 10:36:36.871,1.08164,1.0817,2.70,8.66
2016.04.11 10:36:37.421,1.08164,1.0817,1.57,10.46
2016.04.11 10:36:40.750,1.08165,1.0817,1.10,5.10
2016.04.11 10:36:40.977,1.08165,1.0817,2.25,3.22
2016.04.11 10:36:41.283,1.08168,1.0817,1.19,2.10
2016.04.11 10:36:41.790,1.08169,1.08171,1.87,2.10
2016.04.11 10:36:42.293,1.08169,1.08175,1.60,3.49
2016.04.11 10:36:43.299,1.08169,1.08175,3.56,3.19
2016.04.11 10:36:43.806,1.08171,1.08176,1.87,2.36
2016.04.11 10:36:45.935,1.08171,1.08176,1.12,3.00
2016.04.11 10:36:46.440,1.0817,1.08176,3.19,3.00
2016.04.11 10:36:47.266,1.0817,1.08176,2.81,4.05
2016.04.11 10:36:50.527,1.08171,1.08176,1.01,1.27
2016.04.11 10:36:50.838,1.08172,1.08178,2.51,3.37
2016.04.11 10:36:50.889,1.08173,1.08179,2.44,2.14
2016.04.11 10:36:51.193,1.08174,1.0818,2.81,3.11
2016.04.11 10:36:51.699,1.08175,1.0818,1.29,2.17
2016.04.11 10:36:55.815,1.08176,1.08181,1.69,3.19
2016.04.11 10:36:56.119,1.08177,1.08182,1.69,1.80
2016.04.11 10:36:56.322,1.08179,1.08184,1.69,1.76
2016.04.11 10:36:56.374,1.08179,1.08185,2.06,7.31
2016.04.11 10:36:56.578,1.08181,1.08186,1.12,6.75
2016.04.11 10:36:56.926,1.08183,1.08188,1.22,5.21
2016.04.11 10:36:57.432,1.08181,1.08188,2.44,5.70
2016.04.11 10:37:00.128,1.08181,1.08188,2.81,5.14
2016.04.11 10:37:00.637,1.08181,1.08187,3.75,1.31
2016.04.11 10:37:01.396,1.08181,1.08184,2.25,1.19
2016.04.11 10:37:01.700,1.08181,1.08187,2.25,4.58
2016.04.11 10:37:02.218,1.08181,1.08187,2.62,4.28
2016.04.11 10:37:06.049,1.0818,1.08185,1.12,2.74
2016.04.11 10:37:06.151,1.08178,1.08181,1.12,1.46
2016.04.11 10:37:06.203,1.08176,1.08179,1.12,1.19
2016.04.11 10:37:06.355,1.08175,1.08179,1.75,1.25
2016.04.11 10:37:06.457,1.08176,1.08181,1.12,1.28
2016.04.11 10:37:07.954,1.08175,1.08181,2.62,1.31
2016.04.11 10:37:12.564,1.08176,1.08181,2.25,1.76
2016.04.11 10:37:13.687,1.08176,1.08181,1.50,1.76
2016.04.11 10:37:19.279,1.08176,1.08179,1.12,1.00
2016.04.11 10:37:19.330,1.08176,1.08178,1.12,1.54
2016.04.11 10:37:19.382,1.08174,1.08177,1.10,1.25
2016.04.11 10:37:19.535,1.08171,1.08176,4.87,1.19
2016.04.11 10:37:20.042,1.0817,1.08176,1.75,2.14
2016.04.11 10:37:20.589,1.0817,1.08174,1.75,1.00
2016.04.11 10:37:21.561,1.08171,1.08175,1.50,1.25
2016.04.11 10:37:22.018,1.0817,1.08174,1.20,1.00
2016.04.11 10:37:22.222,1.08168,1.08173,1.10,4.31
2016.04.11 10:37:22.704,1.08167,1.0817,2.25,2.10
2016.04.11 10:37:22.907,1.08165,1.0817,1.57,4.54
2016.04.11 10:37:25.198,1.08165,1.08169,1.10,2.51
2016.04.11 10:37:26.109,1.08165,1.08168,1.10,1.19
2016.04.11 10:37:28.660,1.08165,1.0817,1.10,1.22
2016.04.11 10:37:28.822,1.08166,1.08171,1.50,2.44
2016.04.11 10:37:30.966,1.08166,1.08171,1.50,1.50
2016.04.11 10:37:34.519,1.08166,1.08173,6.19,5.66
2016.04.11 10:37:34.822,1.08167,1.08173,3.00,5.36
2016.04.11 10:37:35.936,1.08167,1.08171,1.87,1.00
2016.04.11 10:37:36.442,1.08166,1.08171,1.50,1.19
2016.04.11 10:37:38.083,1.08165,1.08171,3.75,1.29
2016.04.11 10:37:39.702,1.08165,1.0817,1.12,2.94
2016.04.11 10:37:40.246,1.08164,1.0817,2.44,4.74
2016.04.11 10:37:45.464,1.08165,1.0817,1.12,3.11
2016.04.11 10:37:47.322,1.08166,1.0817,1.12,3.04
2016.04.11 10:37:47.913,1.08168,1.0817,1.00,1.00
2016.04.11 10:37:48.015,1.08168,1.08173,1.10,5.11
2016.04.11 10:37:48.562,1.08169,1.08173,1.10,2.29
2016.04.11 10:37:49.725,1.08169,1.08173,1.12,2.29
2016.04.11 10:37:51.529,1.08168,1.08173,2.44,1.00
2016.04.11 10:37:51.734,1.0817,1.08176,1.37,4.81
2016.04.11 10:37:54.037,1.0817,1.08174,1.33,1.05
2016.04.11 10:37:55.252,1.08169,1.08174,1.84,1.16
2016.04.11 10:37:55.894,1.0817,1.08174,2.51,1.16
2016.04.11 10:37:56.442,1.08169,1.08174,2.96,1.16
2016.04.11 10:37:56.748,1.08171,1.08177,1.87,2.25
2016.04.11 10:37:56.901,1.08172,1.08178,1.50,1.69
2016.04.11 10:37:57.004,1.08175,1.08179,1.37,3.19
2016.04.11 10:37:57.106,1.08176,1.0818,1.10,1.01
2016.04.11 10:37:57.634,1.08177,1.08182,1.10,2.82
2016.04.11 10:37:58.002,1.08178,1.08183,1.87,2.47
2016.04.11 10:37:58.104,1.08179,1.08184,1.01,2.75
2016.04.11 10:37:58.612,1.08179,1.08185,1.69,2.94
2016.04.11 10:37:59.119,1.08179,1.08185,2.06,2.94
2016.04.11 10:38:00.010,1.08179,1.08185,1.22,2.94
2016.04.11 10:38:02.464,1.08179,1.08184,1.69,1.92
2016.04.11 10:38:03.014,1.08179,1.08185,2.06,3.69
2016.04.11 10:38:04.576,1.08179,1.08185,3.94,2.36
2016.04.11 10:38:04.729,1.0818,1.08185,1.20,1.61
2016.04.11 10:38:04.982,1.08179,1.08185,2.06,1.70
2016.04.11 10:38:06.236,1.08179,1.08184,2.44,1.60
2016.04.11 10:38:07.369,1.08181,1.08184,1.19,1.30
2016.04.11 10:38:07.878,1.08182,1.08186,1.31,1.70
2016.04.11 10:38:08.032,1.08182,1.08186,1.31,1.10
2016.04.11 10:38:09.743,1.08183,1.08186,1.76,1.10
2016.04.11 10:38:09.794,1.08185,1.08187,1.19,1.00
2016.04.11 10:38:09.845,1.08185,1.08188,2.06,1.00
2016.04.11 10:38:09.997,1.08185,1.08191,2.44,2.25
2016.04.11 10:38:10.300,1.08185,1.08191,2.06,2.25
2016.04.11 10:38:11.440,1.08185,1.0819,2.51,3.79
2016.04.11 10:38:11.947,1.08184,1.0819,1.95,4.16
2016.04.11 10:38:13.938,1.08183,1.0819,10.20,6.41
2016.04.11 10:38:15.514,1.08183,1.08186,12.45,1.00
2016.04.11 10:38:16.060,1.08183,1.0819,5.03,4.72
2016.04.11 10:38:17.561,1.08184,1.0819,1.95,3.60
2016.04.11 10:38:18.168,1.08185,1.08191,3.15,3.60
2016.04.11 10:38:18.674,1.08185,1.08191,4.95,2.85
2016.04.11 10:38:23.185,1.08186,1.08193,5.51,4.16
2016.04.11 10:38:25.601,1.08187,1.08193,2.81,2.29
2016.04.11 10:38:27.917,1.08186,1.0819,1.69,1.00
2016.04.11 10:38:28.069,1.08184,1.08189,1.76,2.62
2016.04.11 10:38:32.871,1.08183,1.08188,1.29,1.50
2016.04.11 10:38:32.973,1.08182,1.08186,1.00,2.00
2016.04.11 10:38:33.378,1.08183,1.08188,3.75,2.14
2016.04.11 10:38:33.530,1.08185,1.0819,2.62,1.69
2016.04.11 10:38:42.038,1.08186,1.0819,1.47,1.22
2016.04.11 10:38:42.575,1.08186,1.08191,4.50,3.04
2016.04.11 10:38:46.613,1.08187,1.08192,1.57,2.14
2016.04.11 10:38:46.664,1.08188,1.08193,1.87,2.14
2016.04.11 10:38:46.816,1.08189,1.08194,1.87,1.31
2016.04.11 10:38:46.968,1.0819,1.08195,3.94,1.12
2016.04.11 10:38:47.019,1.08192,1.08196,2.62,1.12
2016.04.11 10:38:47.071,1.08192,1.08197,2.81,1.12
2016.04.11 10:38:47.324,1.08195,1.082,1.87,1.69
2016.04.11 10:38:47.837,1.08195,1.082,2.62,1.69
2016.04.11 10:38:48.347,1.08196,1.08199,1.50,1.00
2016.04.11 10:38:48.898,1.08196,1.082,1.50,1.25
2016.04.11 10:38:49.910,1.08197,1.08201,1.50,5.44
2016.04.11 10:38:50.417,1.08197,1.08202,2.25,1.50
2016.04.11 10:38:54.172,1.08197,1.08202,1.50,1.01
2016.04.11 10:38:54.678,1.08197,1.08201,1.87,1.00
2016.04.11 10:38:55.714,1.08197,1.08202,1.87,1.09
2016.04.11 10:38:56.170,1.08197,1.08202,1.00,1.76
2016.04.11 10:38:56.374,1.08194,1.08199,4.35,1.22
2016.04.11 10:38:56.693,1.08193,1.08197,1.37,2.92
2016.04.11 10:38:57.002,1.08191,1.08196,4.50,1.57
2016.04.11 10:38:58.370,1.0819,1.08195,3.00,1.22
2016.04.11 10:38:59.974,1.0819,1.08194,2.06,1.29
2016.04.11 10:39:00.227,1.08188,1.08193,2.81,1.80
2016.04.11 10:39:00.380,1.08188,1.08193,1.50,2.00
2016.04.11 10:39:01.492,1.08186,1.08192,1.87,1.69
2016.04.11 10:39:06.734,1.08188,1.08192,1.00,1.69
2016.04.11 10:39:07.842,1.08189,1.08193,1.50,1.65
2016.04.11 10:39:08.045,1.0819,1.08195,1.39,2.17
2016.04.11 10:39:08.551,1.0819,1.08195,1.39,1.01
2016.04.11 10:39:09.310,1.08192,1.08195,1.29,1.10
2016.04.11 10:39:09.411,1.08191,1.08196,1.87,1.69
2016.04.11 10:39:09.956,1.08192,1.08197,1.12,5.47
2016.04.11 10:39:15.880,1.08191,1.08197,2.06,3.94
2016.04.11 10:39:16.487,1.08192,1.08197,1.01,1.75
2016.04.11 10:39:17.018,1.08192,1.08198,2.81,3.56
2016.04.11 10:39:19.192,1.08192,1.08198,3.26,2.00
2016.04.11 10:39:19.708,1.08192,1.08198,2.81,3.19
2016.04.11 10:39:20.315,1.08192,1.08198,2.06,3.37
2016.04.11 10:39:27.210,1.08192,1.08197,2.25,1.22
2016.04.11 10:39:27.716,1.08193,1.08199,2.14,2.44
2016.04.11 10:39:29.357,1.08193,1.08199,3.08,1.22
2016.04.11 10:39:29.409,1.08194,1.082,1.12,2.44
2016.04.11 10:39:33.806,1.08196,1.082,1.12,1.10
2016.04.11 10:39:34.110,1.08199,1.08202,1.10,1.00
2016.04.11 10:39:34.619,1.08198,1.08203,1.12,1.01
2016.04.11 10:39:38.099,1.08198,1.08204,6.37,1.29
2016.04.11 10:39:38.302,1.08199,1.08207,4.31,4.91
2016.04.11 10:39:38.454,1.08199,1.08204,4.31,1.29
2016.04.11 10:39:38.961,1.08199,1.08205,1.87,2.47
2016.04.11 10:39:39.619,1.08199,1.08204,1.20,1.22
2016.04.11 10:39:40.342,1.08198,1.08204,1.87,3.19
2016.04.11 10:39:41.914,1.08197,1.08202,8.25,1.22
2016.04.11 10:39:45.983,1.08198,1.08203,1.12,1.87
2016.04.11 10:39:46.490,1.08198,1.08203,1.12,1.24
2016.04.11 10:39:49.798,1.082,1.08203,1.00,1.56
2016.04.11 10:39:50.337,1.08197,1.08203,1.12,2.89
2016.04.11 10:39:50.876,1.08196,1.08201,1.85,1.12
2016.04.11 10:39:52.997,1.08197,1.08202,1.12,1.25
2016.04.11 10:39:53.515,1.08198,1.08203,1.12,1.76
2016.04.11 10:40:00.507,1.08198,1.08203,1.12,1.69
2016.04.11 10:40:01.306,1.08197,1.08202,1.50,1.54
2016.04.11 10:40:01.963,1.08196,1.08203,4.76,6.04
2016.04.11 10:40:02.267,1.08195,1.082,2.81,2.85
2016.04.11 10:40:02.319,1.08194,1.082,2.96,5.32
2016.04.11 10:40:02.472,1.08193,1.08198,1.69,1.35
2016.04.11 10:40:02.978,1.08192,1.08197,1.19,5.62
2016.04.11 10:40:03.484,1.08192,1.08197,1.29,5.25
2016.04.11 10:40:05.608,1.08192,1.08196,1.19,1.50
2016.04.11 10:40:09.577,1.0819,1.08197,3.19,5.89
2016.04.11 10:40:10.982,1.0819,1.08197,2.67,2.89
2016.04.11 10:40:13.506,1.0819,1.08196,2.44,1.12
2016.04.11 10:40:16.591,1.0819,1.08196,1.47,1.69
2016.04.11 10:40:17.098,1.08189,1.08195,1.69,2.47
2016.04.11 10:40:20.345,1.08188,1.08195,2.06,2.85
2016.04.11 10:40:24.355,1.08189,1.08194,1.29,2.47
2016.04.11 10:40:25.722,1.08189,1.08193,1.19,1.27
2016.04.11 10:40:26.234,1.08189,1.08194,1.29,1.72
2016.04.11 10:40:32.341,1.08188,1.08193,2.06,1.10
2016.04.11 10:40:32.846,1.08189,1.08192,1.19,1.57
2016.04.11 10:40:35.681,1.08189,1.08194,1.69,1.20
2016.04.11 10:40:37.230,1.0819,1.08194,1.29,1.42
2016.04.11 10:40:37.843,1.08193,1.08196,1.29,2.25
2016.04.11 10:40:38.349,1.08193,1.08197,1.29,1.57
2016.04.11 10:40:47.674,1.08193,1.08197,1.29,5.25
2016.04.11 10:40:51.808,1.08193,1.08196,1.19,4.72
2016.04.11 10:40:51.859,1.0819,1.08195,2.14,1.42
2016.04.11 10:40:52.264,1.08189,1.08193,1.19,1.72
2016.04.11 10:40:53.039,1.0819,1.08193,1.19,1.72
2016.04.11 10:40:53.550,1.0819,1.08194,1.19,2.10
2016.04.11 10:40:54.274,1.08192,1.08195,1.19,2.25
2016.04.11 10:40:54.326,1.08192,1.08197,1.39,4.20
2016.04.11 10:40:54.945,1.08192,1.08196,1.76,1.00
2016.04.11 10:40:58.128,1.08192,1.08197,1.29,4.91
2016.04.11 10:40:59.512,1.08192,1.08197,1.19,5.96
2016.04.11 10:41:00.439,1.08195,1.08197,1.19,2.62
2016.04.11 10:41:00.540,1.082,1.08202,1.19,2.25
2016.04.11 10:41:00.945,1.08201,1.08205,1.19,2.62
2016.04.11 10:41:05.062,1.08203,1.08206,1.19,2.25
2016.04.11 10:41:05.466,1.08203,1.08207,1.19,3.97
2016.04.11 10:41:07.321,1.08204,1.08207,1.25,1.42
2016.04.11 10:41:07.372,1.08206,1.08208,1.19,1.12
2016.04.11 10:41:07.525,1.08206,1.0821,1.29,1.55
2016.04.11 10:41:08.032,1.08206,1.08211,1.39,4.12
2016.04.11 10:41:08.735,1.08206,1.08211,1.31,6.59
2016.04.11 10:41:15.050,1.08204,1.0821,6.94,1.12
2016.04.11 10:41:20.953,1.08205,1.08209,1.31,1.27
2016.04.11 10:41:21.208,1.08203,1.08207,1.29,1.05
2016.04.11 10:41:21.411,1.08201,1.08205,3.53,1.00
2016.04.11 10:41:21.917,1.08201,1.08205,1.20,1.87
2016.04.11 10:41:23.436,1.08201,1.08206,1.39,1.12
2016.04.11 10:41:23.690,1.08201,1.08207,1.69,2.92
2016.04.11 10:41:26.445,1.08202,1.08207,1.48,1.00
2016.04.11 10:41:26.952,1.08202,1.08207,2.70,1.00
2016.04.11 10:41:27.710,1.08202,1.08208,1.95,1.00
2016.04.11 10:41:31.508,1.08203,1.08208,1.69,1.37
2016.04.11 10:41:32.014,1.08203,1.08208,1.31,1.57
2016.04.11 10:41:32.517,1.08203,1.08208,1.31,1.47
2016.04.11 10:41:33.540,1.08203,1.08208,1.31,3.45
2016.04.11 10:41:35.142,1.08203,1.08208,1.29,2.25
2016.04.11 10:41:38.955,1.08203,1.08207,1.29,2.55
2016.04.11 10:41:39.677,1.08203,1.08207,1.29,3.67
