2009.02.27 11:00:04.831,0.975,0.97505,4.60,1.60
2009.02.27 11:00:05.631,0.9749,0.975,7.60,4.80
2009.02.27 11:00:05.851,0.9749,0.975,6.60,6.00
2009.02.27 11:00:09.140,0.975,0.97505,4.60,3.20
2009.02.27 11:00:09.440,0.975,0.9751,6.60,10.80
2009.02.27 11:00:09.730,0.975,0.9751,6.60,7.60
2009.02.27 11:00:13.949,0.97505,0.97515,9.20,10.80
2009.02.27 11:00:14.128,0.975,0.9751,5.20,6.00
2009.02.27 11:00:14.359,0.975,0.9751,6.60,6.00
2009.02.27 11:00:14.709,0.975,0.9751,6.60,7.60
2009.02.27 11:00:18.307,0.975,0.9751,6.60,9.20
2009.02.27 11:00:19.477,0.975,0.9751,4.60,10.00
2009.02.27 11:00:19.907,0.9749,0.97495,2.00,8.00
2009.02.27 11:00:20.307,0.97485,0.97495,4.60,8.00
2009.02.27 11:00:20.827,0.97485,0.9749,4.60,1.60
2009.02.27 11:00:21.957,0.97485,0.97495,4.60,12.00
2009.02.27 11:00:22.307,0.97485,0.97495,4.60,8.00
2009.02.27 11:00:23.017,0.97485,0.97495,12.60,8.00
2009.02.27 11:00:23.576,0.97485,0.97495,13.60,6.40
2009.02.27 11:00:24.036,0.97485,0.97495,5.60,6.40
2009.02.27 11:00:24.546,0.97485,0.9749,4.60,1.60
2009.02.27 11:00:24.826,0.97485,0.97495,4.60,6.40
2009.02.27 11:00:28.695,0.97485,0.9749,4.60,12.80
2009.02.27 11:00:29.045,0.9747,0.9748,10.00,6.00
2009.02.27 11:00:30.025,0.9747,0.9748,9.20,6.00
2009.02.27 11:00:30.595,0.97465,0.97475,4.60,4.80
2009.02.27 11:00:32.374,0.97465,0.97475,5.60,4.80
2009.02.27 11:00:33.044,0.9746,0.9747,22.00,4.80
2009.02.27 11:00:33.384,0.9746,0.97465,1.60,4.80
2009.02.27 11:00:33.714,0.97455,0.97465,12.60,4.80
2009.02.27 11:00:34.314,0.97455,0.97465,4.60,4.80
2009.02.27 11:00:35.174,0.97455,0.97465,5.60,4.80
2009.02.27 11:00:35.864,0.97455,0.97465,4.60,6.40
2009.02.27 11:00:36.553,0.97455,0.97465,5.60,4.80
2009.02.27 11:00:36.833,0.97455,0.97465,4.60,6.40
2009.02.27 11:00:37.753,0.97455,0.97465,9.60,4.80
2009.02.27 11:00:38.553,0.97455,0.9747,9.60,12.80
2009.02.27 11:00:39.163,0.9747,0.9748,1.20,12.80
2009.02.27 11:00:39.493,0.9747,0.97485,9.00,20.80
2009.02.27 11:00:40.043,0.9747,0.97485,9.00,11.20
2009.02.27 11:00:40.442,0.9747,0.97485,9.00,1.60
2009.02.27 11:00:41.762,0.97465,0.9747,11.60,4.80
2009.02.27 11:00:41.932,0.9746,0.9747,17.60,4.80
2009.02.27 11:00:42.382,0.9746,0.9747,9.20,4.80
2009.02.27 11:00:46.331,0.9746,0.9747,8.20,4.80
2009.02.27 11:00:46.791,0.9746,0.9747,9.20,4.80
2009.02.27 11:00:48.930,0.9746,0.9747,8.20,4.80
2009.02.27 11:00:51.909,0.9746,0.9747,8.20,6.00
2009.02.27 11:00:52.389,0.9746,0.97465,1.60,4.80
2009.02.27 11:00:52.849,0.97455,0.97465,17.40,6.00
2009.02.27 11:00:53.079,0.9746,0.9747,6.60,6.00
2009.02.27 11:00:53.829,0.97455,0.97465,10.40,4.80
2009.02.27 11:00:54.109,0.97455,0.97465,5.60,4.80
2009.02.27 11:00:57.538,0.9746,0.9747,8.20,14.00
2009.02.27 11:00:57.838,0.9746,0.9747,8.20,6.00
2009.02.27 11:01:05.296,0.9746,0.9747,9.20,6.00
2009.02.27 11:01:05.646,0.9746,0.9747,8.20,6.00
2009.02.27 11:01:09.525,0.9746,0.9747,8.20,7.60
2009.02.27 11:01:09.865,0.9745,0.9746,14.30,6.00
2009.02.27 11:01:10.155,0.9745,0.9746,13.00,6.00
2009.02.27 11:01:10.565,0.97445,0.97455,9.40,4.80
2009.02.27 11:01:12.155,0.97445,0.97455,10.40,4.80
2009.02.27 11:01:12.735,0.9745,0.9746,4.60,10.80
2009.02.27 11:01:13.704,0.97455,0.97465,4.60,6.40
2009.02.27 11:01:14.164,0.97455,0.97465,4.60,4.80
2009.02.27 11:01:14.624,0.9745,0.97465,17.20,4.80
2009.02.27 11:01:15.024,0.9745,0.97465,4.60,14.40
2009.02.27 11:01:21.882,0.9745,0.97465,4.60,14.40
2009.02.27 11:01:24.692,0.9746,0.97465,1.00,14.40
2009.02.27 11:01:25.042,0.97455,0.97465,5.80,4.80
2009.02.27 11:01:25.651,0.9746,0.9747,4.60,17.20
2009.02.27 11:01:25.881,0.9746,0.9747,6.60,6.00
2009.02.27 11:01:26.991,0.9746,0.9747,6.60,7.60
2009.02.27 11:01:28.421,0.97455,0.9746,10.20,4.80
2009.02.27 11:01:28.761,0.9745,0.97455,8.00,4.80
2009.02.27 11:01:29.271,0.97445,0.97455,9.40,4.80
2009.02.27 11:01:32.710,0.97445,0.97455,10.40,4.80
2009.02.27 11:01:35.269,0.97445,0.97455,14.40,4.80
2009.02.27 11:01:35.549,0.9745,0.97455,5.00,4.80
2009.02.27 11:01:36.379,0.97445,0.97455,13.40,4.80
2009.02.27 11:01:36.669,0.97445,0.97455,9.40,4.80
2009.02.27 11:01:41.248,0.9744,0.9745,24.00,4.80
2009.02.27 11:01:41.538,0.9744,0.9745,11.40,6.00
2009.02.27 11:01:41.827,0.9744,0.9745,11.40,7.60
2009.02.27 11:01:42.917,0.9744,0.9745,6.60,7.60
2009.02.27 11:01:47.706,0.97435,0.97445,22.00,4.80
2009.02.27 11:01:48.236,0.97435,0.97445,12.60,4.80
2009.02.27 11:01:48.346,0.97435,0.97445,4.60,4.80
2009.02.27 11:01:56.054,0.9744,0.9745,6.60,18.80
2009.02.27 11:01:56.574,0.97435,0.97445,4.60,4.80
2009.02.27 11:01:56.914,0.97435,0.97445,5.60,4.80
2009.02.27 11:01:57.384,0.97435,0.97445,4.60,4.80
2009.02.27 11:01:58.623,0.97435,0.97445,4.60,6.40
2009.02.27 11:01:59.543,0.97435,0.97445,4.60,4.80
2009.02.27 11:02:01.413,0.97435,0.97445,4.60,6.40
2009.02.27 11:02:02.062,0.97435,0.97445,4.60,4.80
2009.02.27 11:02:02.693,0.97435,0.97445,4.60,6.40
2009.02.27 11:02:02.982,0.97435,0.97445,4.60,4.80
2009.02.27 11:02:07.871,0.97435,0.97445,9.40,4.80
2009.02.27 11:02:11.870,0.97435,0.97445,9.40,6.00
2009.02.27 11:02:12.600,0.97435,0.97445,4.60,6.00
2009.02.27 11:02:13.120,0.97435,0.97445,9.40,4.80
2009.02.27 11:02:19.428,0.97435,0.97445,9.40,6.40
2009.02.27 11:02:20.888,0.97435,0.97445,9.40,4.80
2009.02.27 11:02:27.596,0.97435,0.9745,9.40,20.40
2009.02.27 11:02:27.936,0.97435,0.9745,9.40,17.20
2009.02.27 11:02:31.056,0.97435,0.9745,10.40,17.20
2009.02.27 11:02:31.685,0.97435,0.9745,9.40,17.20
2009.02.27 11:02:37.294,0.97435,0.9745,9.40,20.40
2009.02.27 11:02:40.813,0.97435,0.97445,9.40,1.60
2009.02.27 11:02:41.913,0.97435,0.9745,9.40,10.80
2009.02.27 11:02:42.333,0.97435,0.9745,9.40,20.40
2009.02.27 11:02:43.192,0.97435,0.9744,9.40,1.60
2009.02.27 11:02:43.423,0.97435,0.9745,9.40,20.40
2009.02.27 11:02:43.662,0.97435,0.9745,4.60,20.40
2009.02.27 11:02:46.302,0.97435,0.97445,4.60,1.60
2009.02.27 11:02:48.901,0.97435,0.9745,4.60,28.40
2009.02.27 11:02:49.451,0.97435,0.9745,4.60,18.60
2009.02.27 11:02:49.851,0.97435,0.9745,5.60,14.00
2009.02.27 11:02:50.301,0.97435,0.9745,4.60,15.40
2009.02.27 11:02:57.829,0.97435,0.9745,4.60,15.60
2009.02.27 11:03:00.759,0.97435,0.9745,4.60,18.80
2009.02.27 11:03:01.158,0.97435,0.9745,4.60,15.60
2009.02.27 11:03:05.217,0.97435,0.9745,4.60,18.80
2009.02.27 11:03:07.777,0.97435,0.9745,5.60,18.80
2009.02.27 11:03:08.136,0.97435,0.97445,4.60,5.60
2009.02.27 11:03:08.756,0.97435,0.9744,4.60,1.60
2009.02.27 11:03:09.176,0.97435,0.9745,4.60,20.40
2009.02.27 11:03:09.508,0.97435,0.9745,4.60,30.00
2009.02.27 11:03:09.846,0.97435,0.97445,4.60,1.60
2009.02.27 11:03:10.766,0.9743,0.9744,9.20,1.20
2009.02.27 11:03:11.216,0.9743,0.9744,6.20,2.80
2009.02.27 11:03:11.726,0.9743,0.9744,8.20,1.20
2009.02.27 11:03:12.435,0.9743,0.9744,8.20,2.80
2009.02.27 11:03:12.825,0.9743,0.9744,8.20,1.20
2009.02.27 11:03:13.265,0.9743,0.9744,9.20,1.20
2009.02.27 11:03:13.485,0.9743,0.9744,8.20,1.20
2009.02.27 11:03:22.133,0.9743,0.9744,9.20,1.20
2009.02.27 11:03:22.483,0.9743,0.9744,9.20,5.20
2009.02.27 11:03:23.003,0.9743,0.9744,8.20,1.20
2009.02.27 11:03:25.013,0.9744,0.97445,11.40,16.00
2009.02.27 11:03:25.192,0.97445,0.9746,12.60,8.80
2009.02.27 11:03:25.493,0.97445,0.9746,12.60,1.60
2009.02.27 11:03:25.653,0.97445,0.9746,8.80,1.60
2009.02.27 11:03:25.942,0.97445,0.9746,14.80,1.60
2009.02.27 11:03:26.402,0.9745,0.97465,17.40,1.60
2009.02.27 11:03:26.912,0.97455,0.9746,4.60,3.20
2009.02.27 11:03:27.292,0.97455,0.9747,13.60,11.20
2009.02.27 11:03:27.682,0.97455,0.9747,13.60,1.60
2009.02.27 11:03:28.482,0.97455,0.97475,13.60,29.60
2009.02.27 11:03:28.981,0.97455,0.97475,13.60,28.80
2009.02.27 11:03:29.422,0.97455,0.9747,13.60,1.60
2009.02.27 11:03:30.111,0.97455,0.9746,12.60,1.60
2009.02.27 11:03:30.212,0.97455,0.9746,4.60,1.60
2009.02.27 11:03:30.841,0.97455,0.9747,5.60,30.00
2009.02.27 11:03:31.452,0.97455,0.9747,13.60,3.20
2009.02.27 11:03:33.031,0.97455,0.9746,14.20,4.00
2009.02.27 11:03:33.370,0.97455,0.9746,12.80,1.60
2009.02.27 11:03:33.880,0.97455,0.9747,4.60,4.80
2009.02.27 11:03:34.170,0.97455,0.9747,13.60,1.60
2009.02.27 11:03:35.150,0.97455,0.97475,14.00,17.60
2009.02.27 11:03:35.500,0.97455,0.97475,27.40,8.00
2009.02.27 11:03:35.920,0.97455,0.97475,23.20,8.00
2009.02.27 11:03:36.310,0.9746,0.97475,12.60,1.60
2009.02.27 11:03:37.190,0.97455,0.97465,5.40,6.40
2009.02.27 11:03:37.540,0.97455,0.97465,1.20,9.60
2009.02.27 11:03:37.951,0.97455,0.9747,22.60,1.60
2009.02.27 11:03:38.180,0.97455,0.97475,22.60,6.40
2009.02.27 11:03:38.689,0.97455,0.97475,23.00,6.40
2009.02.27 11:03:39.600,0.97455,0.9747,5.40,6.40
2009.02.27 11:03:39.719,0.97455,0.9747,4.60,6.40
2009.02.27 11:03:40.059,0.97455,0.9747,4.60,9.60
2009.02.27 11:03:42.238,0.97455,0.9747,4.60,19.20
2009.02.27 11:03:42.528,0.97455,0.9747,4.60,20.80
2009.02.27 11:03:43.258,0.97455,0.9747,5.60,20.80
2009.02.27 11:03:43.608,0.97455,0.9746,4.60,1.60
2009.02.27 11:03:43.948,0.97455,0.9746,4.60,4.00
2009.02.27 11:03:44.228,0.97455,0.9747,4.60,20.80
2009.02.27 11:03:46.327,0.97455,0.9747,4.60,4.80
2009.02.27 11:03:46.617,0.97455,0.9747,12.60,1.60
2009.02.27 11:03:48.657,0.97455,0.97465,12.60,1.60
2009.02.27 11:03:49.397,0.97455,0.97465,14.00,1.60
2009.02.27 11:03:49.757,0.97455,0.97465,17.20,1.60
2009.02.27 11:03:50.556,0.9745,0.97455,20.30,1.60
2009.02.27 11:03:51.026,0.97435,0.9744,8.40,9.60
2009.02.27 11:03:51.416,0.9743,0.9744,8.20,11.20
2009.02.27 11:03:52.016,0.9743,0.97435,3.60,1.60
2009.02.27 11:03:52.236,0.97425,0.97435,4.60,3.20
2009.02.27 11:03:53.006,0.97425,0.97435,4.60,1.60
2009.02.27 11:03:54.326,0.97425,0.97435,4.60,3.00
2009.02.27 11:04:00.444,0.97425,0.97435,12.60,12.80
2009.02.27 11:04:01.114,0.97425,0.97435,12.60,1.60
2009.02.27 11:04:04.683,0.97425,0.9744,12.60,12.80
2009.02.27 11:04:06.692,0.97425,0.9744,12.60,16.80
2009.02.27 11:04:07.092,0.97425,0.97435,12.60,5.40
2009.02.27 11:04:07.642,0.97425,0.9744,12.60,16.60
2009.02.27 11:04:07.822,0.97425,0.97435,12.60,5.40
2009.02.27 11:04:13.331,0.97425,0.9744,13.60,12.80
2009.02.27 11:04:14.191,0.97425,0.97435,9.00,4.80
2009.02.27 11:04:14.472,0.9742,0.97435,5.60,26.80
2009.02.27 11:04:14.581,0.97425,0.97435,12.60,6.20
2009.02.27 11:04:14.870,0.97425,0.97435,12.60,4.80
2009.02.27 11:04:15.231,0.97425,0.9744,12.60,16.80
2009.02.27 11:04:15.980,0.97425,0.97435,12.60,5.40
2009.02.27 11:04:16.320,0.97425,0.9744,13.60,12.80
2009.02.27 11:04:17.440,0.97425,0.9744,13.60,12.80
2009.02.27 11:04:17.660,0.97425,0.9744,13.80,12.80
2009.02.27 11:04:18.250,0.97425,0.9744,12.80,12.80
2009.02.27 11:04:19.439,0.97425,0.9744,13.80,12.80
2009.02.27 11:04:20.469,0.97425,0.9744,13.80,11.20
2009.02.27 11:04:21.509,0.97425,0.9744,13.80,12.80
2009.02.27 11:04:28.787,0.97425,0.9744,12.80,12.80
2009.02.27 11:04:29.137,0.97425,0.97435,12.80,1.60
2009.02.27 11:04:30.327,0.97425,0.9744,12.80,12.80
2009.02.27 11:04:30.967,0.9744,0.97445,4.60,4.00
2009.02.27 11:04:31.327,0.97435,0.97445,5.60,1.60
2009.02.27 11:04:32.286,0.97435,0.97445,4.60,1.60
2009.02.27 11:04:36.835,0.97435,0.97445,5.40,1.60
2009.02.27 11:04:37.075,0.97435,0.9745,6.40,26.80
2009.02.27 11:04:37.185,0.9744,0.9745,4.60,4.40
2009.02.27 11:04:37.415,0.9744,0.9745,6.60,2.40
2009.02.27 11:04:44.444,0.9744,0.9745,6.60,3.20
2009.02.27 11:04:44.553,0.9744,0.9745,4.60,20.40
2009.02.27 11:04:44.893,0.97435,0.9745,4.60,26.80
2009.02.27 11:04:45.243,0.97435,0.9745,4.60,35.60
2009.02.27 11:04:45.413,0.9743,0.9744,6.60,1.20
2009.02.27 11:04:45.693,0.97435,0.97445,12.60,14.40
2009.02.27 11:04:45.873,0.97435,0.97455,13.60,31.20
2009.02.27 11:04:46.503,0.9744,0.97455,5.60,29.60
2009.02.27 11:04:46.673,0.97445,0.9746,13.60,1.60
2009.02.27 11:04:46.953,0.97445,0.97455,17.40,1.60
2009.02.27 11:04:47.133,0.97445,0.97455,21.00,1.60
2009.02.27 11:04:48.732,0.97445,0.97455,22.00,1.60
2009.02.27 11:04:49.402,0.9745,0.97455,4.60,1.60
2009.02.27 11:04:49.522,0.9745,0.97455,8.40,1.60
2009.02.27 11:04:51.462,0.9745,0.9746,8.40,5.60
2009.02.27 11:04:51.752,0.9745,0.9746,8.40,1.60
2009.02.27 11:04:52.882,0.9745,0.97465,8.40,6.40
2009.02.27 11:04:53.741,0.9745,0.97465,8.40,14.40
2009.02.27 11:04:55.031,0.9745,0.97465,8.40,6.40
2009.02.27 11:04:57.911,0.97455,0.97465,4.60,6.40
2009.02.27 11:04:58.150,0.97455,0.97465,9.40,1.60
2009.02.27 11:04:58.380,0.97455,0.9747,9.40,20.20
2009.02.27 11:04:58.840,0.97455,0.9747,9.40,18.60
2009.02.27 11:04:59.240,0.97455,0.97465,9.40,4.80
2009.02.27 11:04:59.630,0.97455,0.97465,4.60,4.80
2009.02.27 11:05:00.029,0.9745,0.97465,17.40,6.40
2009.02.27 11:05:00.530,0.9745,0.97465,2.20,6.40
2009.02.27 11:05:01.039,0.97445,0.9745,23.20,1.00
2009.02.27 11:05:01.449,0.97445,0.9745,13.60,1.00
2009.02.27 11:05:03.379,0.97445,0.97455,18.40,2.00
2009.02.27 11:05:03.659,0.97445,0.97465,18.40,20.80
2009.02.27 11:05:03.890,0.97445,0.97465,18.40,19.20
2009.02.27 11:05:04.059,0.97445,0.97465,22.00,6.40
2009.02.27 11:05:29.473,0.9745,0.97465,8.00,6.40
2009.02.27 11:05:29.772,0.97455,0.97465,4.60,4.80
2009.02.27 11:05:31.112,0.9745,0.9746,20.40,4.80
2009.02.27 11:05:31.502,0.9745,0.9746,19.40,6.00
2009.02.27 11:05:31.952,0.9745,0.9746,11.40,6.00
2009.02.27 11:05:33.032,0.9745,0.9746,6.60,6.00
2009.02.27 11:05:36.461,0.97455,0.97465,4.60,17.60
2009.02.27 11:05:36.821,0.97455,0.97465,4.60,4.80
2009.02.27 11:05:37.221,0.97455,0.97465,4.60,8.80
2009.02.27 11:05:37.790,0.97455,0.9746,4.60,1.60
2009.02.27 11:05:40.320,0.97455,0.97465,4.60,4.80
2009.02.27 11:05:58.876,0.97455,0.97465,4.60,6.40
2009.02.27 11:05:59.116,0.9745,0.97455,9.00,6.40
2009.02.27 11:05:59.335,0.97445,0.9745,6.00,1.20
2009.02.27 11:05:59.505,0.9744,0.9745,6.60,17.20
2009.02.27 11:05:59.745,0.9744,0.97445,4.60,1.60
2009.02.27 11:06:00.335,0.97435,0.97445,4.60,6.40
2009.02.27 11:06:09.113,0.97435,0.97445,5.60,6.40
2009.02.27 11:06:16.961,0.9744,0.97445,1.20,6.40
2009.02.27 11:06:17.521,0.97435,0.97445,4.60,6.40
2009.02.27 11:06:20.380,0.97435,0.97445,8.60,6.40
2009.02.27 11:06:20.730,0.97435,0.97445,5.60,6.40
2009.02.27 11:06:21.890,0.97435,0.97445,4.60,6.40
2009.02.27 11:06:45.764,0.97435,0.97445,4.80,6.40
2009.02.27 11:07:16.987,0.97435,0.97445,4.60,6.40
2009.02.27 11:07:17.097,0.97435,0.97445,4.60,6.40
2009.02.27 11:07:28.944,0.97435,0.97445,5.60,6.40
2009.02.27 11:07:29.294,0.9744,0.9745,4.60,10.80
2009.02.27 11:07:29.594,0.9744,0.9745,6.60,7.60
2009.02.27 11:07:47.649,0.9744,0.9745,6.60,6.00
2009.02.27 11:07:47.819,0.97445,0.97455,4.60,16.00
2009.02.27 11:07:48.099,0.97445,0.97455,4.60,6.40
2009.02.27 11:07:48.219,0.9745,0.9746,4.60,30.00
2009.02.27 11:07:48.509,0.9745,0.9746,4.60,26.80
2009.02.27 11:07:48.689,0.97445,0.9746,22.00,1.60
2009.02.27 11:07:51.069,0.9745,0.97465,1.20,17.20
2009.02.27 11:07:51.688,0.97455,0.97465,1.80,12.80
2009.02.27 11:07:52.598,0.9746,0.9747,4.60,14.00
2009.02.27 11:07:53.048,0.97455,0.97465,14.40,8.00
2009.02.27 11:07:53.568,0.9746,0.97465,5.00,4.80
2009.02.27 11:07:53.968,0.97455,0.97465,10.40,4.80
2009.02.27 11:07:54.377,0.97455,0.97465,9.40,4.80
2009.02.27 11:07:54.778,0.97455,0.97465,10.40,4.80
2009.02.27 11:07:55.067,0.97455,0.97465,9.40,4.80
2009.02.27 11:07:56.607,0.97455,0.97465,10.40,4.80
2009.02.27 11:07:56.957,0.9744,0.9745,15.20,6.00
2009.02.27 11:07:57.817,0.9744,0.97455,11.40,6.00
2009.02.27 11:07:58.217,0.9744,0.9745,6.60,6.00
2009.02.27 11:07:59.516,0.9744,0.9745,8.20,6.00
2009.02.27 11:08:01.106,0.9744,0.9745,6.60,6.00
2009.02.27 11:08:02.266,0.97445,0.97455,5.60,8.00
2009.02.27 11:08:02.625,0.97445,0.9746,13.60,1.60
2009.02.27 11:08:02.745,0.97445,0.97455,13.60,4.80
2009.02.27 11:08:03.735,0.97445,0.97455,4.60,4.80
2009.02.27 11:08:04.195,0.97445,0.97455,5.60,4.80
2009.02.27 11:08:06.624,0.9745,0.97455,5.00,4.80
2009.02.27 11:08:07.084,0.97455,0.9746,5.00,5.60
2009.02.27 11:08:07.904,0.97455,0.97465,5.00,24.00
2009.02.27 11:08:08.194,0.97455,0.97465,5.00,27.20
2009.02.27 11:08:08.964,0.97455,0.97465,5.60,16.00
2009.02.27 11:08:09.834,0.97455,0.97465,5.60,4.80
2009.02.27 11:08:11.394,0.97455,0.97465,9.60,4.80
2009.02.27 11:08:12.093,0.97455,0.97465,8.60,14.40
2009.02.27 11:08:12.333,0.9745,0.97465,13.60,6.40
2009.02.27 11:08:12.673,0.9745,0.97465,5.60,14.40
2009.02.27 11:08:13.133,0.9745,0.97465,1.20,17.60
2009.02.27 11:08:14.113,0.97455,0.97465,4.60,8.00
2009.02.27 11:08:14.563,0.9745,0.97465,1.20,12.80
2009.02.27 11:08:14.853,0.9745,0.97465,1.20,16.00
2009.02.27 11:08:15.323,0.9745,0.97465,1.20,17.60
2009.02.27 11:08:15.962,0.97445,0.97465,22.00,14.40
2009.02.27 11:08:19.531,0.97445,0.97465,22.00,17.60
2009.02.27 11:08:26.710,0.97445,0.97465,22.00,9.60
2009.02.27 11:08:28.930,0.97445,0.97465,22.00,6.40
2009.02.27 11:08:31.459,0.97445,0.97455,12.60,4.80
2009.02.27 11:08:31.798,0.97445,0.97455,4.60,4.80
2009.02.27 11:08:58.132,0.9745,0.9746,4.60,15.60
2009.02.27 11:08:58.512,0.9745,0.9746,6.60,6.00
2009.02.27 11:08:59.262,0.9745,0.9746,8.20,6.00
2009.02.27 11:09:00.002,0.97455,0.9746,4.60,1.20
2009.02.27 11:09:00.472,0.97455,0.97465,4.60,4.80
2009.02.27 11:09:01.382,0.9746,0.9747,4.60,10.80
2009.02.27 11:09:01.901,0.9746,0.9747,8.20,6.00
2009.02.27 11:09:06.410,0.9746,0.9747,8.20,7.60
2009.02.27 11:09:06.880,0.9746,0.9747,8.20,6.00
2009.02.27 11:09:07.330,0.9746,0.9747,8.20,7.60
2009.02.27 11:09:07.860,0.9746,0.9747,8.20,6.00
2009.02.27 11:09:10.599,0.9746,0.9747,9.20,6.00
2009.02.27 11:09:11.049,0.97465,0.97475,5.60,4.80
2009.02.27 11:09:11.559,0.97465,0.97475,4.60,4.80
2009.02.27 11:09:15.808,0.97465,0.97475,4.80,4.80
2009.02.27 11:09:16.957,0.97465,0.97475,9.60,4.80
2009.02.27 11:09:17.187,0.9747,0.9748,6.60,15.60
2009.02.27 11:09:17.408,0.9747,0.9748,6.60,14.00
2009.02.27 11:09:17.647,0.9747,0.9748,6.60,6.00
2009.02.27 11:09:18.907,0.9747,0.9748,8.20,6.80
2009.02.27 11:09:25.406,0.9747,0.97475,1.60,4.80
2009.02.27 11:09:25.846,0.97465,0.97475,9.60,4.80
2009.02.27 11:09:26.415,0.97465,0.97475,4.80,4.80
2009.02.27 11:09:28.225,0.9747,0.9748,4.60,6.00
2009.02.27 11:09:28.825,0.9747,0.9748,6.60,6.00
2009.02.27 11:09:29.125,0.9747,0.9748,8.20,6.80
2009.02.27 11:09:30.145,0.9747,0.9748,17.00,6.80
2009.02.27 11:09:30.824,0.9748,0.9749,6.60,7.60
2009.02.27 11:09:31.234,0.97485,0.9749,4.60,1.60
2009.02.27 11:09:33.004,0.97485,0.97495,4.60,11.20
2009.02.27 11:09:33.513,0.97485,0.97495,4.60,7.20
2009.02.27 11:09:33.923,0.97485,0.97495,4.60,15.20
2009.02.27 11:09:34.613,0.9748,0.9749,13.00,6.00
2009.02.27 11:09:34.953,0.9748,0.9749,13.00,7.60
2009.02.27 11:09:35.643,0.9748,0.9749,13.00,6.00
2009.02.27 11:09:35.983,0.9748,0.9749,8.20,6.00
2009.02.27 11:09:36.743,0.97485,0.97495,4.60,16.00
2009.02.27 11:09:37.243,0.97485,0.97495,4.60,4.80
2009.02.27 11:09:42.881,0.9749,0.975,4.60,30.60
2009.02.27 11:09:43.322,0.9749,0.975,6.20,19.60
2009.02.27 11:09:43.671,0.97485,0.97495,4.60,4.80
2009.02.27 11:09:43.951,0.9748,0.97495,8.00,9.60
2009.02.27 11:09:44.191,0.97475,0.97495,22.00,28.80
2009.02.27 11:09:44.411,0.97475,0.97495,22.00,29.40
2009.02.27 11:09:44.861,0.97475,0.97495,17.20,29.40
2009.02.27 11:09:45.091,0.97475,0.97495,13.60,29.40
2009.02.27 11:09:46.910,0.97475,0.9749,13.60,2.20
2009.02.27 11:09:47.081,0.97475,0.97485,4.60,4.80
2009.02.27 11:09:58.148,0.97475,0.9749,4.60,33.00
2009.02.27 11:10:01.637,0.97475,0.9749,4.60,31.40
2009.02.27 11:10:01.747,0.97475,0.9749,4.60,30.00
2009.02.27 11:10:07.096,0.97475,0.9749,4.60,32.40
2009.02.27 11:10:07.615,0.97475,0.9749,4.60,32.20
2009.02.27 11:10:08.006,0.97475,0.9749,4.60,30.00
2009.02.27 11:10:16.263,0.97475,0.9749,4.60,25.20
2009.02.27 11:10:16.673,0.9749,0.97495,4.60,23.20
2009.02.27 11:10:16.963,0.9749,0.975,2.00,11.60
2009.02.27 11:10:17.323,0.97485,0.975,5.60,12.20
2009.02.27 11:10:17.933,0.97485,0.97495,5.60,1.20
2009.02.27 11:10:18.383,0.97485,0.97495,4.60,1.20
2009.02.27 11:10:18.723,0.97485,0.975,4.60,22.80
2009.02.27 11:10:19.393,0.97475,0.97495,23.40,6.40
2009.02.27 11:10:19.902,0.97475,0.97495,23.40,14.40
2009.02.27 11:10:22.872,0.9748,0.97495,2.40,14.40
2009.02.27 11:10:23.501,0.97485,0.97495,4.60,9.60
2009.02.27 11:10:24.002,0.9748,0.97495,9.00,6.80
2009.02.27 11:10:24.461,0.9748,0.97495,1.20,14.80
2009.02.27 11:10:24.681,0.97475,0.97495,22.00,14.40
2009.02.27 11:10:26.571,0.9748,0.97495,1.20,16.00
2009.02.27 11:10:26.921,0.97475,0.9749,9.40,15.60
2009.02.27 11:10:32.359,0.97475,0.9749,9.40,16.80
2009.02.27 11:10:32.639,0.97475,0.9749,4.60,18.40
2009.02.27 11:10:33.169,0.97475,0.9749,4.60,21.60
2009.02.27 11:10:41.477,0.97475,0.9749,4.60,33.00
2009.02.27 11:10:45.356,0.97475,0.9749,5.60,23.40
2009.02.27 11:10:45.826,0.97475,0.9749,5.60,11.20
2009.02.27 11:10:46.066,0.97475,0.9749,5.60,19.20
2009.02.27 11:10:47.786,0.9748,0.9749,5.00,19.20
2009.02.27 11:10:50.246,0.9748,0.9749,5.00,17.20
2009.02.27 11:10:51.015,0.97485,0.9749,1.20,1.20
2009.02.27 11:10:51.415,0.97485,0.97495,5.00,14.80
2009.02.27 11:10:52.055,0.97485,0.975,4.60,21.80
2009.02.27 11:10:52.555,0.97485,0.975,4.60,23.00
2009.02.27 11:10:53.044,0.97485,0.975,4.60,32.20
2009.02.27 11:10:55.704,0.97485,0.975,4.60,31.00
2009.02.27 11:10:56.034,0.97485,0.975,4.60,32.20
2009.02.27 11:10:56.314,0.97485,0.97495,4.60,1.60
2009.02.27 11:10:57.103,0.9748,0.9749,1.60,1.60
2009.02.27 11:10:57.503,0.97475,0.9749,22.00,1.60
2009.02.27 11:10:58.453,0.97475,0.97495,22.00,14.40
2009.02.27 11:11:00.563,0.97475,0.9749,22.00,1.60
2009.02.27 11:11:01.652,0.97475,0.9749,18.40,1.60
2009.02.27 11:11:03.572,0.97475,0.97495,18.40,25.60
2009.02.27 11:11:04.592,0.97475,0.9749,18.40,1.60
2009.02.27 11:11:05.412,0.97475,0.9749,13.60,1.60
2009.02.27 11:11:20.958,0.97475,0.9749,22.00,1.60
2009.02.27 11:11:24.047,0.97475,0.97495,22.00,14.40
2009.02.27 11:11:24.397,0.97475,0.9749,22.00,1.60
2009.02.27 11:11:35.914,0.97475,0.97495,22.00,14.40
2009.02.27 11:11:41.963,0.9748,0.97495,1.20,14.80
2009.02.27 11:11:44.992,0.97485,0.97495,4.60,10.00
2009.02.27 11:11:45.232,0.97485,0.975,4.60,34.80
2009.02.27 11:11:45.642,0.97485,0.975,4.60,33.80
2009.02.27 11:11:46.352,0.97485,0.975,4.60,20.60
2009.02.27 11:11:46.702,0.97485,0.975,4.60,21.80
2009.02.27 11:11:48.631,0.97485,0.975,4.60,21.20
2009.02.27 11:11:49.301,0.97485,0.975,4.60,19.60
2009.02.27 11:11:56.829,0.97485,0.97495,4.60,1.60
2009.02.27 11:11:57.119,0.97485,0.975,4.60,20.20
2009.02.27 11:12:00.178,0.97485,0.975,4.60,18.60
2009.02.27 11:12:01.368,0.97485,0.975,4.60,20.20
2009.02.27 11:12:19.154,0.97485,0.975,4.60,19.60
2009.02.27 11:12:19.483,0.97485,0.975,5.60,20.20
2009.02.27 11:12:19.993,0.9749,0.975,5.20,20.20
2009.02.27 11:12:20.393,0.97485,0.975,10.60,18.40
2009.02.27 11:12:20.503,0.97485,0.975,15.20,19.60
2009.02.27 11:12:20.963,0.97485,0.975,14.60,19.00
2009.02.27 11:12:21.383,0.97485,0.975,14.00,19.00
2009.02.27 11:12:21.963,0.97485,0.975,14.00,20.20
2009.02.27 11:12:22.363,0.97485,0.975,18.00,20.20
2009.02.27 11:12:22.583,0.97485,0.975,18.00,20.80
2009.02.27 11:12:22.933,0.97485,0.975,18.00,19.60
2009.02.27 11:12:23.393,0.97485,0.975,18.00,19.00
2009.02.27 11:12:23.512,0.97485,0.975,18.00,19.60
2009.02.27 11:12:23.982,0.97485,0.975,14.00,19.00
2009.02.27 11:12:24.272,0.97485,0.975,13.00,19.60
2009.02.27 11:12:24.442,0.97485,0.975,13.00,18.40
2009.02.27 11:12:24.772,0.97485,0.975,13.00,19.60
2009.02.27 11:12:35.820,0.97485,0.975,13.00,18.40
2009.02.27 11:12:36.510,0.97485,0.975,13.00,19.60
2009.02.27 11:12:36.960,0.97485,0.975,4.60,22.60
2009.02.27 11:12:37.549,0.97485,0.975,4.60,25.80
2009.02.27 11:12:43.048,0.97485,0.975,4.60,25.20
2009.02.27 11:12:44.438,0.9748,0.97495,19.20,7.60
2009.02.27 11:12:44.787,0.9748,0.9749,6.60,1.20
2009.02.27 11:12:44.967,0.9748,0.9749,6.60,2.80
2009.02.27 11:13:02.583,0.9748,0.9749,6.60,7.60
2009.02.27 11:13:04.543,0.9748,0.9749,4.60,10.80
2009.02.27 11:13:04.933,0.9747,0.9748,15.00,4.80
2009.02.27 11:13:05.102,0.9747,0.9748,6.60,6.00
2009.02.27 11:13:05.492,0.97465,0.97475,13.40,4.80
2009.02.27 11:13:05.932,0.97465,0.97475,4.80,8.00
2009.02.27 11:13:06.502,0.9747,0.97475,1.00,18.00
2009.02.27 11:13:06.742,0.9746,0.9747,6.60,7.60
2009.02.27 11:13:08.592,0.9746,0.9747,4.60,21.20
2009.02.27 11:13:08.882,0.9745,0.9746,15.00,6.00
2009.02.27 11:13:09.272,0.9745,0.9746,6.60,6.00
2009.02.27 11:13:09.441,0.9745,0.9746,6.60,7.60
2009.02.27 11:13:17.949,0.9745,0.9746,11.40,7.60
2009.02.27 11:13:18.010,0.9745,0.9746,15.00,7.60
2009.02.27 11:13:18.649,0.9745,0.9746,15.00,6.00
2009.02.27 11:13:18.769,0.9745,0.9746,15.80,6.00
2009.02.27 11:13:19.109,0.97455,0.97465,4.60,17.60
2009.02.27 11:13:19.279,0.97455,0.97465,4.60,4.80
2009.02.27 11:13:23.048,0.9745,0.97465,9.40,6.40
2009.02.27 11:13:23.228,0.9745,0.97465,5.60,6.40
2009.02.27 11:13:23.398,0.9745,0.97465,2.40,6.40
2009.02.27 11:13:23.628,0.9745,0.97465,1.40,6.40
2009.02.27 11:13:25.478,0.97445,0.97465,23.20,6.40
2009.02.27 11:13:27.257,0.9745,0.97465,1.40,6.40
2009.02.27 11:13:29.337,0.97445,0.97465,23.20,6.40
2009.02.27 11:13:34.495,0.9745,0.97465,1.40,6.40
2009.02.27 11:13:36.225,0.9745,0.97455,1.40,4.80
2009.02.27 11:13:36.525,0.9745,0.9746,1.40,3.20
2009.02.27 11:13:36.965,0.97445,0.9746,6.60,8.00
2009.02.27 11:13:37.435,0.97445,0.97465,14.60,28.80
2009.02.27 11:13:41.444,0.97445,0.97455,14.60,4.80
2009.02.27 11:13:41.614,0.97445,0.97455,5.60,4.80
2009.02.27 11:13:41.783,0.97445,0.97455,5.00,4.80
2009.02.27 11:13:42.144,0.97445,0.97455,4.60,4.80
2009.02.27 11:13:45.793,0.9744,0.9745,17.20,4.80
2009.02.27 11:13:46.183,0.9744,0.9745,8.20,6.00
2009.02.27 11:13:49.872,0.9744,0.97445,1.60,4.80
2009.02.27 11:13:50.102,0.97435,0.9745,13.60,1.60
2009.02.27 11:13:51.571,0.97435,0.9745,13.60,5.60
2009.02.27 11:13:52.092,0.97435,0.9745,12.60,1.60
2009.02.27 11:13:52.441,0.97435,0.9745,17.40,1.60
2009.02.27 11:13:52.791,0.97435,0.97445,21.00,1.60
2009.02.27 11:13:54.740,0.97445,0.97455,4.60,10.00
2009.02.27 11:13:55.030,0.9744,0.9745,15.60,6.40
2009.02.27 11:13:55.200,0.9744,0.9745,16.20,6.40
2009.02.27 11:13:55.531,0.9744,0.9745,16.20,7.60
2009.02.27 11:13:55.760,0.9744,0.9745,8.20,7.60
2009.02.27 11:13:56.970,0.9744,0.9745,8.20,6.00
2009.02.27 11:13:59.149,0.97445,0.97455,4.60,17.60
2009.02.27 11:13:59.719,0.97445,0.9746,13.60,1.60
2009.02.27 11:14:00.099,0.97445,0.9746,5.60,19.20
2009.02.27 11:14:00.509,0.97445,0.97465,13.60,28.80
2009.02.27 11:14:01.569,0.9745,0.97465,1.20,28.80
2009.02.27 11:14:02.009,0.9745,0.97465,1.20,29.40
2009.02.27 11:14:03.269,0.97445,0.9746,13.60,1.60
2009.02.27 11:14:03.868,0.97445,0.9746,5.60,9.60
2009.02.27 11:14:04.218,0.97445,0.97455,4.60,4.80
2009.02.27 11:14:05.028,0.97445,0.97455,4.60,6.40
2009.02.27 11:14:06.548,0.97445,0.97455,4.60,4.80
2009.02.27 11:14:07.477,0.97445,0.97455,5.60,4.80
2009.02.27 11:14:07.998,0.97445,0.97455,9.60,4.80
2009.02.27 11:14:08.707,0.97445,0.97455,9.80,4.80
2009.02.27 11:14:08.997,0.97445,0.97455,5.60,4.80
2009.02.27 11:14:09.437,0.9745,0.9746,4.60,15.60
2009.02.27 11:14:09.927,0.9745,0.9746,6.60,6.00
2009.02.27 11:14:10.767,0.9745,0.9746,8.20,6.00
2009.02.27 11:14:19.305,0.9745,0.9746,8.20,1.20
2009.02.27 11:14:22.634,0.9745,0.9746,8.20,2.00
2009.02.27 11:14:22.924,0.9745,0.97455,1.60,6.40
2009.02.27 11:14:23.214,0.9744,0.9745,8.10,1.20
2009.02.27 11:14:23.604,0.9744,0.9745,8.20,1.20
2009.02.27 11:14:30.422,0.97435,0.9744,19.30,1.00
2009.02.27 11:14:30.662,0.9744,0.9745,8.20,1.20
2009.02.27 11:14:31.252,0.9744,0.9745,9.20,1.20
2009.02.27 11:14:33.941,0.9744,0.9745,2.60,15.60
2009.02.27 11:14:34.341,0.9744,0.9745,5.00,18.80
2009.02.27 11:14:34.871,0.9744,0.9745,7.60,1.20
2009.02.27 11:14:35.281,0.9744,0.9745,3.00,6.00
2009.02.27 11:14:35.631,0.97435,0.9745,5.60,7.60
2009.02.27 11:14:36.091,0.97435,0.9745,4.60,15.60
2009.02.27 11:14:39.510,0.97435,0.9745,8.60,15.60
2009.02.27 11:14:39.630,0.9744,0.9745,5.00,15.60
2009.02.27 11:14:44.519,0.97435,0.9745,4.60,15.60
2009.02.27 11:14:44.968,0.97435,0.9745,4.60,7.60
2009.02.27 11:14:45.378,0.97435,0.9745,5.60,7.60
2009.02.27 11:14:45.848,0.97435,0.9745,5.60,15.60
2009.02.27 11:14:47.968,0.97435,0.9745,4.60,15.60
2009.02.27 11:14:49.337,0.97435,0.9745,4.60,7.60
2009.02.27 11:14:49.807,0.97435,0.9745,4.60,15.60
2009.02.27 11:15:08.153,0.97435,0.9745,4.60,18.80
2009.02.27 11:15:18.920,0.97435,0.9745,4.60,30.00
2009.02.27 11:15:20.120,0.97435,0.9745,4.60,20.40
2009.02.27 11:15:20.230,0.9744,0.9745,4.60,14.00
2009.02.27 11:15:20.570,0.9744,0.9745,6.60,14.00
2009.02.27 11:15:20.850,0.9744,0.9745,4.60,2.60
2009.02.27 11:15:20.970,0.9743,0.9744,7.60,1.20
2009.02.27 11:15:21.250,0.9743,0.9744,6.60,1.20
2009.02.27 11:15:21.989,0.97435,0.9745,4.60,30.80
2009.02.27 11:15:22.289,0.97435,0.9745,4.60,30.00
2009.02.27 11:15:23.779,0.9743,0.97445,15.60,4.80
2009.02.27 11:15:23.949,0.9743,0.9744,6.60,1.20
2009.02.27 11:15:28.828,0.9743,0.9744,8.20,1.20
2009.02.27 11:15:29.848,0.9743,0.9744,8.20,1.20
2009.02.27 11:15:33.747,0.97435,0.9745,8.60,7.60
2009.02.27 11:15:33.967,0.97435,0.9745,9.60,7.60
2009.02.27 11:15:37.226,0.97435,0.9745,9.80,7.60
2009.02.27 11:15:37.406,0.97435,0.9745,9.60,7.60
2009.02.27 11:15:40.885,0.9744,0.97455,5.00,12.80
2009.02.27 11:15:41.125,0.97445,0.9746,5.60,3.20
2009.02.27 11:15:41.355,0.97445,0.9746,12.60,18.80
2009.02.27 11:15:41.585,0.97445,0.9746,4.60,30.00
2009.02.27 11:15:43.554,0.97445,0.9746,4.60,26.80
2009.02.27 11:15:44.364,0.97445,0.9746,5.60,25.60
2009.02.27 11:15:44.774,0.97445,0.97465,13.60,28.80
2009.02.27 11:15:47.243,0.9745,0.97465,1.20,29.40
2009.02.27 11:15:49.763,0.97445,0.97465,13.60,28.80
2009.02.27 11:15:51.952,0.97445,0.97455,13.60,1.60
2009.02.27 11:15:52.342,0.97445,0.97455,5.60,1.60
2009.02.27 11:15:52.642,0.97445,0.97455,4.60,1.60
2009.02.27 11:15:58.631,0.97445,0.97455,5.40,1.60
2009.02.27 11:16:02.509,0.97445,0.97455,5.00,1.60
2009.02.27 11:16:02.980,0.97445,0.97455,4.60,1.60
2009.02.27 11:16:10.788,0.97445,0.97455,5.20,1.60
2009.02.27 11:16:13.267,0.97445,0.97455,5.20,3.20
2009.02.27 11:16:13.607,0.97445,0.97455,4.80,3.20
2009.02.27 11:16:13.787,0.97445,0.97455,4.60,3.20
2009.02.27 11:16:17.736,0.97445,0.97455,4.60,1.60
2009.02.27 11:16:22.125,0.97445,0.97455,4.60,3.20
2009.02.27 11:16:24.175,0.97445,0.97455,4.60,1.60
2009.02.27 11:16:24.794,0.97445,0.97455,5.40,1.60
2009.02.27 11:16:25.584,0.97445,0.97455,5.00,3.20
2009.02.27 11:16:25.984,0.97445,0.97455,4.60,1.60
2009.02.27 11:16:26.445,0.97445,0.97455,5.60,1.60
2009.02.27 11:16:27.234,0.9745,0.97455,1.20,1.60
2009.02.27 11:16:27.574,0.97445,0.97455,4.60,1.60
2009.02.27 11:16:28.143,0.97445,0.97455,4.80,1.60
2009.02.27 11:16:28.443,0.97445,0.97455,5.20,1.60
2009.02.27 11:16:31.993,0.97445,0.97455,4.60,1.60
2009.02.27 11:16:33.442,0.9744,0.97455,15.60,16.00
2009.02.27 11:16:33.792,0.9744,0.9745,7.60,1.20
2009.02.27 11:16:34.082,0.9744,0.9745,6.60,1.20
2009.02.27 11:16:37.771,0.9744,0.9745,8.20,1.20
2009.02.27 11:16:38.651,0.9744,0.9745,8.20,2.80
2009.02.27 11:16:44.420,0.9744,0.9745,8.20,1.20
2009.02.27 11:16:44.660,0.9744,0.9745,9.80,1.20
2009.02.27 11:16:44.990,0.97445,0.97455,4.60,6.40
2009.02.27 11:16:45.389,0.97445,0.97455,4.60,1.60
2009.02.27 11:16:47.179,0.97445,0.97455,5.60,1.60
2009.02.27 11:16:47.800,0.97445,0.97455,6.40,1.60
2009.02.27 11:16:48.489,0.97445,0.97455,5.40,1.60
2009.02.27 11:16:48.719,0.97445,0.97455,4.60,1.60
2009.02.27 11:16:51.128,0.97455,0.9746,6.00,4.60
2009.02.27 11:16:51.348,0.97455,0.97465,6.00,2.80
2009.02.27 11:16:51.898,0.9745,0.9746,2.00,18.80
2009.02.27 11:16:52.418,0.97445,0.9746,13.60,18.80
2009.02.27 11:16:52.658,0.97445,0.9746,5.60,18.80
2009.02.27 11:16:54.337,0.97445,0.9746,4.60,18.80
2009.02.27 11:16:54.567,0.97445,0.9746,5.60,18.80
2009.02.27 11:16:55.637,0.97445,0.9746,4.60,18.80
2009.02.27 11:17:00.596,0.97445,0.9746,4.60,22.00
2009.02.27 11:17:04.864,0.97445,0.97455,4.60,1.60
2009.02.27 11:17:08.594,0.97445,0.9746,4.60,22.00
2009.02.27 11:17:08.994,0.97445,0.97455,4.60,1.60
2009.02.27 11:17:10.603,0.97445,0.9746,4.60,22.00
2009.02.27 11:17:11.133,0.97445,0.97455,4.60,1.60
2009.02.27 11:17:12.003,0.97445,0.9746,4.60,22.00
2009.02.27 11:17:17.012,0.97445,0.97455,4.60,1.60
2009.02.27 11:17:22.370,0.9745,0.9746,2.00,12.40
2009.02.27 11:17:22.830,0.9745,0.9746,6.60,2.80
2009.02.27 11:17:24.750,0.9745,0.9746,4.60,2.80
2009.02.27 11:17:25.220,0.97445,0.9746,13.60,22.00
2009.02.27 11:17:25.520,0.97445,0.9746,5.60,22.00
2009.02.27 11:17:27.369,0.97445,0.9746,14.20,3.20
2009.02.27 11:17:27.669,0.97445,0.9746,14.20,6.40
2009.02.27 11:17:31.988,0.97445,0.9746,13.20,6.40
2009.02.27 11:17:33.678,0.97445,0.97455,13.20,1.60
2009.02.27 11:17:34.029,0.97445,0.97455,12.80,1.60
2009.02.27 11:17:34.437,0.9745,0.9746,1.20,4.80
2009.02.27 11:17:35.348,0.9745,0.9746,1.20,4.80
2009.02.27 11:17:37.757,0.9745,0.9746,1.20,4.80
2009.02.27 11:17:38.157,0.97445,0.9746,13.60,4.80
2009.02.27 11:17:39.087,0.97445,0.9746,14.20,4.80
2009.02.27 11:17:41.516,0.97445,0.9746,13.80,4.80
2009.02.27 11:17:41.916,0.97445,0.9746,13.60,4.80
2009.02.27 11:17:43.977,0.97445,0.9746,13.60,6.40
2009.02.27 11:17:44.365,0.97445,0.9746,13.60,12.00
2009.02.27 11:17:44.525,0.97445,0.9746,13.60,8.80
2009.02.27 11:17:44.705,0.97445,0.9746,13.60,8.00
2009.02.27 11:17:44.935,0.97445,0.9746,13.60,6.40
2009.02.27 11:17:46.245,0.97445,0.9746,13.80,6.40
2009.02.27 11:17:46.475,0.97445,0.9746,14.20,6.40
2009.02.27 11:17:47.675,0.97445,0.9746,14.20,4.80
2009.02.27 11:17:50.434,0.9745,0.9746,1.20,4.80
2009.02.27 11:17:52.063,0.97455,0.97465,4.60,1.60
2009.02.27 11:18:01.591,0.97455,0.97465,4.60,1.60
2009.02.27 11:18:02.161,0.97455,0.97465,5.60,1.60
2009.02.27 11:18:04.570,0.97455,0.97465,4.60,1.60
2009.02.27 11:18:05.690,0.97455,0.97465,4.80,1.60
2009.02.27 11:18:06.100,0.97455,0.97465,5.20,1.60
2009.02.27 11:18:06.430,0.97455,0.97465,4.80,1.60
2009.02.27 11:18:06.610,0.97455,0.97465,4.60,1.60
2009.02.27 11:18:07.579,0.97455,0.97465,4.80,1.60
2009.02.27 11:18:07.759,0.97455,0.97465,5.60,11.20
2009.02.27 11:18:08.169,0.9745,0.9746,15.60,1.20
2009.02.27 11:18:08.459,0.9745,0.9746,6.60,1.20
2009.02.27 11:18:08.759,0.9745,0.9746,6.60,2.80
2009.02.27 11:18:09.819,0.9745,0.9746,6.60,7.60
2009.02.27 11:18:20.296,0.97455,0.9746,4.60,1.60
2009.02.27 11:18:20.706,0.97455,0.97465,4.60,6.40
2009.02.27 11:18:21.036,0.97455,0.97465,5.60,6.40
2009.02.27 11:18:26.775,0.97455,0.97465,4.60,6.40
2009.02.27 11:18:27.225,0.97455,0.97465,5.60,6.40
2009.02.27 11:18:27.755,0.97465,0.9747,1.20,14.40
2009.02.27 11:18:28.044,0.9746,0.9747,5.60,12.40
2009.02.27 11:18:28.454,0.9746,0.97465,5.00,4.80
2009.02.27 11:18:30.144,0.9746,0.97465,1.20,4.80
2009.02.27 11:18:30.664,0.9746,0.9747,11.40,6.00
2009.02.27 11:18:34.253,0.9746,0.9747,6.60,6.00
2009.02.27 11:18:35.593,0.97455,0.97465,5.60,4.80
2009.02.27 11:18:36.063,0.97455,0.97465,4.60,4.80
2009.02.27 11:18:40.662,0.97455,0.97465,5.20,4.80
2009.02.27 11:18:42.611,0.9746,0.9747,6.20,17.20
2009.02.27 11:18:43.301,0.9746,0.9747,8.20,9.20
2009.02.27 11:18:43.761,0.9746,0.9747,8.20,6.00
2009.02.27 11:18:43.871,0.9746,0.9747,6.60,6.00
2009.02.27 11:18:44.221,0.9746,0.9747,6.60,7.60
2009.02.27 11:18:45.891,0.97455,0.97465,4.60,4.80
2009.02.27 11:18:46.340,0.97455,0.97465,4.80,4.80
2009.02.27 11:18:46.780,0.9746,0.9747,4.60,9.20
2009.02.27 11:18:47.540,0.9746,0.9747,6.60,6.00
2009.02.27 11:18:47.950,0.9746,0.9747,8.20,6.00
2009.02.27 11:18:59.817,0.9746,0.9747,6.60,6.00
2009.02.27 11:19:05.106,0.9746,0.9747,7.60,6.00
2009.02.27 11:19:06.185,0.9746,0.9747,7.60,7.60
2009.02.27 11:19:06.755,0.9746,0.9747,9.20,7.60
2009.02.27 11:19:08.705,0.97465,0.9747,5.00,7.60
2009.02.27 11:19:09.235,0.9746,0.9747,9.20,7.60
2009.02.27 11:19:10.044,0.97465,0.9747,1.20,7.60
2009.02.27 11:19:10.624,0.9746,0.9747,7.60,7.60
2009.02.27 11:19:11.034,0.9746,0.9747,9.20,7.60
2009.02.27 11:19:12.474,0.9746,0.9747,7.60,10.80
2009.02.27 11:19:12.714,0.9746,0.97465,5.00,4.80
2009.02.27 11:19:12.834,0.9746,0.97465,1.20,4.80
2009.02.27 11:19:13.064,0.9745,0.9746,25.60,4.80
2009.02.27 11:19:13.184,0.9745,0.9746,9.20,4.80
2009.02.27 11:19:13.823,0.9745,0.9746,9.20,6.00
2009.02.27 11:19:14.464,0.97455,0.9746,3.60,6.00
2009.02.27 11:19:14.693,0.97455,0.97465,14.00,4.80
2009.02.27 11:19:15.093,0.97455,0.97465,14.40,4.80
2009.02.27 11:19:15.553,0.97465,0.9747,5.60,4.80
2009.02.27 11:19:15.844,0.97465,0.9748,22.00,3.20
2009.02.27 11:19:16.183,0.9746,0.9747,6.60,4.80
2009.02.27 11:19:16.473,0.9746,0.97465,2.00,4.80
2009.02.27 11:19:16.763,0.97455,0.97465,13.60,4.80
2009.02.27 11:19:17.293,0.9746,0.9747,5.60,12.40
2009.02.27 11:19:17.823,0.9746,0.9747,9.20,9.20
2009.02.27 11:19:18.653,0.9746,0.9747,7.60,9.20
2009.02.27 11:19:21.572,0.9746,0.9747,8.20,9.20
2009.02.27 11:19:21.812,0.9746,0.9747,7.60,9.20
2009.02.27 11:19:22.562,0.9746,0.9747,10.60,9.20
2009.02.27 11:19:23.141,0.97465,0.9747,1.20,7.60
2009.02.27 11:19:23.431,0.97465,0.9747,5.00,7.60
2009.02.27 11:19:23.782,0.9746,0.9747,9.20,7.60
2009.02.27 11:19:25.981,0.9746,0.9747,8.20,7.60
2009.02.27 11:19:27.620,0.9746,0.9747,7.60,7.60
2009.02.27 11:19:28.410,0.9746,0.9747,6.60,7.60
2009.02.27 11:19:29.150,0.9746,0.9747,7.60,7.60
2009.02.27 11:19:29.260,0.9746,0.9747,9.20,7.60
2009.02.27 11:19:29.610,0.9746,0.9747,8.20,7.60
2009.02.27 11:19:30.179,0.9746,0.9747,9.20,7.60
2009.02.27 11:19:30.519,0.9746,0.9747,7.60,7.60
2009.02.27 11:19:30.799,0.9746,0.9747,6.60,7.60
2009.02.27 11:19:31.019,0.9746,0.9747,8.20,7.60
2009.02.27 11:19:31.259,0.9746,0.9747,6.60,7.60
2009.02.27 11:19:31.540,0.9746,0.9747,7.60,7.60
2009.02.27 11:19:35.119,0.9746,0.9747,9.20,7.60
2009.02.27 11:19:35.579,0.9746,0.9747,8.20,7.60
2009.02.27 11:19:36.048,0.9746,0.9747,6.60,7.60
2009.02.27 11:19:36.508,0.9746,0.9747,7.60,7.60
2009.02.27 11:19:36.858,0.9746,0.9747,9.20,7.60
2009.02.27 11:19:37.208,0.9746,0.9747,8.20,7.60
2009.02.27 11:19:40.477,0.9746,0.9747,6.60,7.60
2009.02.27 11:19:42.287,0.9746,0.9747,8.20,7.60
2009.02.27 11:19:42.966,0.9746,0.9747,6.60,7.60
2009.02.27 11:19:43.436,0.9746,0.9747,8.20,7.60
2009.02.27 11:19:44.126,0.9746,0.9747,12.20,7.60
2009.02.27 11:19:44.766,0.9746,0.9747,14.00,7.60
2009.02.27 11:19:45.966,0.9746,0.9747,18.00,7.60
2009.02.27 11:19:46.266,0.9747,0.97475,1.00,14.20
2009.02.27 11:19:47.056,0.9746,0.9747,12.40,7.60
2009.02.27 11:19:47.566,0.9746,0.9747,7.60,2.80
2009.02.27 11:19:48.665,0.9746,0.9747,6.60,2.80
2009.02.27 11:19:58.803,0.9746,0.9747,7.60,2.80
2009.02.27 11:20:00.082,0.9746,0.9747,11.60,2.80
2009.02.27 11:20:01.582,0.9746,0.9747,7.60,2.80
2009.02.27 11:20:03.591,0.9746,0.9747,11.60,2.80
2009.02.27 11:20:04.551,0.9746,0.9747,7.60,2.80
2009.02.27 11:20:08.400,0.97465,0.9747,1.00,2.80
2009.02.27 11:20:08.500,0.97465,0.9747,1.20,2.80
2009.02.27 11:20:08.780,0.97465,0.9747,1.20,4.40
2009.02.27 11:20:08.950,0.9748,0.97485,6.60,4.00
2009.02.27 11:20:09.250,0.97485,0.97495,4.60,3.20
2009.02.27 11:20:09.430,0.97485,0.97505,4.60,21.60
2009.02.27 11:20:12.529,0.97485,0.97505,22.00,28.80
2009.02.27 11:20:12.819,0.97485,0.97505,22.00,31.00
2009.02.27 11:20:13.079,0.97485,0.975,22.00,3.20
2009.02.27 11:20:15.938,0.97485,0.975,21.00,4.80
2009.02.27 11:20:16.098,0.97485,0.97495,13.00,4.80
2009.02.27 11:20:16.838,0.97485,0.97495,4.60,4.80
2009.02.27 11:20:17.998,0.97485,0.975,17.20,4.80
2009.02.27 11:20:18.348,0.97485,0.97505,22.00,20.80
2009.02.27 11:20:19.088,0.9749,0.97505,1.20,21.40
2009.02.27 11:20:19.588,0.9749,0.97505,1.20,29.40
2009.02.27 11:20:20.048,0.9749,0.97505,1.20,26.20
2009.02.27 11:20:20.548,0.97485,0.975,22.00,3.20
2009.02.27 11:20:21.467,0.97485,0.975,18.40,3.20
2009.02.27 11:20:21.797,0.97485,0.975,13.60,3.20
2009.02.27 11:20:23.207,0.97485,0.975,17.20,3.20
2009.02.27 11:20:23.437,0.97485,0.97505,22.00,21.00
2009.02.27 11:20:23.677,0.97485,0.97505,22.00,23.20
2009.02.27 11:20:24.187,0.97485,0.975,22.00,3.20
2009.02.27 11:20:24.366,0.9749,0.97505,1.20,21.60
2009.02.27 11:20:24.707,0.97485,0.9749,3.60,4.80
2009.02.27 11:20:24.886,0.97485,0.97505,30.00,3.40
2009.02.27 11:20:25.286,0.975,0.97505,2.40,1.60
2009.02.27 11:20:25.516,0.975,0.97515,9.00,21.40
2009.02.27 11:20:25.976,0.97505,0.9751,4.60,3.20
2009.02.27 11:20:26.136,0.9751,0.9752,1.20,4.80
2009.02.27 11:20:26.546,0.97505,0.97525,22.00,14.80
2009.02.27 11:20:28.506,0.9751,0.97525,1.20,14.80
2009.02.27 11:20:29.065,0.97505,0.97525,22.00,14.80
2009.02.27 11:20:29.995,0.97495,0.97505,22.40,4.80
2009.02.27 11:20:30.465,0.97485,0.97505,4.60,4.80
2009.02.27 11:20:31.885,0.97485,0.97495,5.40,4.80
2009.02.27 11:20:32.515,0.9749,0.975,4.60,12.80
2009.02.27 11:20:32.915,0.97485,0.97495,4.60,4.80
2009.02.27 11:20:34.594,0.9748,0.9749,9.20,6.00
2009.02.27 11:20:34.824,0.9748,0.9749,6.60,6.00
2009.02.27 11:20:35.344,0.97475,0.9748,5.60,2.00
2009.02.27 11:20:35.744,0.97475,0.9748,1.20,6.80
2009.02.27 11:20:36.174,0.97465,0.9748,22.00,1.60
2009.02.27 11:20:36.643,0.97465,0.97475,4.60,4.80
2009.02.27 11:20:36.983,0.97465,0.97475,5.20,4.80
2009.02.27 11:20:37.213,0.9747,0.9748,4.60,10.80
2009.02.27 11:20:37.493,0.9748,0.9749,4.60,20.80
2009.02.27 11:20:38.133,0.9748,0.9749,4.60,10.80
2009.02.27 11:20:38.593,0.9748,0.9749,6.60,7.60
2009.02.27 11:20:38.883,0.9748,0.9749,6.60,14.00
2009.02.27 11:20:39.053,0.97485,0.97495,4.60,9.60
2009.02.27 11:20:39.343,0.97485,0.97495,4.60,6.40
2009.02.27 11:20:39.693,0.97485,0.97495,4.60,4.80
2009.02.27 11:20:41.502,0.97485,0.97495,4.60,8.80
2009.02.27 11:20:41.832,0.97485,0.9749,4.60,1.60
2009.02.27 11:20:42.302,0.97485,0.97495,4.60,4.80
2009.02.27 11:20:49.300,0.97485,0.97495,12.60,4.80
2009.02.27 11:20:50.390,0.97495,0.975,4.60,2.00
2009.02.27 11:20:50.560,0.9749,0.97505,17.40,6.80
2009.02.27 11:20:51.030,0.9749,0.97505,18.20,6.80
2009.02.27 11:20:51.260,0.97495,0.9751,22.00,4.80
2009.02.27 11:20:51.320,0.97495,0.97515,22.00,14.40
2009.02.27 11:20:54.959,0.97505,0.97515,4.60,12.80
2009.02.27 11:20:55.239,0.97505,0.97515,4.60,4.80
2009.02.27 11:20:55.619,0.97505,0.97525,22.00,14.40
2009.02.27 11:20:56.129,0.9751,0.97525,8.00,6.40
2009.02.27 11:21:02.677,0.97505,0.97525,23.60,14.40
2009.02.27 11:21:02.967,0.9751,0.97525,8.00,6.40
2009.02.27 11:21:03.977,0.9751,0.97525,17.40,6.80
2009.02.27 11:21:04.327,0.97515,0.97525,4.60,6.40
2009.02.27 11:21:04.677,0.97515,0.97525,4.60,4.80
2009.02.27 11:21:07.136,0.9751,0.97525,2.40,14.40
2009.02.27 11:21:07.536,0.9751,0.97525,1.20,14.40
2009.02.27 11:21:10.105,0.9751,0.97525,1.20,14.40
2009.02.27 11:21:10.285,0.9751,0.97525,1.40,14.40
2009.02.27 11:21:13.735,0.9752,0.97525,5.00,14.80
2009.02.27 11:21:14.025,0.97505,0.97525,23.00,14.40
2009.02.27 11:21:14.484,0.9751,0.97525,1.40,14.40
2009.02.27 11:21:15.764,0.9751,0.97525,1.20,14.40
2009.02.27 11:21:16.224,0.9751,0.97525,1.20,18.40
2009.02.27 11:21:16.584,0.9751,0.97525,1.20,14.40
2009.02.27 11:21:16.645,0.97505,0.9752,10.40,1.60
2009.02.27 11:21:17.094,0.97505,0.9752,13.60,12.80
2009.02.27 11:21:17.714,0.97495,0.97515,34.20,25.60
2009.02.27 11:21:18.243,0.97495,0.97515,18.40,28.80
2009.02.27 11:21:18.654,0.97495,0.9751,13.60,13.40
2009.02.27 11:21:19.243,0.9749,0.975,6.60,6.00
2009.02.27 11:21:19.703,0.9749,0.975,6.60,7.60
2009.02.27 11:21:20.103,0.9749,0.975,6.60,17.20
2009.02.27 11:21:20.393,0.9749,0.975,6.60,18.80
2009.02.27 11:21:21.383,0.9749,0.975,6.60,21.00
2009.02.27 11:21:24.242,0.9749,0.975,6.60,29.00
2009.02.27 11:21:24.522,0.97485,0.97495,5.60,16.00
2009.02.27 11:21:25.492,0.9748,0.9749,6.60,4.80
2009.02.27 11:21:25.602,0.9748,0.9749,6.60,8.00
2009.02.27 11:21:25.842,0.9748,0.9749,6.60,19.40
2009.02.27 11:21:26.072,0.9748,0.9749,6.60,21.00
2009.02.27 11:21:26.482,0.9748,0.9749,6.60,20.40
2009.02.27 11:21:26.841,0.97475,0.97485,4.60,8.00
2009.02.27 11:21:27.521,0.97475,0.97485,4.60,18.20
2009.02.27 11:21:28.281,0.97475,0.97485,4.60,8.60
2009.02.27 11:21:28.581,0.97475,0.9749,12.60,17.60
2009.02.27 11:21:28.821,0.97475,0.9749,13.60,11.20
2009.02.27 11:22:07.611,0.9748,0.9749,1.20,11.20
2009.02.27 11:22:10.841,0.97475,0.9749,13.60,11.20
2009.02.27 11:22:11.381,0.97475,0.9749,12.60,14.00
2009.02.27 11:22:11.541,0.97475,0.97485,4.60,4.80
2009.02.27 11:22:11.931,0.97475,0.97485,4.60,16.00
2009.02.27 11:22:17.289,0.97475,0.97485,4.60,4.80
2009.02.27 11:22:18.149,0.97475,0.97485,4.60,5.60
2009.02.27 11:22:18.319,0.97465,0.9747,1.60,4.80
2009.02.27 11:22:18.669,0.97465,0.97475,1.60,3.20
2009.02.27 11:22:18.899,0.97455,0.9748,13.60,25.60
2009.02.27 11:22:19.259,0.9746,0.9748,1.20,26.20
2009.02.27 11:22:19.599,0.9746,0.97475,1.20,29.40
2009.02.27 11:22:20.309,0.9746,0.97475,1.20,18.20
2009.02.27 11:22:20.488,0.9746,0.97475,1.40,16.00
2009.02.27 11:22:22.178,0.9746,0.97475,1.20,16.00
2009.02.27 11:22:28.497,0.9746,0.97475,9.00,16.00
2009.02.27 11:22:28.736,0.97465,0.97475,4.60,16.00
2009.02.27 11:22:29.826,0.9747,0.97475,6.60,11.20
2009.02.27 11:22:30.207,0.9747,0.9748,6.60,24.20
2009.02.27 11:22:30.546,0.9747,0.9748,6.60,21.00
2009.02.27 11:22:31.466,0.97465,0.97475,13.60,4.80
2009.02.27 11:22:31.806,0.97465,0.97475,5.60,4.80
2009.02.27 11:22:34.195,0.97465,0.97475,4.60,4.80
2009.02.27 11:22:35.055,0.97465,0.9747,4.60,3.60
2009.02.27 11:22:35.395,0.9746,0.97465,6.60,1.60
2009.02.27 11:22:35.815,0.9746,0.9747,6.60,6.00
2009.02.27 11:22:36.045,0.9746,0.9747,6.60,7.60
2009.02.27 11:22:36.285,0.97455,0.97465,13.60,4.80
2009.02.27 11:22:36.745,0.97455,0.97465,5.60,4.80
2009.02.27 11:22:37.914,0.9746,0.97465,5.00,4.80
2009.02.27 11:22:38.204,0.97455,0.97465,4.60,4.80
2009.02.27 11:22:42.163,0.97455,0.97465,5.60,4.80
2009.02.27 11:22:42.933,0.9746,0.97465,1.20,4.80
2009.02.27 11:22:43.833,0.97455,0.97465,4.60,4.80
2009.02.27 11:22:55.790,0.97455,0.9746,4.60,9.60
2009.02.27 11:22:56.090,0.97445,0.9745,11.40,7.60
2009.02.27 11:22:56.250,0.9744,0.9745,18.30,9.60
2009.02.27 11:22:56.650,0.9744,0.97445,1.00,11.20
2009.02.27 11:22:57.100,0.97425,0.9744,13.60,11.20
2009.02.27 11:22:58.719,0.97425,0.97445,22.00,20.60
2009.02.27 11:22:59.070,0.97425,0.97445,22.00,17.40
2009.02.27 11:22:59.469,0.9743,0.97445,1.20,17.40
2009.02.27 11:23:00.309,0.97425,0.97445,22.00,6.20
2009.02.27 11:23:04.578,0.9743,0.97445,1.20,6.20
2009.02.27 11:23:07.367,0.9743,0.97445,1.20,4.80
2009.02.27 11:23:07.707,0.9744,0.9745,4.60,20.40
2009.02.27 11:23:08.157,0.97445,0.97455,4.60,24.40
2009.02.27 11:23:08.557,0.97445,0.9746,13.60,3.60
2009.02.27 11:23:08.727,0.97445,0.97465,13.60,29.60
2009.02.27 11:23:09.077,0.97445,0.97465,13.60,29.40
2009.02.27 11:23:09.347,0.97445,0.97465,13.60,29.20
2009.02.27 11:23:10.206,0.97445,0.97465,17.20,29.20
2009.02.27 11:23:13.206,0.97445,0.97465,22.00,29.20
2009.02.27 11:23:13.495,0.97445,0.97465,22.00,26.00
2009.02.27 11:23:13.896,0.97445,0.9746,22.00,1.60
2009.02.27 11:23:15.575,0.97445,0.9746,21.00,1.60
2009.02.27 11:23:17.825,0.97445,0.97465,22.00,26.00
2009.02.27 11:23:18.294,0.97445,0.97465,22.00,16.40
2009.02.27 11:23:27.782,0.97445,0.97465,18.40,26.00
2009.02.27 11:23:27.962,0.97445,0.97465,18.40,29.20
2009.02.27 11:23:31.481,0.97445,0.97465,18.40,29.00
2009.02.27 11:23:31.541,0.9746,0.97465,1.40,28.80
2009.02.27 11:23:31.751,0.9746,0.97465,1.60,19.60
2009.02.27 11:23:34.231,0.97465,0.97475,5.60,2.00
2009.02.27 11:23:34.631,0.9746,0.9747,8.20,6.00
2009.02.27 11:23:34.980,0.9746,0.9747,8.20,8.00
2009.02.27 11:23:36.740,0.9746,0.9747,8.20,9.60
2009.02.27 11:23:41.689,0.97465,0.9747,4.60,4.80
2009.02.27 11:23:41.979,0.97465,0.97475,4.60,4.80
2009.02.27 11:23:42.249,0.97465,0.97475,12.60,4.80
2009.02.27 11:23:42.978,0.97465,0.97475,4.60,4.80
2009.02.27 11:23:48.278,0.97465,0.97475,5.00,4.80
2009.02.27 11:23:48.628,0.97475,0.9748,4.60,3.20
2009.02.27 11:23:49.037,0.97475,0.97485,4.60,6.40
2009.02.27 11:23:49.557,0.97465,0.9747,13.00,6.00
2009.02.27 11:23:49.977,0.9746,0.9747,13.00,7.60
2009.02.27 11:23:52.016,0.9746,0.9747,13.00,9.60
2009.02.27 11:23:53.506,0.9746,0.9747,13.00,9.60
2009.02.27 11:23:53.846,0.97465,0.9747,4.60,2.00
2009.02.27 11:23:54.186,0.97465,0.97475,4.60,4.80
2009.02.27 11:23:54.756,0.97465,0.9748,9.40,4.80
2009.02.27 11:23:55.036,0.97465,0.97485,18.40,24.00
2009.02.27 11:23:55.385,0.97465,0.97485,18.40,19.20
2009.02.27 11:23:59.395,0.97465,0.97485,13.60,19.20
2009.02.27 11:23:59.564,0.97465,0.97485,13.60,18.40
2009.02.27 11:23:59.674,0.97465,0.97485,13.60,17.60
2009.02.27 11:23:59.794,0.97465,0.97485,13.60,18.40
2009.02.27 11:23:59.854,0.97465,0.97485,13.60,19.20
2009.02.27 11:24:00.144,0.97465,0.97485,13.60,18.40
2009.02.27 11:24:00.544,0.97465,0.97485,13.60,19.20
2009.02.27 11:24:00.714,0.97465,0.97485,13.60,22.40
2009.02.27 11:24:02.894,0.97465,0.97485,13.60,21.60
2009.02.27 11:24:03.294,0.97465,0.97485,13.60,22.40
2009.02.27 11:24:06.383,0.97465,0.97485,13.80,22.40
2009.02.27 11:24:06.443,0.97465,0.97485,14.20,22.40
2009.02.27 11:24:06.723,0.97465,0.97485,14.40,19.20
2009.02.27 11:24:06.893,0.97465,0.97485,14.40,19.20
2009.02.27 11:24:07.123,0.97465,0.97485,18.20,9.60
2009.02.27 11:24:07.473,0.97465,0.97485,23.40,9.60
2009.02.27 11:24:07.643,0.97465,0.97485,23.60,9.60
2009.02.27 11:24:10.032,0.97465,0.97485,23.40,9.60
2009.02.27 11:24:10.092,0.97465,0.97485,23.20,9.60
2009.02.27 11:24:11.742,0.97465,0.97485,24.00,9.60
2009.02.27 11:24:11.801,0.97465,0.97485,24.60,9.60
2009.02.27 11:24:13.021,0.97465,0.9748,24.60,5.60
2009.02.27 11:24:13.241,0.97465,0.9747,3.60,4.80
2009.02.27 11:24:13.681,0.9746,0.9747,8.20,6.00
2009.02.27 11:24:13.851,0.9746,0.9747,8.20,7.60
2009.02.27 11:24:14.681,0.9746,0.9747,8.20,9.60
2009.02.27 11:24:15.251,0.9746,0.9747,8.20,7.60
2009.02.27 11:24:19.010,0.9746,0.9747,8.20,9.60
2009.02.27 11:24:21.799,0.9746,0.9747,8.20,7.60
2009.02.27 11:24:22.209,0.9745,0.97455,3.60,4.80
2009.02.27 11:24:23.339,0.97445,0.97455,4.60,4.80
2009.02.27 11:24:23.799,0.9744,0.9745,5.00,2.00
2009.02.27 11:24:24.389,0.9744,0.97455,5.00,14.80
2009.02.27 11:24:26.398,0.9744,0.97455,1.20,14.80
2009.02.27 11:24:27.018,0.97435,0.97455,22.00,14.80
2009.02.27 11:24:27.998,0.9745,0.97455,1.20,26.20
2009.02.27 11:24:28.387,0.97455,0.9746,1.20,1.60
2009.02.27 11:24:28.737,0.9746,0.9747,1.20,12.80
2009.02.27 11:24:29.117,0.97465,0.9747,1.20,7.60
2009.02.27 11:24:29.647,0.9745,0.97465,2.40,6.80
2009.02.27 11:24:30.087,0.9745,0.97465,1.20,10.00
2009.02.27 11:24:30.727,0.9745,0.97465,1.20,6.80
2009.02.27 11:24:31.199,0.9746,0.97465,5.00,4.80
2009.02.27 11:24:31.497,0.9746,0.97465,1.20,4.80
2009.02.27 11:24:32.487,0.9747,0.9748,4.60,14.60
2009.02.27 11:24:32.896,0.97475,0.97485,4.60,8.00
2009.02.27 11:24:33.696,0.97475,0.97485,5.60,8.00
2009.02.27 11:24:34.616,0.97475,0.97485,5.60,7.20
2009.02.27 11:24:35.066,0.97475,0.97485,4.60,6.40
2009.02.27 11:24:35.976,0.9747,0.9748,6.60,6.00
2009.02.27 11:24:36.725,0.9747,0.9748,6.60,9.60
2009.02.27 11:24:42.644,0.9747,0.9748,6.60,7.60
2009.02.27 11:24:46.773,0.97465,0.97475,14.00,4.80
2009.02.27 11:24:46.943,0.97465,0.97475,5.60,4.80
2009.02.27 11:24:48.093,0.97475,0.9748,4.60,16.00
2009.02.27 11:24:48.383,0.97475,0.9748,4.60,4.80
2009.02.27 11:24:48.563,0.9748,0.97485,1.90,4.80
2009.02.27 11:24:53.701,0.97475,0.97485,4.20,12.80
2009.02.27 11:24:54.231,0.9748,0.97485,4.60,8.00
2009.02.27 11:24:54.461,0.9748,0.9749,6.60,9.60
2009.02.27 11:24:54.821,0.97475,0.9748,9.10,1.20
2009.02.27 11:24:55.332,0.9747,0.9748,6.60,6.00
2009.02.27 11:24:55.721,0.97465,0.97475,12.60,4.80
2009.02.27 11:24:56.201,0.97465,0.97475,4.60,4.80
2009.02.27 11:24:57.251,0.97465,0.97475,8.60,4.80
2009.02.27 11:24:57.641,0.97465,0.97475,4.60,4.80
2009.02.27 11:24:57.860,0.97475,0.9748,1.20,18.50
2009.02.27 11:24:58.970,0.97475,0.9748,5.00,12.80
2009.02.27 11:24:59.310,0.9747,0.97475,5.00,4.80
2009.02.27 11:24:59.940,0.9747,0.97475,1.80,4.80
2009.02.27 11:25:00.890,0.97485,0.9749,5.00,18.50
2009.02.27 11:25:01.290,0.9748,0.9749,1.20,11.20
2009.02.27 11:25:02.809,0.9748,0.97495,1.20,39.80
2009.02.27 11:25:03.399,0.9748,0.97485,1.20,4.80
2009.02.27 11:25:03.749,0.9747,0.9748,3.90,2.00
2009.02.27 11:25:03.919,0.97475,0.9748,1.20,2.40
2009.02.27 11:25:05.809,0.97475,0.97485,5.00,6.40
2009.02.27 11:25:06.148,0.97485,0.9749,1.20,18.20
2009.02.27 11:25:06.508,0.97485,0.9749,1.20,3.20
2009.02.27 11:25:07.188,0.9748,0.9749,1.20,3.20
2009.02.27 11:25:07.468,0.97475,0.9749,13.60,3.20
2009.02.27 11:25:08.338,0.9748,0.9749,1.20,3.20
2009.02.27 11:25:09.388,0.9748,0.9749,5.00,3.20
2009.02.27 11:25:10.778,0.97485,0.9749,1.20,3.20
2009.02.27 11:25:12.797,0.97485,0.9749,5.00,3.20
2009.02.27 11:25:13.657,0.97485,0.9749,1.20,3.20
2009.02.27 11:25:13.837,0.9749,0.97495,1.20,12.30
2009.02.27 11:25:14.907,0.9748,0.9749,5.00,3.20
2009.02.27 11:25:18.815,0.9748,0.9749,5.00,4.80
2009.02.27 11:25:19.045,0.9748,0.9749,5.00,14.40
2009.02.27 11:25:19.385,0.97475,0.97485,9.60,4.80
2009.02.27 11:25:21.325,0.9748,0.97485,5.00,4.80
2009.02.27 11:25:23.225,0.97485,0.9749,5.00,11.00
2009.02.27 11:25:26.004,0.97485,0.9749,5.00,1.60
2009.02.27 11:25:26.354,0.9749,0.97495,5.00,18.00
2009.02.27 11:25:26.714,0.9749,0.97495,5.00,14.80
2009.02.27 11:25:27.114,0.9749,0.97495,5.00,12.80
2009.02.27 11:25:28.303,0.9749,0.97495,5.00,4.80
2009.02.27 11:25:29.263,0.9749,0.97495,5.00,12.80
2009.02.27 11:25:30.133,0.97485,0.97495,1.20,12.80
2009.02.27 11:25:30.592,0.9749,0.97495,5.00,12.30
2009.02.27 11:25:30.653,0.9748,0.9749,3.90,3.20
2009.02.27 11:25:30.832,0.97485,0.9749,1.20,3.20
2009.02.27 11:25:31.292,0.97485,0.97495,1.20,18.00
2009.02.27 11:25:31.412,0.97485,0.9749,1.20,3.20
2009.02.27 11:25:32.442,0.97485,0.9749,1.20,14.40
2009.02.27 11:25:33.412,0.9749,0.97495,1.20,18.30
2009.02.27 11:25:34.222,0.97485,0.9749,5.00,14.40
2009.02.27 11:25:34.572,0.9749,0.97495,1.20,21.20
2009.02.27 11:25:34.971,0.97485,0.9749,11.00,3.20
2009.02.27 11:25:35.742,0.97485,0.9749,7.20,3.20
2009.02.27 11:25:36.082,0.97485,0.9749,5.00,3.20
2009.02.27 11:25:38.231,0.97485,0.97495,5.00,29.40
2009.02.27 11:25:40.440,0.97485,0.97495,1.20,29.40
2009.02.27 11:25:40.550,0.97485,0.9749,1.20,2.00
2009.02.27 11:25:41.190,0.9748,0.97485,3.20,4.80
2009.02.27 11:25:41.760,0.9748,0.9749,1.20,34.60
2009.02.27 11:25:42.160,0.97485,0.9749,5.00,18.50
2009.02.27 11:25:42.611,0.97475,0.97485,4.60,21.40
2009.02.27 11:25:42.830,0.9747,0.97485,1.40,26.20
2009.02.27 11:25:46.229,0.9747,0.97485,2.40,26.20
2009.02.27 11:25:46.339,0.9748,0.97485,5.00,11.20
2009.02.27 11:25:50.378,0.9748,0.9749,5.00,34.60
2009.02.27 11:25:53.817,0.9748,0.9749,5.00,33.00
2009.02.27 11:25:54.287,0.97475,0.9748,5.00,2.00
2009.02.27 11:25:56.036,0.97475,0.97485,5.00,14.80
2009.02.27 11:25:58.086,0.97475,0.97485,5.00,6.80
2009.02.27 11:25:58.426,0.97475,0.97485,9.60,4.80
2009.02.27 11:25:59.935,0.97475,0.97485,9.60,6.80
2009.02.27 11:26:00.275,0.97475,0.97485,9.60,4.80
2009.02.27 11:26:04.834,0.9748,0.97485,5.00,4.80
2009.02.27 11:26:05.514,0.9748,0.97485,1.20,4.80
2009.02.27 11:26:06.774,0.9749,0.97495,6.60,10.00
2009.02.27 11:26:07.124,0.9749,0.97495,6.60,9.60
2009.02.27 11:26:07.304,0.9749,0.975,6.60,11.40
2009.02.27 11:26:12.433,0.9749,0.975,7.60,11.40
2009.02.27 11:26:13.072,0.9749,0.975,6.60,11.40
2009.02.27 11:26:13.592,0.9749,0.97495,5.00,6.40
2009.02.27 11:26:14.532,0.9749,0.97495,5.00,4.80
2009.02.27 11:26:15.962,0.97485,0.97495,5.60,4.80
2009.02.27 11:26:16.831,0.97485,0.9749,5.60,2.00
2009.02.27 11:26:17.061,0.97485,0.97495,5.60,4.80
2009.02.27 11:26:18.351,0.9748,0.97495,9.00,18.20
2009.02.27 11:26:18.741,0.9748,0.97495,1.20,26.20
2009.02.27 11:26:20.830,0.97485,0.97495,1.20,26.20
2009.02.27 11:26:21.420,0.9748,0.97495,1.20,26.20
2009.02.27 11:26:21.820,0.97475,0.97485,14.00,4.80
2009.02.27 11:26:22.530,0.97475,0.97485,13.60,4.80
2009.02.27 11:26:25.160,0.9748,0.9749,1.20,3.60
2009.02.27 11:26:25.499,0.9748,0.97495,1.20,29.40
2009.02.27 11:26:26.189,0.9748,0.97495,1.20,30.20
2009.02.27 11:26:26.479,0.97485,0.9749,5.00,11.20
2009.02.27 11:26:28.879,0.97485,0.9749,5.00,9.60
2009.02.27 11:26:29.218,0.97485,0.97495,5.60,30.20
2009.02.27 11:26:29.578,0.97485,0.97495,5.60,16.00
2009.02.27 11:26:29.918,0.97485,0.9749,5.60,11.20
2009.02.27 11:26:30.258,0.97485,0.9749,5.00,11.20
2009.02.27 11:26:30.758,0.9748,0.97495,11.00,18.20
2009.02.27 11:26:30.988,0.9748,0.97495,5.00,29.40
2009.02.27 11:26:34.827,0.97475,0.97485,13.60,4.80
2009.02.27 11:26:34.937,0.97475,0.97485,13.60,6.80
2009.02.27 11:26:41.675,0.97475,0.97485,5.60,6.80
2009.02.27 11:26:41.835,0.97475,0.97485,13.60,6.80
2009.02.27 11:26:44.175,0.97475,0.97485,5.60,6.80
2009.02.27 11:26:44.885,0.97475,0.97485,13.60,6.80
2009.02.27 11:26:45.054,0.97475,0.97485,5.60,6.80
2009.02.27 11:26:45.664,0.97475,0.9748,5.60,2.00
2009.02.27 11:26:45.904,0.97475,0.97485,5.60,4.80
2009.02.27 11:26:46.244,0.97475,0.97485,13.60,4.80
2009.02.27 11:26:46.874,0.97475,0.97485,5.60,4.80
2009.02.27 11:26:47.044,0.97475,0.97485,13.60,4.80
2009.02.27 11:26:52.743,0.97475,0.97485,9.00,4.80
2009.02.27 11:26:53.213,0.97475,0.97485,1.20,6.80
2009.02.27 11:26:53.623,0.97475,0.97485,5.00,6.80
2009.02.27 11:26:53.982,0.97475,0.97485,5.60,4.80
2009.02.27 11:26:54.332,0.97475,0.97485,5.00,14.80
2009.02.27 11:26:54.732,0.97475,0.97485,5.00,12.80
2009.02.27 11:26:54.912,0.97475,0.97485,5.00,4.80
2009.02.27 11:26:55.652,0.97475,0.97485,5.60,4.80
2009.02.27 11:26:56.992,0.97475,0.97485,13.60,4.80
2009.02.27 11:26:57.562,0.97475,0.9749,13.60,13.40
2009.02.27 11:26:57.832,0.9748,0.9749,1.20,11.20
2009.02.27 11:27:04.220,0.97475,0.9749,13.60,11.20
2009.02.27 11:27:04.670,0.97475,0.9748,12.60,2.00
2009.02.27 11:27:05.070,0.97465,0.97475,23.20,2.00
2009.02.27 11:27:05.520,0.97475,0.9748,5.80,3.20
2009.02.27 11:27:05.879,0.9748,0.97485,5.00,4.80
2009.02.27 11:27:06.749,0.9748,0.97485,1.20,4.80
2009.02.27 11:27:07.080,0.97475,0.97485,5.60,4.80
2009.02.27 11:27:08.679,0.97475,0.9748,5.00,4.80
2009.02.27 11:27:08.959,0.97475,0.97485,5.60,6.40
2009.02.27 11:27:09.519,0.97475,0.97485,5.60,4.80
2009.02.27 11:27:10.268,0.97475,0.97485,4.60,4.80
2009.02.27 11:27:10.378,0.9747,0.97485,2.40,18.20
2009.02.27 11:27:10.949,0.97465,0.97485,17.20,25.60
2009.02.27 11:27:11.239,0.97465,0.9748,15.40,1.60
2009.02.27 11:27:12.048,0.97475,0.9748,4.00,1.60
2009.02.27 11:27:12.268,0.97475,0.97485,5.60,16.00
2009.02.27 11:27:12.728,0.97475,0.97485,5.60,12.80
2009.02.27 11:27:12.908,0.97475,0.97485,5.60,4.80
2009.02.27 11:27:15.957,0.9748,0.97485,5.00,4.80
2009.02.27 11:27:16.287,0.9748,0.97485,1.20,4.80
2009.02.27 11:27:16.517,0.97475,0.97485,5.60,4.80
2009.02.27 11:27:16.747,0.9748,0.97485,5.00,4.80
2009.02.27 11:27:16.917,0.9748,0.97485,1.20,4.80
2009.02.27 11:27:17.367,0.97475,0.97485,4.60,4.80
2009.02.27 11:27:17.837,0.97475,0.97485,8.60,4.80
2009.02.27 11:27:18.297,0.9748,0.97485,5.00,4.80
2009.02.27 11:27:19.966,0.97475,0.97485,4.60,4.80
2009.02.27 11:27:20.436,0.97475,0.97485,4.60,14.40
2009.02.27 11:27:20.796,0.97475,0.97485,5.60,16.00
2009.02.27 11:27:23.765,0.9749,0.97495,4.60,19.30
2009.02.27 11:27:24.125,0.9748,0.9749,6.60,6.20
2009.02.27 11:27:24.245,0.9748,0.9749,6.60,26.80
2009.02.27 11:27:24.595,0.9748,0.9749,6.60,14.00
2009.02.27 11:27:24.955,0.9749,0.97495,4.60,20.00
2009.02.27 11:27:25.245,0.9749,0.975,6.60,20.40
2009.02.27 11:27:25.895,0.9749,0.975,6.60,18.80
2009.02.27 11:27:26.075,0.97485,0.97495,8.00,16.00
2009.02.27 11:27:26.475,0.9748,0.97495,4.20,16.00
2009.02.27 11:27:26.654,0.9748,0.97495,1.20,24.00
2009.02.27 11:27:27.455,0.9748,0.97495,9.00,16.00
2009.02.27 11:27:28.284,0.97485,0.97495,20.10,4.80
2009.02.27 11:27:28.694,0.97485,0.975,5.60,12.80
2009.02.27 11:27:28.754,0.9749,0.97505,1.20,20.80
2009.02.27 11:27:29.334,0.97495,0.97505,1.20,13.40
2009.02.27 11:27:29.974,0.97495,0.97505,1.20,3.80
2009.02.27 11:27:30.724,0.97495,0.9751,13.60,11.20
2009.02.27 11:27:31.193,0.975,0.9751,1.20,13.40
2009.02.27 11:27:31.493,0.975,0.9751,1.20,11.20
2009.02.27 11:27:34.123,0.975,0.9751,1.20,13.40
2009.02.27 11:27:35.303,0.9749,0.975,15.60,8.40
2009.02.27 11:27:35.923,0.97485,0.97495,12.80,4.80
2009.02.27 11:27:36.323,0.97485,0.97495,13.60,4.80
2009.02.27 11:27:36.662,0.97485,0.97495,5.60,4.80
2009.02.27 11:27:42.171,0.97485,0.97495,5.60,16.00
2009.02.27 11:27:43.201,0.97485,0.97495,4.60,16.00
2009.02.27 11:28:05.485,0.9748,0.9749,8.00,2.00
2009.02.27 11:28:05.755,0.9748,0.97495,9.00,19.00
2009.02.27 11:28:06.135,0.97475,0.9748,9.80,4.80
2009.02.27 11:28:06.255,0.9747,0.97485,15.00,18.20
2009.02.27 11:28:06.545,0.97475,0.97485,5.00,18.20
2009.02.27 11:28:06.715,0.97475,0.9748,5.00,11.20
2009.02.27 11:28:07.235,0.97465,0.9747,5.00,4.80
2009.02.27 11:28:07.805,0.97465,0.9747,5.00,18.00
2009.02.27 11:28:08.384,0.9744,0.97455,18.40,16.60
2009.02.27 11:28:08.714,0.9744,0.97445,1.20,4.80
2009.02.27 11:28:09.005,0.97435,0.97445,5.00,4.80
2009.02.27 11:28:09.584,0.97435,0.97445,4.60,16.00
2009.02.27 11:28:10.044,0.97435,0.97445,4.60,4.80
2009.02.27 11:28:10.214,0.97445,0.9745,1.00,14.50
2009.02.27 11:28:10.504,0.9745,0.97455,4.60,20.80
2009.02.27 11:28:10.884,0.9745,0.9746,6.60,11.40
2009.02.27 11:28:11.514,0.97455,0.9746,4.60,1.60
2009.02.27 11:28:11.863,0.97455,0.97465,8.60,4.80
2009.02.27 11:28:12.204,0.97465,0.9747,4.00,14.40
2009.02.27 11:28:12.374,0.97465,0.97475,5.60,4.80
2009.02.27 11:28:13.163,0.9747,0.9748,1.20,15.00
2009.02.27 11:28:13.793,0.9747,0.9748,1.20,13.40
2009.02.27 11:28:13.963,0.9747,0.9748,1.20,11.20
2009.02.27 11:28:14.933,0.97465,0.97475,5.60,4.80
2009.02.27 11:28:15.463,0.9747,0.9748,5.00,14.00
2009.02.27 11:28:15.873,0.97465,0.97475,5.60,4.80
2009.02.27 11:28:16.572,0.97465,0.97475,4.60,4.80
2009.02.27 11:28:16.972,0.97465,0.97475,5.60,4.80
2009.02.27 11:28:18.022,0.9747,0.9748,6.60,7.60
2009.02.27 11:28:18.412,0.9747,0.9748,6.60,9.60
2009.02.27 11:28:25.880,0.9747,0.9748,6.60,18.40
2009.02.27 11:28:26.670,0.9747,0.97475,2.00,4.80
2009.02.27 11:28:27.020,0.97465,0.97475,12.60,4.80
2009.02.27 11:28:27.130,0.97465,0.97475,4.60,4.80
2009.02.27 11:28:27.790,0.9748,0.97485,4.60,9.80
2009.02.27 11:28:27.910,0.97455,0.97475,11.00,4.80
2009.02.27 11:28:28.270,0.97455,0.97475,8.00,6.80
2009.02.27 11:28:28.719,0.9746,0.97475,4.60,4.80
2009.02.27 11:28:28.940,0.9746,0.97475,8.00,18.20
2009.02.27 11:28:29.219,0.97455,0.97475,13.60,25.60
2009.02.27 11:28:29.680,0.97455,0.97475,22.00,25.60
2009.02.27 11:28:30.259,0.97465,0.97475,4.60,16.00
2009.02.27 11:28:30.999,0.97465,0.9747,4.60,3.80
2009.02.27 11:28:31.409,0.97455,0.9747,13.60,1.60
2009.02.27 11:28:34.438,0.97455,0.9747,17.20,1.60
2009.02.27 11:28:34.548,0.97465,0.97475,4.60,9.60
2009.02.27 11:28:34.658,0.97465,0.97475,4.60,6.40
2009.02.27 11:28:37.477,0.97465,0.97475,5.20,6.40
2009.02.27 11:28:37.647,0.97465,0.97475,5.80,6.40
2009.02.27 11:28:38.617,0.97465,0.97475,4.60,6.40
2009.02.27 11:28:50.404,0.97465,0.97475,5.60,6.40
2009.02.27 11:28:51.154,0.97465,0.97475,9.60,6.40
2009.02.27 11:28:51.624,0.97465,0.97475,5.60,6.40
2009.02.27 11:28:53.914,0.97465,0.97475,9.60,6.40
2009.02.27 11:28:54.563,0.9747,0.97475,5.00,6.40
2009.02.27 11:28:55.243,0.9747,0.97475,1.20,6.40
2009.02.27 11:28:55.543,0.97465,0.97475,5.60,6.40
2009.02.27 11:28:56.503,0.9747,0.97475,5.00,6.40
2009.02.27 11:28:57.892,0.97465,0.97475,5.60,6.40
2009.02.27 11:28:58.342,0.9747,0.97475,5.00,6.40
2009.02.27 11:29:05.860,0.97465,0.97475,5.60,6.40
2009.02.27 11:29:06.260,0.97465,0.97475,4.60,6.40
2009.02.27 11:29:08.870,0.97465,0.97475,4.60,16.00
2009.02.27 11:29:09.390,0.9746,0.9747,6.60,9.60
2009.02.27 11:29:14.179,0.9746,0.9747,6.60,9.40
2009.02.27 11:29:17.458,0.9746,0.9747,6.60,8.20
2009.02.27 11:29:17.818,0.97465,0.9747,4.60,1.20
2009.02.27 11:29:18.168,0.97465,0.97475,4.60,4.80
2009.02.27 11:29:18.407,0.97475,0.9748,1.20,17.70
2009.02.27 11:29:18.878,0.97465,0.97475,4.60,4.80
2009.02.27 11:29:20.457,0.9747,0.97475,1.20,4.80
2009.02.27 11:29:20.747,0.9747,0.97475,5.00,4.80
2009.02.27 11:29:23.216,0.9747,0.97475,5.80,4.80
2009.02.27 11:29:23.387,0.9747,0.9748,7.60,10.80
2009.02.27 11:29:23.806,0.9747,0.9748,7.60,7.60
2009.02.27 11:29:23.976,0.9747,0.9748,7.60,9.60
2009.02.27 11:29:27.055,0.9747,0.9748,7.60,7.60
2009.02.27 11:29:29.395,0.9747,0.9748,11.20,7.60
2009.02.27 11:29:29.745,0.97485,0.9749,4.60,12.20
2009.02.27 11:29:29.925,0.97485,0.97495,5.60,19.20
2009.02.27 11:29:30.205,0.97485,0.97495,5.60,16.00
2009.02.27 11:29:30.325,0.97485,0.97495,5.60,4.80
2009.02.27 11:29:30.434,0.97485,0.975,16.20,7.60
2009.02.27 11:29:30.675,0.97485,0.975,22.00,6.80
2009.02.27 11:29:31.085,0.97485,0.975,22.00,1.60
2009.02.27 11:29:31.464,0.97495,0.9751,8.40,10.00
2009.02.27 11:29:31.994,0.97495,0.97515,22.00,18.20
2009.02.27 11:29:32.454,0.97495,0.97505,8.00,1.60
2009.02.27 11:29:32.744,0.9749,0.97505,9.00,1.60
2009.02.27 11:29:32.914,0.9749,0.97505,1.20,1.60
2009.02.27 11:29:33.214,0.9749,0.97495,1.20,1.60
2009.02.27 11:29:33.504,0.97475,0.97485,25.30,4.80
2009.02.27 11:29:33.954,0.97475,0.97485,10.40,4.80
2009.02.27 11:29:34.114,0.97475,0.97485,5.60,4.80
2009.02.27 11:29:35.334,0.9747,0.9748,7.60,6.40
2009.02.27 11:29:35.953,0.9747,0.9748,7.60,8.60
2009.02.27 11:29:36.833,0.9747,0.9748,7.60,10.20
2009.02.27 11:29:37.183,0.9747,0.9748,7.60,8.00
2009.02.27 11:29:38.703,0.9747,0.9748,7.60,7.60
2009.02.27 11:29:39.862,0.97475,0.9748,4.60,5.80
2009.02.27 11:29:39.973,0.97475,0.97485,10.40,4.80
2009.02.27 11:29:40.272,0.9748,0.97485,1.20,4.80
2009.02.27 11:29:40.672,0.97485,0.97495,4.60,4.80
2009.02.27 11:29:41.002,0.97485,0.97505,13.60,25.60
2009.02.27 11:29:41.112,0.9749,0.97505,4.60,14.40
2009.02.27 11:29:41.462,0.9749,0.97505,10.20,14.80
2009.02.27 11:29:42.042,0.97495,0.97505,4.60,4.80
2009.02.27 11:29:42.512,0.97495,0.97505,4.60,14.80
2009.02.27 11:29:42.964,0.97485,0.97505,22.00,14.80
2009.02.27 11:29:44.221,0.97485,0.97505,18.40,24.40
2009.02.27 11:29:44.501,0.9748,0.97495,5.00,14.80
2009.02.27 11:29:45.021,0.9748,0.97495,5.00,14.40
2009.02.27 11:29:45.421,0.9748,0.97495,1.20,14.40
2009.02.27 11:29:50.270,0.9748,0.97485,1.20,4.00
2009.02.27 11:29:50.620,0.97475,0.97485,5.60,6.80
2009.02.27 11:29:51.540,0.9748,0.9749,1.20,1.60
2009.02.27 11:29:51.940,0.9748,0.97495,1.20,14.80
2009.02.27 11:29:55.179,0.97485,0.97495,1.20,14.80
2009.02.27 11:29:56.210,0.97485,0.97495,5.00,14.80
2009.02.27 11:29:56.628,0.97485,0.97495,5.60,4.80
2009.02.27 11:29:57.209,0.97485,0.97495,5.00,12.80
2009.02.27 11:29:58.578,0.97485,0.97495,1.20,12.80
2009.02.27 11:30:02.977,0.9748,0.97495,1.20,12.80
2009.02.27 11:30:05.386,0.9748,0.97495,1.20,6.40
2009.02.27 11:30:06.296,0.9748,0.97495,1.20,4.80
2009.02.27 11:30:07.116,0.9748,0.97495,5.00,4.80
2009.02.27 11:30:07.646,0.97485,0.97495,1.20,4.80
2009.02.27 11:30:08.156,0.9748,0.97495,1.20,6.40
2009.02.27 11:30:08.796,0.9748,0.97495,5.00,12.80
2009.02.27 11:30:10.305,0.9748,0.97495,1.20,12.80
2009.02.27 11:30:10.775,0.9748,0.97495,1.20,14.40
2009.02.27 11:30:11.915,0.9748,0.97495,5.00,14.40
2009.02.27 11:30:12.314,0.97485,0.97495,5.00,4.80
2009.02.27 11:30:12.835,0.9748,0.97495,5.00,14.40
2009.02.27 11:30:13.244,0.97485,0.97495,1.20,4.80
2009.02.27 11:30:13.575,0.9748,0.97495,5.00,4.80
2009.02.27 11:30:13.974,0.9748,0.97495,9.00,4.80
2009.02.27 11:30:14.214,0.9748,0.97495,5.00,4.80
2009.02.27 11:30:15.274,0.97485,0.97495,1.20,4.80
2009.02.27 11:30:15.714,0.97485,0.97495,5.00,12.80
2009.02.27 11:30:19.813,0.9749,0.97495,5.00,4.80
2009.02.27 11:30:21.142,0.9749,0.97495,1.20,14.80
2009.02.27 11:30:21.722,0.9748,0.97485,4.60,9.60
2009.02.27 11:30:22.182,0.9748,0.97485,1.20,14.50
2009.02.27 11:30:22.802,0.9747,0.9748,4.80,1.00
2009.02.27 11:30:23.252,0.97475,0.9748,8.00,12.30
2009.02.27 11:30:23.672,0.97465,0.97475,4.60,4.80
2009.02.27 11:30:25.061,0.97465,0.97475,5.60,4.80
2009.02.27 11:30:27.011,0.97465,0.97475,5.60,16.00
2009.02.27 11:30:27.471,0.97465,0.97475,16.40,4.80
2009.02.27 11:30:27.701,0.97465,0.97475,22.60,4.80
2009.02.27 11:30:27.871,0.97475,0.9748,4.60,4.80
2009.02.27 11:30:28.081,0.97475,0.97485,4.60,6.80
2009.02.27 11:30:28.381,0.97475,0.97485,4.60,4.80
2009.02.27 11:30:30.250,0.9747,0.9748,6.60,4.80
2009.02.27 11:30:30.361,0.9747,0.9748,6.60,6.00
2009.02.27 11:30:31.520,0.9747,0.9748,6.60,8.00
2009.02.27 11:30:31.810,0.97465,0.97475,16.40,4.80
2009.02.27 11:30:32.050,0.97465,0.97475,14.80,4.80
2009.02.27 11:30:32.110,0.97465,0.97475,6.80,4.80
2009.02.27 11:30:33.459,0.97465,0.97475,16.00,4.80
2009.02.27 11:30:33.939,0.9747,0.9748,6.60,8.00
2009.02.27 11:30:36.219,0.9747,0.9748,6.60,16.00
2009.02.27 11:30:36.749,0.97465,0.9748,12.00,16.00
2009.02.27 11:30:37.229,0.97465,0.97475,2.20,4.80
2009.02.27 11:30:37.469,0.97465,0.97475,2.20,14.80
2009.02.27 11:30:45.976,0.97465,0.97475,6.20,14.80
2009.02.27 11:30:46.366,0.97465,0.97475,11.00,6.80
2009.02.27 11:30:46.766,0.9747,0.9748,2.00,17.20
2009.02.27 11:30:47.386,0.97465,0.9748,12.40,27.40
2009.02.27 11:30:47.626,0.97465,0.97475,6.20,4.80
2009.02.27 11:30:48.046,0.97465,0.97475,6.20,6.80
2009.02.27 11:30:48.166,0.97465,0.97475,6.20,14.80
2009.02.27 11:30:49.095,0.97465,0.97475,6.20,6.80
2009.02.27 11:30:49.275,0.97465,0.97475,6.20,4.80
2009.02.27 11:30:53.205,0.9747,0.97475,5.60,4.80
2009.02.27 11:30:53.545,0.97465,0.9747,2.20,4.80
2009.02.27 11:30:53.894,0.97465,0.9747,6.20,4.80
2009.02.27 11:30:54.294,0.97465,0.97475,6.20,4.80
2009.02.27 11:30:54.674,0.9747,0.97475,5.60,4.80
2009.02.27 11:30:54.904,0.97465,0.97475,6.20,4.80
2009.02.27 11:30:55.074,0.97465,0.97475,6.20,6.80
2009.02.27 11:30:55.354,0.97465,0.97475,6.20,14.80
2009.02.27 11:30:55.644,0.9747,0.97475,5.60,4.80
2009.02.27 11:30:56.714,0.97465,0.97475,6.20,4.80
2009.02.27 11:30:57.114,0.9747,0.97475,5.60,4.80
2009.02.27 11:30:57.823,0.97475,0.9748,5.00,10.40
2009.02.27 11:30:58.503,0.97475,0.9748,1.20,10.40
2009.02.27 11:30:58.743,0.97465,0.97475,1.80,4.80
2009.02.27 11:30:58.973,0.9746,0.97475,2.60,8.60
2009.02.27 11:30:59.263,0.9746,0.97475,1.60,8.60
2009.02.27 11:30:59.853,0.9746,0.97475,1.60,16.60
2009.02.27 11:31:00.493,0.97455,0.97475,23.20,16.00
2009.02.27 11:31:03.282,0.9746,0.97475,1.20,16.60
2009.02.27 11:31:04.282,0.97455,0.97475,22.00,16.00
2009.02.27 11:31:07.161,0.97465,0.97475,1.20,6.40
2009.02.27 11:31:07.341,0.97465,0.97475,1.20,12.80
2009.02.27 11:31:09.901,0.9746,0.97475,6.20,14.40
2009.02.27 11:31:10.481,0.97465,0.97475,1.20,12.80
2009.02.27 11:31:10.871,0.97465,0.97475,1.20,4.80
2009.02.27 11:31:12.180,0.97465,0.97475,5.00,4.80
2009.02.27 11:31:12.690,0.97465,0.97475,1.20,4.80
2009.02.27 11:31:13.450,0.97465,0.97475,5.00,6.80
2009.02.27 11:31:13.960,0.97465,0.97475,1.20,6.80
2009.02.27 11:31:16.509,0.9746,0.97475,9.40,6.80
2009.02.27 11:31:16.789,0.97465,0.97475,1.20,14.80
2009.02.27 11:31:17.129,0.97465,0.97475,1.20,6.80
2009.02.27 11:31:18.479,0.97465,0.97475,5.00,14.80
2009.02.27 11:31:18.649,0.97465,0.97475,5.00,6.80
2009.02.27 11:31:20.858,0.9747,0.97475,3.00,6.80
2009.02.27 11:31:21.568,0.9747,0.97485,22.00,4.80
2009.02.27 11:31:22.457,0.9747,0.97485,5.60,6.80
2009.02.27 11:31:23.028,0.9747,0.97485,10.40,6.80
2009.02.27 11:31:23.307,0.9748,0.97485,4.00,4.80
2009.02.27 11:31:23.767,0.9748,0.97485,5.00,4.80
2009.02.27 11:31:25.257,0.97485,0.9749,1.20,2.00
2009.02.27 11:31:25.587,0.9748,0.9749,1.20,2.00
2009.02.27 11:31:26.157,0.9748,0.97495,1.20,14.80
2009.02.27 11:31:27.896,0.97485,0.97495,5.00,14.80
2009.02.27 11:31:28.246,0.9749,0.97495,5.00,14.80
2009.02.27 11:31:29.166,0.9749,0.97495,5.00,4.80
2009.02.27 11:31:29.446,0.97485,0.97495,5.00,4.80
2009.02.27 11:31:29.966,0.97485,0.9749,5.00,2.00
2009.02.27 11:31:30.476,0.97485,0.97495,5.00,14.80
2009.02.27 11:31:31.015,0.9748,0.97495,9.00,6.80
2009.02.27 11:31:31.296,0.9748,0.97495,1.20,14.80
2009.02.27 11:31:32.695,0.9748,0.97495,1.20,14.40
2009.02.27 11:31:33.185,0.9748,0.97495,1.20,14.80
2009.02.27 11:31:34.335,0.97485,0.97495,8.80,6.80
2009.02.27 11:31:34.855,0.9749,0.975,3.00,7.60
2009.02.27 11:31:35.124,0.9749,0.975,4.60,7.60
2009.02.27 11:31:36.454,0.9749,0.975,4.60,9.80
2009.02.27 11:31:36.854,0.9749,0.975,2.60,9.80
2009.02.27 11:31:37.314,0.9749,0.975,8.60,9.20
2009.02.27 11:31:37.614,0.97495,0.97505,12.60,2.00
2009.02.27 11:31:38.014,0.975,0.9751,5.60,1.20
2009.02.27 11:31:38.464,0.975,0.97515,15.60,8.60
2009.02.27 11:31:38.794,0.975,0.97515,17.20,6.40
2009.02.27 11:31:39.134,0.975,0.97515,17.20,16.00
2009.02.27 11:31:39.483,0.97495,0.9751,9.00,1.60
2009.02.27 11:31:39.763,0.97495,0.9751,5.60,2.00
2009.02.27 11:31:39.933,0.97495,0.9751,13.60,2.00
2009.02.27 11:31:40.613,0.97495,0.97505,8.00,4.80
2009.02.27 11:31:41.053,0.9749,0.97505,25.60,4.80
2009.02.27 11:31:41.284,0.9749,0.97505,26.40,4.80
2009.02.27 11:31:41.943,0.9749,0.97505,25.60,4.80
2009.02.27 11:31:45.702,0.9749,0.97505,20.80,6.40
2009.02.27 11:31:45.923,0.9749,0.975,2.60,2.00
2009.02.27 11:31:46.322,0.9749,0.975,1.20,2.00
2009.02.27 11:31:47.572,0.9749,0.97505,1.20,17.60
2009.02.27 11:31:50.011,0.9749,0.97505,17.20,4.80
2009.02.27 11:31:53.920,0.97495,0.97505,1.20,4.80
2009.02.27 11:31:55.429,0.9749,0.97505,17.20,4.80
2009.02.27 11:31:56.170,0.97495,0.97505,1.20,4.80
2009.02.27 11:31:56.669,0.97495,0.975,1.20,1.60
2009.02.27 11:31:56.899,0.9749,0.975,3.00,12.00
2009.02.27 11:31:57.189,0.9749,0.975,7.60,11.20
2009.02.27 11:31:57.660,0.975,0.97505,13.90,4.80
2009.02.27 11:31:58.199,0.975,0.97505,5.00,4.80
2009.02.27 11:31:58.439,0.975,0.97515,3.00,26.20
2009.02.27 11:31:58.609,0.97495,0.97515,30.00,25.60
2009.02.27 11:31:58.969,0.97495,0.97515,22.00,25.60
2009.02.27 11:31:59.479,0.97495,0.9751,22.00,1.60
2009.02.27 11:32:00.098,0.9749,0.975,3.60,19.40
2009.02.27 11:32:00.558,0.9749,0.975,2.00,19.40
2009.02.27 11:32:00.798,0.9749,0.975,3.60,17.20
2009.02.27 11:32:01.638,0.9749,0.97495,3.60,4.80
2009.02.27 11:32:02.428,0.97485,0.97495,1.20,4.80
2009.02.27 11:32:02.948,0.9748,0.97495,17.20,4.80
2009.02.27 11:32:03.398,0.97495,0.975,4.60,18.00
2009.02.27 11:32:03.798,0.975,0.9752,13.60,6.40
2009.02.27 11:32:04.487,0.97515,0.97525,8.40,6.00
2009.02.27 11:32:04.938,0.9752,0.97535,13.60,1.60
2009.02.27 11:32:05.217,0.9752,0.9754,17.40,20.80
2009.02.27 11:32:05.397,0.9752,0.9754,17.40,9.60
2009.02.27 11:32:06.747,0.9751,0.97525,1.60,4.80
2009.02.27 11:32:07.037,0.9751,0.97525,2.60,4.80
2009.02.27 11:32:07.327,0.97515,0.97525,8.00,4.80
2009.02.27 11:32:07.447,0.97515,0.97535,13.60,4.80
2009.02.27 11:32:07.557,0.97515,0.9754,22.00,16.80
2009.02.27 11:32:07.827,0.97515,0.97535,22.00,14.40
2009.02.27 11:32:08.756,0.9752,0.97535,8.00,6.40
2009.02.27 11:32:09.236,0.97515,0.97525,18.40,9.60
2009.02.27 11:32:09.626,0.97515,0.97525,8.00,17.60
2009.02.27 11:32:10.436,0.9751,0.97525,9.00,17.60
2009.02.27 11:32:11.006,0.9751,0.9752,1.20,1.60
2009.02.27 11:32:11.346,0.9751,0.9752,1.20,11.20
2009.02.27 11:32:12.266,0.9752,0.97525,4.00,19.30
2009.02.27 11:32:12.676,0.9752,0.97525,5.00,17.60
2009.02.27 11:32:13.095,0.9752,0.97525,5.00,12.80
2009.02.27 11:32:13.445,0.9752,0.97525,5.00,4.80
2009.02.27 11:32:13.665,0.97525,0.97535,5.00,8.00
2009.02.27 11:32:14.175,0.97525,0.97535,5.00,4.80
2009.02.27 11:32:14.415,0.97525,0.97535,5.00,14.80
2009.02.27 11:32:15.185,0.97525,0.9753,1.20,11.60
2009.02.27 11:32:15.415,0.9752,0.97525,4.40,9.00
2009.02.27 11:32:15.765,0.97515,0.9752,6.00,1.20
2009.02.27 11:32:15.935,0.9751,0.9752,1.20,1.20
2009.02.27 11:32:16.565,0.97505,0.97515,1.20,12.80
2009.02.27 11:32:16.744,0.97505,0.97515,1.20,26.20
2009.02.27 11:32:17.364,0.97505,0.97515,4.40,26.20
2009.02.27 11:32:17.754,0.975,0.97505,4.40,4.80
2009.02.27 11:32:18.434,0.97495,0.9751,5.60,6.00
2009.02.27 11:32:19.164,0.975,0.9751,1.20,4.80
2009.02.27 11:32:19.564,0.975,0.97515,1.20,34.20
2009.02.27 11:32:21.993,0.975,0.97515,5.00,24.60
2009.02.27 11:32:22.433,0.97505,0.97515,1.20,12.80
2009.02.27 11:32:22.993,0.97505,0.97515,5.00,12.80
2009.02.27 11:32:23.343,0.975,0.9751,3.00,6.00
2009.02.27 11:32:23.733,0.975,0.9751,3.00,8.00
2009.02.27 11:32:24.643,0.975,0.97505,3.00,4.80
2009.02.27 11:32:25.052,0.975,0.9751,2.00,6.00
2009.02.27 11:32:25.403,0.97495,0.9751,26.80,8.40
2009.02.27 11:32:25.792,0.97495,0.97505,1.20,4.80
2009.02.27 11:32:26.522,0.97495,0.97505,5.00,4.80
2009.02.27 11:32:27.962,0.97495,0.97505,1.20,4.80
2009.02.27 11:32:28.362,0.97495,0.97505,5.00,4.80
2009.02.27 11:32:29.641,0.9749,0.975,11.40,4.80
2009.02.27 11:32:29.981,0.9749,0.975,2.00,6.00
2009.02.27 11:32:30.381,0.97485,0.9749,1.60,4.80
2009.02.27 11:32:30.891,0.9748,0.9749,3.00,8.00
2009.02.27 11:32:31.171,0.9748,0.9749,3.00,6.00
2009.02.27 11:32:33.141,0.9748,0.97485,2.00,2.00
2009.02.27 11:32:33.501,0.97485,0.9749,1.20,21.60
2009.02.27 11:32:33.840,0.97475,0.97485,8.00,8.00
2009.02.27 11:32:34.350,0.9747,0.97485,17.40,6.80
2009.02.27 11:32:35.110,0.9747,0.97485,1.20,14.40
2009.02.27 11:32:35.730,0.9747,0.97485,2.20,14.40
2009.02.27 11:32:36.910,0.9747,0.97485,2.20,25.60
2009.02.27 11:32:37.259,0.97465,0.97475,21.00,4.80
2009.02.27 11:32:37.709,0.97465,0.97475,13.00,4.80
2009.02.27 11:32:38.119,0.97465,0.9747,8.20,1.20
2009.02.27 11:32:38.240,0.97465,0.9747,1.20,6.00
2009.02.27 11:32:38.469,0.9746,0.9747,12.40,6.00
2009.02.27 11:32:39.219,0.9746,0.9747,11.40,6.00
2009.02.27 11:32:40.059,0.9746,0.97465,1.20,11.00
2009.02.27 11:32:40.459,0.9745,0.9746,12.40,6.00
2009.02.27 11:32:41.928,0.97455,0.9746,5.00,4.80
2009.02.27 11:32:42.208,0.9746,0.97465,5.60,3.20
2009.02.27 11:32:42.618,0.9746,0.97475,4.60,16.00
2009.02.27 11:32:43.028,0.97465,0.97475,4.60,6.40
2009.02.27 11:32:43.419,0.97465,0.97485,18.40,19.20
2009.02.27 11:32:43.698,0.97465,0.97485,22.00,9.60
2009.02.27 11:32:44.048,0.97465,0.97485,28.60,9.60
2009.02.27 11:32:44.438,0.97475,0.97485,9.40,8.00
2009.02.27 11:32:44.898,0.97475,0.97485,4.60,6.40
2009.02.27 11:32:45.068,0.9747,0.9748,9.40,7.60
2009.02.27 11:32:45.468,0.9747,0.9748,9.40,6.00
2009.02.27 11:32:45.928,0.97465,0.97475,15.80,6.00
2009.02.27 11:32:46.278,0.97465,0.97475,17.60,6.00
2009.02.27 11:32:47.367,0.97465,0.97475,12.80,6.00
2009.02.27 11:32:47.907,0.9746,0.9747,13.00,6.00
2009.02.27 11:32:48.257,0.9746,0.9747,11.40,6.00
2009.02.27 11:32:48.957,0.9746,0.9747,12.40,6.00
2009.02.27 11:32:49.756,0.9746,0.9747,11.40,6.00
2009.02.27 11:32:56.345,0.9746,0.9747,11.40,4.80
2009.02.27 11:32:56.695,0.9746,0.9747,15.40,4.80
2009.02.27 11:32:56.805,0.9747,0.9748,6.60,6.00
2009.02.27 11:32:57.525,0.9747,0.97475,2.00,4.80
2009.02.27 11:32:57.934,0.97465,0.97475,13.00,4.80
2009.02.27 11:33:01.514,0.9747,0.97475,6.20,4.80
2009.02.27 11:33:01.974,0.9747,0.97475,5.60,4.80
2009.02.27 11:33:02.094,0.97475,0.9748,1.20,4.80
2009.02.27 11:33:02.374,0.97475,0.9748,1.80,4.80
2009.02.27 11:33:02.733,0.97485,0.97495,5.60,10.40
2009.02.27 11:33:03.083,0.9749,0.9751,5.00,14.40
2009.02.27 11:33:03.663,0.97495,0.9751,10.40,4.80
2009.02.27 11:33:04.013,0.97495,0.9751,9.40,4.80
2009.02.27 11:33:04.663,0.97495,0.97505,4.60,4.80
2009.02.27 11:33:04.883,0.9749,0.97505,14.20,6.40
2009.02.27 11:33:05.103,0.9749,0.97505,6.20,6.40
2009.02.27 11:33:05.383,0.97485,0.97495,16.80,4.80
2009.02.27 11:33:05.873,0.97485,0.97495,12.00,4.80
2009.02.27 11:33:07.642,0.97485,0.9749,1.80,6.00
2009.02.27 11:33:08.052,0.9748,0.97485,3.60,4.80
2009.02.27 11:33:08.232,0.97475,0.97485,8.20,4.80
2009.02.27 11:33:12.121,0.97475,0.9748,1.80,4.80
2009.02.27 11:33:12.231,0.97475,0.9748,1.80,6.00
2009.02.27 11:33:14.251,0.97475,0.9748,1.80,8.00
2009.02.27 11:33:14.820,0.97475,0.9748,5.60,3.20
2009.02.27 11:33:15.110,0.97475,0.97485,5.60,4.80
2009.02.27 11:33:15.510,0.97475,0.97485,9.60,4.80
2009.02.27 11:33:16.140,0.97475,0.97485,5.60,4.80
2009.02.27 11:33:16.550,0.97475,0.97485,9.60,4.80
2009.02.27 11:33:18.329,0.97475,0.97485,5.60,4.80
2009.02.27 11:33:23.558,0.9748,0.97485,5.00,4.80
2009.02.27 11:33:24.238,0.97475,0.97485,5.60,4.80
2009.02.27 11:33:25.438,0.9748,0.97485,5.00,4.80
2009.02.27 11:33:25.668,0.9748,0.97485,9.00,4.80
2009.02.27 11:33:26.288,0.9748,0.97485,5.00,4.80
2009.02.27 11:33:26.917,0.97485,0.9749,1.20,5.80
2009.02.27 11:33:26.977,0.9748,0.97485,5.00,4.80
2009.02.27 11:33:28.707,0.9748,0.97485,9.00,4.80
2009.02.27 11:33:28.817,0.9748,0.97485,1.20,4.80
2009.02.27 11:33:29.047,0.97475,0.97485,4.60,4.80
2009.02.27 11:33:31.907,0.97475,0.9749,22.00,5.20
2009.02.27 11:33:32.066,0.97475,0.9749,22.00,3.20
2009.02.27 11:33:32.346,0.97475,0.97495,22.00,14.40
2009.02.27 11:33:32.756,0.9748,0.97495,3.60,14.40
2009.02.27 11:33:33.166,0.97485,0.975,10.40,5.20
2009.02.27 11:33:33.676,0.97485,0.97505,22.00,11.20
2009.02.27 11:33:34.066,0.9749,0.975,1.20,15.20
2009.02.27 11:33:34.416,0.97485,0.9749,8.00,6.00
2009.02.27 11:33:34.696,0.9748,0.9749,14.00,6.00
2009.02.27 11:33:35.665,0.9748,0.9749,9.20,7.60
2009.02.27 11:33:35.775,0.97475,0.9748,10.70,4.80
2009.02.27 11:33:36.185,0.97475,0.9748,6.10,6.00
2009.02.27 11:33:36.805,0.97475,0.9748,5.00,6.80
2009.02.27 11:33:37.135,0.9748,0.97485,5.00,4.80
2009.02.27 11:33:40.614,0.9748,0.9749,5.60,6.00
2009.02.27 11:33:40.914,0.9748,0.9749,7.60,6.00
2009.02.27 11:33:41.024,0.9748,0.9749,9.20,6.00
2009.02.27 11:33:42.474,0.9748,0.9749,9.20,8.00
2009.02.27 11:33:49.232,0.9748,0.9749,8.20,8.00
2009.02.27 11:33:49.412,0.9748,0.9749,8.20,6.00
2009.02.27 11:33:52.751,0.97475,0.9748,7.10,8.00
2009.02.27 11:33:53.101,0.9746,0.97465,2.20,4.80
2009.02.27 11:33:53.541,0.9746,0.97465,1.20,4.80
2009.02.27 11:33:53.831,0.97455,0.97465,4.60,4.80
2009.02.27 11:33:56.400,0.97455,0.97465,6.40,4.80
2009.02.27 11:33:57.150,0.9746,0.97465,1.00,4.80
2009.02.27 11:33:57.500,0.9746,0.9747,4.60,28.40
2009.02.27 11:33:57.610,0.9746,0.9747,8.40,6.00
2009.02.27 11:33:58.590,0.9746,0.9747,10.00,6.00
2009.02.27 11:34:05.878,0.9746,0.9747,10.00,6.00
2009.02.27 11:34:06.038,0.9746,0.9747,9.20,6.00
2009.02.27 11:34:14.796,0.9746,0.9747,18.40,4.80
2009.02.27 11:34:15.316,0.97465,0.9748,5.60,12.40
2009.02.27 11:34:15.756,0.97465,0.97485,18.40,28.80
2009.02.27 11:34:16.095,0.97465,0.97485,22.00,16.00
2009.02.27 11:34:16.655,0.97465,0.9748,22.00,1.60
2009.02.27 11:34:18.065,0.9747,0.97485,1.20,16.00
2009.02.27 11:34:18.825,0.97475,0.97485,4.60,6.40
2009.02.27 11:34:19.285,0.97475,0.97485,4.60,4.80
2009.02.27 11:34:20.815,0.97475,0.97495,13.60,30.40
2009.02.27 11:34:21.215,0.97475,0.97495,22.00,14.40
2009.02.27 11:34:21.854,0.97475,0.97495,23.40,17.60
2009.02.27 11:34:22.304,0.9748,0.97495,8.40,6.40
2009.02.27 11:34:22.654,0.9748,0.97495,9.40,6.40
2009.02.27 11:34:23.954,0.97485,0.97495,4.60,4.80
2009.02.27 11:34:24.304,0.9749,0.97495,11.40,4.80
2009.02.27 11:34:24.754,0.9749,0.975,16.00,9.20
2009.02.27 11:34:25.053,0.97495,0.97505,5.60,4.80
2009.02.27 11:34:25.633,0.97495,0.97505,1.20,12.80
2009.02.27 11:34:26.073,0.9749,0.97505,10.60,14.40
2009.02.27 11:34:26.413,0.97495,0.97505,4.60,6.40
2009.02.27 11:34:26.824,0.975,0.97505,1.80,4.80
2009.02.27 11:34:27.183,0.975,0.9751,5.60,8.00
2009.02.27 11:34:27.643,0.97505,0.97515,1.20,8.00
2009.02.27 11:34:28.203,0.9751,0.97525,1.20,19.80
2009.02.27 11:34:28.543,0.9751,0.97525,1.20,27.80
2009.02.27 11:34:28.942,0.9751,0.97525,5.00,31.80
2009.02.27 11:34:29.283,0.9751,0.9752,5.00,2.00
2009.02.27 11:34:29.752,0.9751,0.97515,5.00,4.80
2009.02.27 11:34:30.202,0.9751,0.97515,1.20,4.80
2009.02.27 11:34:31.022,0.975,0.97515,2.60,14.80
2009.02.27 11:34:31.662,0.97495,0.97505,5.60,4.80
2009.02.27 11:34:32.302,0.97495,0.97505,4.60,4.80
2009.02.27 11:34:32.762,0.97495,0.97505,5.60,4.80
2009.02.27 11:34:33.222,0.9749,0.975,12.40,4.80
2009.02.27 11:34:33.691,0.9749,0.97495,11.60,4.80
2009.02.27 11:34:34.291,0.97495,0.975,5.60,1.60
2009.02.27 11:34:34.502,0.975,0.97505,5.00,4.80
2009.02.27 11:34:35.181,0.97495,0.97505,9.60,4.80
2009.02.27 11:34:35.471,0.97495,0.97505,8.60,4.80
2009.02.27 11:34:35.701,0.97495,0.97505,4.60,4.80
2009.02.27 11:34:36.833,0.97505,0.9751,5.60,2.00
2009.02.27 11:34:37.300,0.975,0.97505,8.00,6.40
2009.02.27 11:34:37.530,0.9749,0.97505,9.00,6.40
2009.02.27 11:34:38.061,0.9749,0.97505,5.00,6.80
2009.02.27 11:34:38.630,0.9749,0.97505,1.20,6.40
2009.02.27 11:34:38.970,0.97495,0.9751,1.20,13.40
2009.02.27 11:34:39.390,0.9749,0.97505,9.00,1.60
2009.02.27 11:34:40.780,0.97505,0.9751,4.00,20.80
2009.02.27 11:34:41.020,0.97505,0.97515,5.60,21.40
2009.02.27 11:34:41.140,0.97505,0.97515,5.60,11.20
2009.02.27 11:34:41.430,0.9751,0.9752,5.60,15.60
2009.02.27 11:34:41.850,0.9751,0.9752,9.60,6.00
2009.02.27 11:34:42.399,0.9751,0.9752,11.60,6.00
2009.02.27 11:34:42.869,0.9751,0.9752,13.20,6.00
2009.02.27 11:34:43.049,0.9751,0.97515,3.60,4.80
2009.02.27 11:34:43.279,0.9751,0.97515,2.60,4.80
2009.02.27 11:34:43.609,0.9751,0.97515,5.00,4.80
2009.02.27 11:34:44.599,0.97505,0.97515,10.40,4.80
2009.02.27 11:34:47.658,0.975,0.9751,14.00,6.00
2009.02.27 11:34:48.988,0.975,0.9751,14.00,4.80
2009.02.27 11:34:49.108,0.975,0.9751,17.60,4.80
2009.02.27 11:34:49.278,0.97505,0.97515,4.60,6.80
2009.02.27 11:34:49.617,0.97505,0.97515,5.60,4.80
2009.02.27 11:34:50.767,0.97505,0.97515,4.60,4.80
2009.02.27 11:34:53.996,0.9751,0.9752,11.40,6.00
2009.02.27 11:34:55.557,0.9751,0.9752,13.00,6.00
2009.02.27 11:34:56.896,0.9751,0.97515,8.20,4.80
2009.02.27 11:34:57.356,0.9751,0.97515,1.60,4.80
2009.02.27 11:34:57.586,0.9751,0.9752,5.60,8.00
2009.02.27 11:34:58.096,0.9751,0.97525,5.60,12.80
2009.02.27 11:34:58.565,0.97515,0.97535,13.60,25.40
2009.02.27 11:34:58.955,0.97515,0.97535,22.00,25.40
2009.02.27 11:35:00.815,0.9752,0.97535,1.20,14.20
2009.02.27 11:35:01.155,0.97515,0.97535,22.00,14.40
2009.02.27 11:35:01.785,0.9752,0.97535,3.60,14.40
2009.02.27 11:35:02.115,0.9752,0.9754,17.40,11.20
2009.02.27 11:35:02.524,0.97525,0.9754,1.20,11.20
2009.02.27 11:35:03.025,0.97525,0.97535,4.60,4.80
2009.02.27 11:35:03.784,0.9752,0.97535,12.60,6.00
2009.02.27 11:35:04.234,0.97525,0.97535,4.60,4.80
2009.02.27 11:35:04.744,0.9752,0.9753,15.60,4.80
2009.02.27 11:35:05.264,0.9752,0.9753,8.00,1.20
2009.02.27 11:35:05.894,0.9752,0.97535,9.00,6.00
2009.02.27 11:35:06.933,0.9752,0.97535,1.20,14.00
2009.02.27 11:35:07.734,0.9752,0.97535,1.20,14.40
2009.02.27 11:35:15.221,0.97525,0.9753,1.20,4.80
2009.02.27 11:35:15.911,0.97515,0.9753,28.20,4.80
2009.02.27 11:35:16.441,0.97515,0.97525,13.60,4.80
2009.02.27 11:35:16.721,0.97515,0.97525,1.20,6.80
2009.02.27 11:35:17.191,0.97515,0.97525,1.20,4.80
2009.02.27 11:35:17.931,0.9751,0.97525,9.00,4.80
2009.02.27 11:35:18.211,0.97515,0.97525,1.20,4.80
2009.02.27 11:35:18.961,0.97515,0.9752,1.20,11.20
2009.02.27 11:35:19.531,0.97505,0.9751,8.00,11.20
2009.02.27 11:35:19.890,0.97505,0.9751,8.00,12.80
2009.02.27 11:35:20.360,0.975,0.9751,8.00,12.80
2009.02.27 11:35:20.710,0.9749,0.975,12.80,1.60
2009.02.27 11:35:21.000,0.9749,0.975,8.00,1.60
2009.02.27 11:35:22.330,0.97485,0.975,8.00,1.60
2009.02.27 11:35:23.019,0.97485,0.97505,9.00,33.60
2009.02.27 11:35:23.299,0.97485,0.97505,9.00,25.60
2009.02.27 11:35:24.539,0.9749,0.97505,1.20,25.60
2009.02.27 11:35:24.719,0.97485,0.97505,9.00,25.60
2009.02.27 11:35:25.009,0.97485,0.97505,1.20,33.60
2009.02.27 11:35:26.629,0.97485,0.97505,1.20,33.20
2009.02.27 11:35:28.758,0.97485,0.975,1.20,1.20
2009.02.27 11:35:30.168,0.97485,0.975,1.20,9.20
2009.02.27 11:35:30.947,0.97485,0.975,1.20,8.00
2009.02.27 11:35:31.398,0.97485,0.975,1.20,9.60
2009.02.27 11:35:31.797,0.9748,0.97495,17.40,1.60
2009.02.27 11:35:32.307,0.9748,0.975,17.40,9.40
2009.02.27 11:35:32.757,0.97485,0.975,1.20,8.00
2009.02.27 11:35:33.557,0.9748,0.975,17.40,9.40
2009.02.27 11:35:35.027,0.9748,0.97495,8.00,6.20
2009.02.27 11:35:35.446,0.9748,0.97495,9.00,6.20
2009.02.27 11:35:36.066,0.9748,0.97495,8.00,6.20
2009.02.27 11:35:36.526,0.9748,0.97495,9.00,6.40
2009.02.27 11:35:36.916,0.9748,0.97495,8.00,6.40
2009.02.27 11:35:37.956,0.9748,0.97495,9.00,6.40
2009.02.27 11:35:39.955,0.97485,0.97495,8.00,6.40
2009.02.27 11:35:40.365,0.9748,0.97495,8.00,6.40
2009.02.27 11:35:40.815,0.97475,0.97495,22.00,14.40
2009.02.27 11:35:46.734,0.97475,0.97495,22.00,14.20
2009.02.27 11:35:47.024,0.9748,0.97495,1.20,14.20
2009.02.27 11:35:47.703,0.97475,0.97495,22.00,14.20
2009.02.27 11:35:47.874,0.9748,0.97495,1.20,14.20
2009.02.27 11:35:48.263,0.97475,0.97495,22.00,14.20
2009.02.27 11:35:50.863,0.97475,0.97495,22.00,14.20
2009.02.27 11:35:53.632,0.97475,0.9748,22.00,5.40
2009.02.27 11:35:53.852,0.97475,0.9748,12.60,5.40
2009.02.27 11:35:54.082,0.97475,0.97485,12.60,4.80
2009.02.27 11:35:54.412,0.97475,0.97485,4.60,4.80
2009.02.27 11:35:58.751,0.97475,0.97485,4.60,6.40
2009.02.27 11:35:59.731,0.97475,0.97485,4.60,10.40
2009.02.27 11:36:00.131,0.97475,0.9748,4.60,1.60
2009.02.27 11:36:01.060,0.9747,0.9748,7.60,6.00
2009.02.27 11:36:01.510,0.9747,0.97475,8.00,4.80
2009.02.27 11:36:01.790,0.97465,0.97475,4.60,4.80
2009.02.27 11:36:02.760,0.97465,0.97475,4.60,6.40
2009.02.27 11:36:04.419,0.97465,0.97475,4.60,6.20
2009.02.27 11:36:06.479,0.9747,0.9748,4.60,9.60
2009.02.27 11:36:06.809,0.9747,0.9748,6.60,8.00
2009.02.27 11:36:07.109,0.9747,0.9748,6.60,6.40
2009.02.27 11:36:07.489,0.9747,0.97475,6.60,5.40
2009.02.27 11:36:07.549,0.9747,0.9748,6.60,6.20
2009.02.27 11:36:09.268,0.9747,0.9748,6.60,6.40
2009.02.27 11:36:12.937,0.9747,0.9748,6.60,4.80
2009.02.27 11:36:13.817,0.97475,0.97485,4.60,4.80
2009.02.27 11:36:14.817,0.97475,0.97485,10.40,4.80
2009.02.27 11:36:15.337,0.9749,0.97495,2.00,19.10
2009.02.27 11:36:15.797,0.9748,0.9749,11.40,4.80
2009.02.27 11:36:16.147,0.97485,0.975,9.00,12.80
2009.02.27 11:36:16.676,0.97485,0.975,1.20,20.80
2009.02.27 11:36:17.007,0.97495,0.97505,4.60,22.80
2009.02.27 11:36:17.467,0.97495,0.97505,4.60,4.80
2009.02.27 11:36:17.806,0.97495,0.9751,12.60,12.80
2009.02.27 11:36:17.976,0.9751,0.97515,4.60,17.50
2009.02.27 11:36:18.376,0.97505,0.9751,9.10,11.20
2009.02.27 11:36:19.176,0.97495,0.9751,5.60,21.40
2009.02.27 11:36:19.446,0.9751,0.97515,2.00,18.30
2009.02.27 11:36:19.896,0.9751,0.97515,2.00,4.80
2009.02.27 11:36:20.126,0.975,0.97515,3.00,16.80
2009.02.27 11:36:20.426,0.975,0.97515,2.00,16.80
2009.02.27 11:36:21.176,0.9751,0.9752,11.80,8.00
2009.02.27 11:36:21.525,0.9752,0.97525,6.60,3.20
2009.02.27 11:36:22.155,0.97525,0.9753,5.20,1.60
2009.02.27 11:36:22.545,0.9753,0.97535,6.60,5.20
2009.02.27 11:36:22.935,0.9753,0.97535,6.10,1.60
2009.02.27 11:36:23.665,0.9753,0.97535,6.60,1.60
2009.02.27 11:36:24.255,0.97535,0.97545,4.60,8.60
2009.02.27 11:36:24.895,0.9753,0.97545,8.00,3.20
2009.02.27 11:36:25.724,0.9753,0.9754,9.00,2.00
2009.02.27 11:36:25.994,0.97535,0.9754,5.60,2.00
2009.02.27 11:36:28.384,0.97535,0.97555,5.00,2.40
2009.02.27 11:36:29.203,0.97525,0.9755,9.00,2.20
2009.02.27 11:36:29.544,0.9753,0.9754,8.00,1.00
2009.02.27 11:36:29.894,0.97535,0.97545,4.60,3.20
2009.02.27 11:36:30.113,0.97535,0.97545,12.60,1.60
2009.02.27 11:36:30.403,0.9753,0.9754,9.00,1.60
2009.02.27 11:36:31.563,0.9754,0.97555,2.00,27.20
2009.02.27 11:36:32.073,0.9754,0.97555,9.00,16.00
2009.02.27 11:36:32.363,0.97535,0.97555,18.40,20.60
2009.02.27 11:36:32.823,0.97535,0.97555,9.00,25.40
2009.02.27 11:36:33.343,0.9753,0.97545,17.40,1.40
2009.02.27 11:36:33.922,0.9755,0.97555,4.60,21.40
2009.02.27 11:36:34.162,0.9755,0.9756,4.60,4.00
2009.02.27 11:36:34.462,0.9755,0.97565,4.60,16.60
2009.02.27 11:36:34.822,0.9754,0.9756,13.60,4.80
2009.02.27 11:36:35.542,0.9755,0.97555,4.60,3.00
2009.02.27 11:36:35.892,0.97525,0.97545,13.60,1.60
2009.02.27 11:36:36.242,0.9755,0.97555,4.60,15.60
2009.02.27 11:36:36.582,0.9755,0.9757,4.60,11.20
2009.02.27 11:36:37.042,0.9754,0.97555,8.00,4.80
2009.02.27 11:36:37.442,0.9754,0.97555,4.60,4.80
2009.02.27 11:36:38.301,0.97555,0.9756,4.60,10.40
2009.02.27 11:36:38.541,0.97555,0.9756,4.60,1.60
2009.02.27 11:36:40.981,0.97555,0.9756,4.60,5.60
2009.02.27 11:36:41.151,0.9755,0.97555,9.10,1.60
2009.02.27 11:36:41.611,0.97555,0.9756,4.60,1.60
2009.02.27 11:36:42.001,0.9755,0.9756,5.60,17.60
2009.02.27 11:36:42.350,0.9756,0.97565,1.20,21.60
2009.02.27 11:36:42.810,0.97555,0.9756,12.80,1.60
2009.02.27 11:36:43.390,0.97555,0.9756,13.30,1.20
2009.02.27 11:36:43.970,0.9756,0.97575,1.80,10.00
2009.02.27 11:36:44.520,0.97555,0.9756,12.60,1.40
2009.02.27 11:36:44.750,0.9756,0.97565,4.60,5.40
2009.02.27 11:36:46.549,0.97565,0.9757,4.60,3.60
2009.02.27 11:36:47.919,0.97565,0.9757,4.60,1.60
2009.02.27 11:36:47.969,0.97565,0.97575,4.60,4.80
2009.02.27 11:36:49.368,0.97565,0.97575,4.60,6.40
2009.02.27 11:36:55.537,0.97565,0.97575,4.60,8.80
2009.02.27 11:36:55.947,0.97565,0.97575,4.60,10.40
2009.02.27 11:36:56.357,0.9756,0.9757,6.60,4.80
2009.02.27 11:36:58.757,0.9756,0.9757,6.60,6.80
2009.02.27 11:36:59.346,0.97565,0.9757,6.60,2.00
2009.02.27 11:36:59.796,0.97565,0.97575,6.60,17.60
2009.02.27 11:37:00.026,0.9757,0.9758,6.60,18.20
2009.02.27 11:37:00.306,0.9757,0.9758,6.60,17.60
2009.02.27 11:37:00.646,0.9757,0.9758,6.60,16.00
2009.02.27 11:37:00.876,0.9757,0.97575,4.60,11.20
2009.02.27 11:37:01.336,0.97565,0.97575,4.60,18.40
2009.02.27 11:37:01.686,0.97565,0.97575,4.60,16.20
2009.02.27 11:37:03.355,0.9756,0.97575,8.00,17.80
2009.02.27 11:37:03.645,0.97555,0.97575,23.60,25.80
2009.02.27 11:37:06.655,0.9755,0.97565,1.20,12.80
2009.02.27 11:37:07.004,0.97545,0.97565,18.40,25.60
2009.02.27 11:37:07.354,0.97545,0.9756,12.60,1.60
2009.02.27 11:37:07.814,0.97555,0.9756,1.60,9.60
2009.02.27 11:37:08.174,0.97545,0.97555,4.60,4.80
2009.02.27 11:37:08.444,0.97545,0.97555,4.60,12.80
2009.02.27 11:37:08.554,0.9754,0.97555,1.20,14.40
2009.02.27 11:37:08.934,0.97545,0.97555,4.60,14.40
2009.02.27 11:37:09.384,0.9754,0.97555,13.00,4.80
2009.02.27 11:37:09.674,0.9755,0.97555,6.60,2.00
2009.02.27 11:37:10.183,0.9755,0.97555,6.60,1.60
2009.02.27 11:37:10.304,0.9754,0.97555,1.20,8.00
2009.02.27 11:37:10.594,0.9754,0.97555,9.40,8.00
2009.02.27 11:37:10.994,0.97545,0.9755,8.00,4.80
2009.02.27 11:37:11.333,0.9754,0.9755,23.80,4.80
2009.02.27 11:37:11.853,0.9754,0.9755,19.00,4.80
2009.02.27 11:37:12.363,0.97545,0.97555,13.00,4.80
2009.02.27 11:37:12.823,0.97555,0.97565,4.60,11.50
2009.02.27 11:37:13.163,0.97555,0.97565,4.60,6.40
2009.02.27 11:37:14.572,0.9755,0.97565,9.00,6.40
2009.02.27 11:37:14.683,0.9755,0.97565,5.00,6.40
2009.02.27 11:37:15.182,0.9755,0.97565,1.20,17.60
2009.02.27 11:37:15.482,0.97545,0.9756,22.00,1.40
2009.02.27 11:37:15.892,0.9755,0.97565,1.20,24.00
2009.02.27 11:37:16.642,0.9755,0.97565,5.00,16.00
2009.02.27 11:37:16.932,0.97555,0.97565,5.00,4.80
2009.02.27 11:37:17.292,0.97555,0.97565,1.20,4.80
2009.02.27 11:37:17.632,0.97555,0.9757,9.60,20.60
2009.02.27 11:37:18.392,0.97565,0.97575,1.20,14.80
2009.02.27 11:37:18.911,0.97565,0.97575,1.20,12.80
2009.02.27 11:37:19.252,0.9756,0.97575,1.20,6.40
2009.02.27 11:37:19.662,0.9756,0.97575,1.20,14.40
2009.02.27 11:37:20.881,0.9756,0.97575,1.20,6.40
2009.02.27 11:37:21.171,0.97565,0.9757,4.60,8.00
2009.02.27 11:37:21.451,0.97565,0.97575,4.60,6.40
2009.02.27 11:37:21.951,0.9756,0.97575,8.00,21.60
2009.02.27 11:37:22.331,0.97555,0.9757,14.20,1.60
2009.02.27 11:37:22.691,0.97555,0.9757,15.20,1.60
2009.02.27 11:37:22.920,0.97555,0.9757,7.20,3.20
2009.02.27 11:37:23.251,0.97555,0.97565,6.20,6.40
2009.02.27 11:37:24.590,0.97555,0.97565,6.20,4.80
2009.02.27 11:37:25.920,0.9756,0.9757,4.60,9.00
2009.02.27 11:37:26.500,0.97555,0.97565,14.20,4.80
2009.02.27 11:37:26.680,0.97555,0.97565,6.20,4.80
2009.02.27 11:37:33.818,0.97555,0.97565,7.20,4.80
2009.02.27 11:37:34.288,0.97555,0.97565,6.20,4.80
2009.02.27 11:37:35.377,0.97555,0.97565,7.20,4.80
2009.02.27 11:37:35.707,0.97555,0.97565,6.20,4.80
2009.02.27 11:37:38.687,0.97555,0.97565,6.20,6.40
2009.02.27 11:37:39.027,0.9755,0.9756,6.60,6.00
2009.02.27 11:37:39.706,0.9755,0.9756,6.60,17.20
2009.02.27 11:37:40.236,0.97545,0.9755,4.60,1.60
2009.02.27 11:37:40.656,0.9754,0.97545,8.00,6.80
2009.02.27 11:37:41.046,0.97535,0.97545,11.60,4.80
2009.02.27 11:37:41.386,0.9754,0.97555,8.00,14.40
2009.02.27 11:37:41.556,0.9754,0.97555,8.00,6.40
2009.02.27 11:37:41.906,0.97535,0.97555,24.00,6.40
2009.02.27 11:37:44.036,0.97555,0.9756,4.60,19.20
2009.02.27 11:37:44.495,0.97545,0.97555,26.40,4.80
2009.02.27 11:37:44.955,0.97545,0.97555,4.60,6.40
2009.02.27 11:37:48.615,0.97545,0.97555,4.60,4.80
2009.02.27 11:37:49.074,0.97545,0.97555,5.60,4.80
2009.02.27 11:37:54.203,0.97545,0.97555,4.60,4.80
2009.02.27 11:37:55.393,0.97545,0.97555,4.60,6.40
2009.02.27 11:37:57.062,0.97545,0.97555,4.60,4.80
2009.02.27 11:38:01.212,0.9754,0.9755,6.60,6.00
2009.02.27 11:38:02.401,0.9754,0.9755,7.60,6.00
2009.02.27 11:38:02.741,0.9754,0.9755,10.60,6.00
2009.02.27 11:38:03.261,0.97545,0.97555,5.60,6.80
2009.02.27 11:38:03.541,0.97545,0.97555,5.60,4.80
2009.02.27 11:38:10.089,0.97545,0.97555,5.80,4.80
2009.02.27 11:38:10.379,0.9755,0.97555,5.20,4.80
2009.02.27 11:38:10.799,0.9755,0.97555,1.20,4.80
2009.02.27 11:38:11.269,0.97545,0.97555,6.00,4.80
2009.02.27 11:38:12.469,0.9755,0.97555,5.20,4.80
2009.02.27 11:38:13.149,0.97545,0.97555,6.00,4.80
2009.02.27 11:38:13.878,0.97545,0.97555,10.00,4.80
2009.02.27 11:38:14.778,0.97545,0.97555,6.00,4.80
2009.02.27 11:38:18.787,0.97545,0.97555,5.80,4.80
2009.02.27 11:38:19.017,0.97545,0.97555,5.60,4.80
2009.02.27 11:38:19.867,0.9755,0.9756,4.60,14.00
2009.02.27 11:38:19.987,0.9755,0.9756,6.60,6.00
2009.02.27 11:38:22.826,0.9755,0.9756,6.60,8.00
2009.02.27 11:38:23.466,0.97555,0.97565,4.60,6.40
2009.02.27 11:38:23.936,0.97555,0.97565,4.60,4.80
2009.02.27 11:38:25.355,0.9756,0.9757,6.60,19.40
2009.02.27 11:38:26.155,0.9756,0.9757,6.60,17.20
2009.02.27 11:38:27.415,0.97555,0.97565,5.60,4.80
2009.02.27 11:38:37.232,0.9756,0.97565,5.00,4.80
2009.02.27 11:38:37.943,0.97555,0.97565,5.60,4.80
2009.02.27 11:38:46.660,0.9756,0.97565,1.20,4.80
2009.02.27 11:38:46.780,0.97555,0.97565,5.60,4.80
2009.02.27 11:38:51.499,0.9756,0.97565,1.20,4.80
2009.02.27 11:38:52.109,0.9757,0.97575,4.60,7.00
2009.02.27 11:38:52.509,0.9757,0.9758,6.60,7.60
2009.02.27 11:38:53.609,0.9757,0.97575,2.00,4.80
2009.02.27 11:38:54.019,0.97565,0.97575,4.60,4.80
2009.02.27 11:38:54.708,0.97565,0.9758,14.00,1.60
2009.02.27 11:38:57.407,0.97565,0.9758,10.40,1.60
2009.02.27 11:38:57.627,0.97565,0.9758,9.40,1.60
2009.02.27 11:38:59.607,0.97565,0.97575,9.40,4.80
2009.02.27 11:39:00.987,0.97565,0.97575,10.40,4.80
2009.02.27 11:39:01.507,0.97565,0.9757,5.60,1.60
2009.02.27 11:39:01.737,0.9756,0.97575,9.00,6.40
2009.02.27 11:39:02.237,0.97555,0.9757,28.40,1.60
2009.02.27 11:39:02.656,0.97555,0.9757,22.00,1.60
2009.02.27 11:39:03.596,0.97555,0.97575,22.00,14.80
2009.02.27 11:39:04.206,0.97555,0.9757,22.00,1.60
2009.02.27 11:39:06.896,0.9755,0.97555,24.30,1.60
2009.02.27 11:39:07.066,0.9754,0.9755,7.60,4.80
2009.02.27 11:39:07.585,0.9754,0.97545,1.20,4.80
2009.02.27 11:39:09.345,0.9754,0.97545,5.60,4.80
2009.02.27 11:39:09.625,0.9755,0.97555,4.60,7.60
2009.02.27 11:39:09.845,0.9755,0.9756,5.60,8.00
2009.02.27 11:39:10.085,0.9755,0.97555,11.00,4.80
2009.02.27 11:39:10.765,0.9755,0.97555,3.00,4.80
2009.02.27 11:39:11.334,0.97545,0.97555,14.00,4.80
2009.02.27 11:39:12.404,0.97545,0.97555,14.00,6.80
2009.02.27 11:39:13.384,0.97545,0.97555,13.00,4.80
2009.02.27 11:39:13.834,0.97545,0.97555,13.00,6.40
2009.02.27 11:39:17.703,0.97555,0.9756,4.60,5.40
2009.02.27 11:39:18.123,0.9755,0.97555,8.00,1.40
2009.02.27 11:39:18.992,0.97545,0.9756,27.40,1.40
2009.02.27 11:39:19.402,0.97545,0.9756,26.80,1.40
2009.02.27 11:39:19.752,0.97545,0.9756,25.20,1.60
2009.02.27 11:39:21.822,0.97545,0.9756,26.60,1.60
2009.02.27 11:39:22.272,0.97555,0.97565,4.60,6.80
2009.02.27 11:39:23.182,0.9755,0.97565,12.20,6.80
2009.02.27 11:39:23.532,0.97545,0.9756,26.80,1.60
2009.02.27 11:39:25.611,0.97545,0.9756,27.80,1.60
2009.02.27 11:39:26.071,0.97555,0.9756,1.40,1.40
2009.02.27 11:39:26.931,0.9755,0.9756,11.00,1.40
2009.02.27 11:39:27.390,0.97555,0.97565,4.60,6.20
2009.02.27 11:39:28.960,0.97555,0.9756,4.60,3.20
2009.02.27 11:39:29.490,0.97545,0.9755,3.20,7.60
2009.02.27 11:39:29.960,0.97535,0.97545,5.60,4.80
2009.02.27 11:39:33.399,0.97535,0.97545,5.60,5.60
