2007.11.16 11:00:00.121,1.10195,1.1021,6.70,1.60
2007.11.16 11:00:00.396,1.10195,1.1021,6.70,1.60
2007.11.16 11:00:00.670,1.10195,1.1021,7.00,1.60
2007.11.16 11:00:00.944,1.10195,1.1021,7.90,1.60
2007.11.16 11:00:01.237,1.10195,1.1021,8.00,1.60
2007.11.16 11:00:01.530,1.10195,1.1021,9.60,1.60
2007.11.16 11:00:01.893,1.10195,1.1021,9.60,1.60
2007.11.16 11:00:02.077,1.10195,1.1021,10.20,1.60
2007.11.16 11:00:02.261,1.10195,1.1021,11.00,1.60
2007.11.16 11:00:02.445,1.10195,1.1021,11.00,1.60
2007.11.16 11:00:02.921,1.10195,1.1021,11.00,1.60
2007.11.16 11:00:03.244,1.10195,1.1021,11.00,1.60
2007.11.16 11:00:03.567,1.10195,1.1021,11.00,1.60
2007.11.16 11:00:05.488,1.10195,1.1021,11.00,1.60
2007.11.16 11:00:07.135,1.10195,1.1021,11.00,1.60
2007.11.16 11:00:08.169,1.10195,1.1021,11.00,1.60
2007.11.16 11:00:08.381,1.10195,1.1021,10.90,1.60
2007.11.16 11:00:08.859,1.10195,1.1021,8.00,1.60
2007.11.16 11:00:09.072,1.10195,1.1021,6.40,1.60
2007.11.16 11:00:09.331,1.10195,1.1021,6.40,1.60
2007.11.16 11:00:09.589,1.10195,1.1021,6.40,1.60
2007.11.16 11:00:09.847,1.10185,1.1021,40.00,9.60
2007.11.16 11:00:10.105,1.10185,1.10205,40.00,1.60
2007.11.16 11:00:10.354,1.10185,1.10205,34.40,1.60
2007.11.16 11:00:10.602,1.10185,1.10205,10.40,1.60
2007.11.16 11:00:10.849,1.10185,1.10205,10.40,1.60
2007.11.16 11:00:11.097,1.10185,1.10205,10.40,1.60
2007.11.16 11:00:11.391,1.10185,1.10205,8.40,1.60
2007.11.16 11:00:11.684,1.10185,1.10205,8.80,1.60
2007.11.16 11:00:11.983,1.10185,1.10205,10.60,1.60
2007.11.16 11:00:12.275,1.10185,1.10205,11.00,1.60
2007.11.16 11:00:12.533,1.10185,1.10205,9.00,1.60
2007.11.16 11:00:12.792,1.10185,1.10205,9.00,1.60
2007.11.16 11:00:13.428,1.10185,1.10205,9.00,1.60
2007.11.16 11:00:13.632,1.10185,1.102,9.00,1.60
2007.11.16 11:00:13.835,1.10185,1.102,8.10,1.60
2007.11.16 11:00:14.150,1.10185,1.102,8.10,1.60
2007.11.16 11:00:14.377,1.10185,1.102,8.10,1.60
2007.11.16 11:00:14.763,1.10185,1.102,8.10,1.60
2007.11.16 11:00:14.991,1.10185,1.102,8.10,1.60
2007.11.16 11:00:15.142,1.10185,1.10205,8.10,14.40
2007.11.16 11:00:15.220,1.10185,1.102,8.10,0.50
2007.11.16 11:00:15.468,1.10185,1.10205,8.00,14.40
2007.11.16 11:00:16.026,1.10185,1.102,8.00,0.70
2007.11.16 11:00:16.275,1.10185,1.10205,8.00,14.40
2007.11.16 11:00:16.544,1.10185,1.10205,8.00,14.40
2007.11.16 11:00:16.813,1.10175,1.10195,34.40,13.60
2007.11.16 11:00:17.081,1.10175,1.1019,6.40,0.70
2007.11.16 11:00:17.349,1.10175,1.10195,6.40,13.60
2007.11.16 11:00:17.547,1.10175,1.10195,6.40,13.60
2007.11.16 11:00:17.745,1.10175,1.10195,6.40,13.60
2007.11.16 11:00:17.944,1.10175,1.10195,6.40,13.60
2007.11.16 11:00:18.183,1.10175,1.10195,6.40,13.60
2007.11.16 11:00:18.403,1.10175,1.10195,6.40,13.60
2007.11.16 11:00:18.675,1.10175,1.10195,6.40,13.60
2007.11.16 11:00:19.129,1.10175,1.1019,6.40,0.60
2007.11.16 11:00:19.461,1.10175,1.10195,6.40,13.60
2007.11.16 11:00:19.700,1.10175,1.1019,6.40,0.90
2007.11.16 11:00:19.938,1.10175,1.1019,6.40,0.50
2007.11.16 11:00:20.318,1.10175,1.10195,6.40,13.60
2007.11.16 11:00:20.574,1.10175,1.1018,6.40,0.80
2007.11.16 11:00:20.822,1.1017,1.10185,1.60,14.40
2007.11.16 11:00:21.070,1.1017,1.10185,1.60,14.40
2007.11.16 11:00:21.319,1.10165,1.1018,7.60,0.70
2007.11.16 11:00:21.566,1.10165,1.10185,7.60,14.40
2007.11.16 11:00:21.884,1.10165,1.10185,7.60,14.40
2007.11.16 11:00:22.203,1.10165,1.10185,6.40,14.40
2007.11.16 11:00:22.528,1.10165,1.1018,6.40,0.90
2007.11.16 11:00:22.695,1.10165,1.10185,6.40,14.40
2007.11.16 11:00:23.072,1.10165,1.1018,6.40,0.70
2007.11.16 11:00:23.245,1.10165,1.1018,6.40,0.50
2007.11.16 11:00:23.419,1.10165,1.10185,6.40,14.40
2007.11.16 11:00:23.919,1.10165,1.10185,6.40,14.40
2007.11.16 11:00:24.238,1.10165,1.1019,7.20,50.30
2007.11.16 11:00:24.557,1.10175,1.1019,4.00,0.80
2007.11.16 11:00:24.776,1.10175,1.10195,4.00,48.50
2007.11.16 11:00:24.995,1.1016,1.1019,1.60,40.70
2007.11.16 11:00:25.213,1.1016,1.10185,1.60,0.80
2007.11.16 11:00:25.432,1.1016,1.1019,1.60,40.70
2007.11.16 11:00:25.685,1.1016,1.1019,1.60,40.70
2007.11.16 11:00:25.958,1.1016,1.1019,1.60,40.80
2007.11.16 11:00:26.231,1.1016,1.10185,1.60,4.00
2007.11.16 11:00:26.505,1.1016,1.1018,1.60,8.80
2007.11.16 11:00:26.778,1.1016,1.1018,0.80,8.00
2007.11.16 11:00:27.036,1.1016,1.1018,0.80,8.00
2007.11.16 11:00:27.294,1.1016,1.1018,0.80,8.00
2007.11.16 11:00:27.920,1.1016,1.10175,0.80,0.60
2007.11.16 11:00:28.068,1.1016,1.10175,0.80,0.60
2007.11.16 11:00:28.216,1.1016,1.1017,0.80,0.50
2007.11.16 11:00:28.364,1.1016,1.10175,0.80,9.60
2007.11.16 11:00:28.512,1.1016,1.1017,0.80,0.80
2007.11.16 11:00:28.660,1.1016,1.1017,0.80,0.80
2007.11.16 11:00:28.969,1.10155,1.1017,6.90,0.80
2007.11.16 11:00:29.277,1.10155,1.1017,6.90,0.50
2007.11.16 11:00:29.585,1.10155,1.1017,6.90,0.90
2007.11.16 11:00:29.894,1.1016,1.10175,1.60,0.60
2007.11.16 11:00:30.143,1.1016,1.10175,1.60,0.60
2007.11.16 11:00:30.383,1.1016,1.10175,1.60,0.80
2007.11.16 11:00:30.620,1.1016,1.1018,1.60,12.00
2007.11.16 11:00:30.868,1.1016,1.10175,1.60,0.90
2007.11.16 11:00:31.117,1.1016,1.1018,1.60,12.00
2007.11.16 11:00:31.373,1.1016,1.10175,1.60,0.50
2007.11.16 11:00:31.613,1.1016,1.1017,1.60,0.50
2007.11.16 11:00:31.942,1.1016,1.10175,1.60,13.60
2007.11.16 11:00:32.270,1.10165,1.10185,4.80,35.10
2007.11.16 11:00:32.649,1.10165,1.10185,49.80,1.60
2007.11.16 11:00:32.823,1.10165,1.10185,49.80,2.40
2007.11.16 11:00:32.995,1.10165,1.10185,48.20,2.40
2007.11.16 11:00:33.170,1.10165,1.1019,52.50,3.20
2007.11.16 11:00:33.343,1.10175,1.10195,8.00,0.70
2007.11.16 11:00:33.516,1.10175,1.102,8.00,21.40
2007.11.16 11:00:33.690,1.10175,1.1019,8.00,0.90
2007.11.16 11:00:34.024,1.10175,1.1018,4.00,0.20
2007.11.16 11:00:34.358,1.10175,1.1018,5.60,0.20
2007.11.16 11:00:34.691,1.10175,1.1018,8.00,0.05
2007.11.16 11:00:34.879,1.10175,1.1018,8.00,0.05
2007.11.16 11:00:35.069,1.10175,1.102,8.00,22.10
2007.11.16 11:00:35.257,1.10175,1.10195,8.00,0.70
2007.11.16 11:00:35.445,1.10175,1.10195,8.00,0.80
2007.11.16 11:00:35.638,1.10175,1.102,8.00,22.00
2007.11.16 11:00:35.837,1.10175,1.102,8.00,22.00
2007.11.16 11:00:36.148,1.10175,1.10195,8.00,0.90
2007.11.16 11:00:36.421,1.10175,1.10195,8.00,0.80
2007.11.16 11:00:36.864,1.10175,1.102,8.00,22.00
2007.11.16 11:00:38.408,1.10175,1.10195,8.00,0.80
2007.11.16 11:00:38.604,1.10175,1.10195,8.00,0.60
2007.11.16 11:00:39.125,1.10175,1.10195,8.00,0.60
2007.11.16 11:00:39.435,1.10175,1.102,8.00,22.00
2007.11.16 11:00:39.846,1.10175,1.10195,8.00,0.50
2007.11.16 11:00:40.155,1.10175,1.102,8.00,22.00
2007.11.16 11:00:40.373,1.10175,1.102,8.00,22.00
2007.11.16 11:00:40.685,1.10175,1.102,8.00,22.00
2007.11.16 11:00:40.942,1.10175,1.102,8.00,22.00
2007.11.16 11:00:41.240,1.10175,1.102,8.00,22.00
2007.11.16 11:00:41.671,1.10175,1.102,8.00,22.00
2007.11.16 11:00:41.969,1.10175,1.10195,8.00,0.80
2007.11.16 11:00:42.182,1.10175,1.10195,8.00,0.90
2007.11.16 11:00:42.370,1.10175,1.102,8.00,22.30
2007.11.16 11:00:42.558,1.10175,1.102,8.00,22.30
2007.11.16 11:00:42.746,1.10175,1.102,8.00,22.30
2007.11.16 11:00:42.935,1.10175,1.102,8.00,22.30
2007.11.16 11:00:43.188,1.10175,1.102,8.00,22.30
2007.11.16 11:00:43.443,1.10175,1.102,8.00,22.30
2007.11.16 11:00:44.151,1.10175,1.102,8.00,22.30
2007.11.16 11:00:44.345,1.10175,1.102,8.00,22.20
2007.11.16 11:00:44.538,1.10175,1.10195,8.00,0.60
2007.11.16 11:00:45.083,1.10175,1.10195,8.00,0.90
2007.11.16 11:00:45.393,1.10175,1.10195,8.00,0.90
2007.11.16 11:00:45.710,1.10175,1.102,8.00,22.20
2007.11.16 11:00:46.426,1.10175,1.102,8.00,22.20
2007.11.16 11:00:47.176,1.10175,1.102,8.00,22.20
2007.11.16 11:00:47.379,1.10175,1.102,8.00,22.20
2007.11.16 11:00:47.934,1.10175,1.10195,8.00,0.70
2007.11.16 11:00:48.067,1.10175,1.102,8.00,29.30
2007.11.16 11:00:48.381,1.10175,1.10195,4.00,12.00
2007.11.16 11:00:48.694,1.10175,1.10195,4.00,12.00
2007.11.16 11:00:49.007,1.10175,1.10195,4.00,16.00
2007.11.16 11:00:49.322,1.10175,1.10195,4.00,16.00
2007.11.16 11:00:49.495,1.10175,1.10195,4.00,16.00
2007.11.16 11:00:49.860,1.10175,1.10195,4.00,16.00
2007.11.16 11:00:50.729,1.10175,1.10195,4.00,16.00
2007.11.16 11:00:51.145,1.10175,1.10195,4.00,14.40
2007.11.16 11:00:51.441,1.10175,1.102,4.00,45.20
2007.11.16 11:00:51.695,1.10175,1.102,4.00,45.20
2007.11.16 11:00:51.943,1.10165,1.10205,44.20,59.60
2007.11.16 11:00:52.192,1.1017,1.102,1.60,0.60
2007.11.16 11:00:52.356,1.1017,1.102,1.60,0.80
2007.11.16 11:00:52.519,1.1017,1.10205,1.60,56.00
2007.11.16 11:00:52.682,1.1017,1.10205,1.60,56.00
2007.11.16 11:00:53.185,1.1017,1.102,1.60,0.60
2007.11.16 11:00:53.348,1.1017,1.10205,1.60,55.90
2007.11.16 11:00:53.602,1.10165,1.10205,42.20,55.90
2007.11.16 11:00:53.855,1.10165,1.10205,41.30,56.00
2007.11.16 11:00:54.108,1.10165,1.102,41.20,0.60
2007.11.16 11:00:54.361,1.10165,1.10205,41.20,56.00
2007.11.16 11:00:54.634,1.10165,1.10205,41.20,56.00
2007.11.16 11:00:55.755,1.10165,1.10205,41.20,56.00
2007.11.16 11:00:56.182,1.10165,1.102,41.20,0.90
2007.11.16 11:00:56.395,1.10165,1.10205,41.20,56.00
2007.11.16 11:00:56.698,1.10165,1.10205,41.20,56.00
2007.11.16 11:00:57.001,1.10165,1.102,41.20,0.80
2007.11.16 11:00:57.647,1.10165,1.10205,41.20,56.00
2007.11.16 11:00:58.085,1.10165,1.102,41.20,39.20
2007.11.16 11:00:58.264,1.10165,1.10185,32.80,0.80
2007.11.16 11:00:58.454,1.10165,1.1019,32.80,8.80
2007.11.16 11:00:58.741,1.10165,1.10185,8.80,0.50
2007.11.16 11:00:59.035,1.10165,1.10185,8.80,0.90
2007.11.16 11:00:59.328,1.10165,1.1019,8.80,8.00
2007.11.16 11:00:59.621,1.10165,1.1019,8.80,8.00
2007.11.16 11:00:59.853,1.10165,1.10185,8.80,0.70
2007.11.16 11:01:00.076,1.10165,1.10185,8.80,0.70
2007.11.16 11:01:00.255,1.10165,1.1019,8.80,8.00
2007.11.16 11:01:00.434,1.10165,1.10185,8.80,0.60
2007.11.16 11:01:00.612,1.10165,1.10185,8.80,0.90
2007.11.16 11:01:00.921,1.10165,1.1019,8.80,12.80
2007.11.16 11:01:01.230,1.10165,1.1019,8.80,12.80
2007.11.16 11:01:01.538,1.10165,1.1019,8.80,12.80
2007.11.16 11:01:02.327,1.10165,1.1019,8.80,12.80
2007.11.16 11:01:02.850,1.10165,1.10185,8.80,0.70
2007.11.16 11:01:03.666,1.10165,1.1019,8.80,12.80
2007.11.16 11:01:03.991,1.10165,1.1019,6.40,15.20
2007.11.16 11:01:04.189,1.10165,1.10185,6.40,0.80
2007.11.16 11:01:04.399,1.10165,1.1019,6.40,15.20
2007.11.16 11:01:05.115,1.10165,1.10185,6.40,0.80
2007.11.16 11:01:05.454,1.10165,1.10185,6.40,0.90
2007.11.16 11:01:05.810,1.10165,1.1019,6.40,15.20
2007.11.16 11:01:06.075,1.10165,1.10185,6.40,0.50
2007.11.16 11:01:06.383,1.10165,1.1019,6.40,15.20
2007.11.16 11:01:06.602,1.10165,1.10185,6.40,0.80
2007.11.16 11:01:06.755,1.10165,1.1019,6.40,15.60
2007.11.16 11:01:07.089,1.10165,1.10185,6.40,0.50
2007.11.16 11:01:07.422,1.10165,1.10185,6.40,0.90
2007.11.16 11:01:07.755,1.10165,1.1019,6.40,15.60
2007.11.16 11:01:08.649,1.10165,1.10185,6.40,0.50
2007.11.16 11:01:08.838,1.10165,1.10185,6.40,0.60
2007.11.16 11:01:09.120,1.10165,1.1019,6.40,15.30
2007.11.16 11:01:09.935,1.10165,1.1019,6.40,15.30
2007.11.16 11:01:10.169,1.10165,1.10185,6.40,0.80
2007.11.16 11:01:10.402,1.10165,1.1019,6.40,15.30
2007.11.16 11:01:10.635,1.10165,1.1019,6.40,15.20
2007.11.16 11:01:10.881,1.10165,1.10185,6.40,1.60
2007.11.16 11:01:11.130,1.10165,1.10185,6.40,1.60
2007.11.16 11:01:11.482,1.10165,1.10185,6.40,1.60
2007.11.16 11:01:11.729,1.10165,1.1018,6.40,1.60
2007.11.16 11:01:11.978,1.10165,1.1018,6.40,1.60
2007.11.16 11:01:12.276,1.10165,1.1018,6.40,1.60
2007.11.16 11:01:12.575,1.10165,1.1018,6.40,1.60
2007.11.16 11:01:12.875,1.10165,1.1018,6.40,1.60
2007.11.16 11:01:13.157,1.10165,1.1018,6.40,1.60
2007.11.16 11:01:13.402,1.10165,1.1018,6.40,1.60
2007.11.16 11:01:13.645,1.10165,1.1018,6.40,1.60
2007.11.16 11:01:13.889,1.10165,1.1018,6.40,1.60
2007.11.16 11:01:14.087,1.10165,1.1018,6.40,1.60
2007.11.16 11:01:14.286,1.10165,1.1018,6.40,1.60
2007.11.16 11:01:14.483,1.10165,1.1018,6.40,1.60
2007.11.16 11:01:15.139,1.10165,1.1018,6.40,1.60
2007.11.16 11:01:15.864,1.10165,1.1018,6.40,1.60
2007.11.16 11:01:16.075,1.10165,1.1018,6.40,1.60
2007.11.16 11:01:16.283,1.10165,1.1018,6.40,1.60
2007.11.16 11:01:16.493,1.10165,1.1018,6.40,1.60
2007.11.16 11:01:16.703,1.10165,1.1018,6.40,1.60
2007.11.16 11:01:16.911,1.10165,1.1018,7.20,1.60
2007.11.16 11:01:17.215,1.10165,1.1018,7.20,1.60
2007.11.16 11:01:17.525,1.10165,1.1018,7.20,1.60
2007.11.16 11:01:17.823,1.10165,1.1018,6.40,1.60
2007.11.16 11:01:18.136,1.10165,1.10175,6.40,1.60
2007.11.16 11:01:18.359,1.1016,1.1017,1.60,1.60
2007.11.16 11:01:18.583,1.10155,1.1017,8.50,1.60
2007.11.16 11:01:18.805,1.10155,1.1017,8.50,1.60
2007.11.16 11:01:19.036,1.10155,1.1017,6.90,1.60
2007.11.16 11:01:19.258,1.10155,1.1017,6.80,1.60
2007.11.16 11:01:19.488,1.10155,1.1017,6.80,1.60
2007.11.16 11:01:20.108,1.10155,1.1017,6.80,1.60
2007.11.16 11:01:20.715,1.10155,1.1017,6.80,1.60
2007.11.16 11:01:20.944,1.10155,1.1017,6.80,1.60
2007.11.16 11:01:22.378,1.10155,1.1017,6.80,1.60
2007.11.16 11:01:22.680,1.10155,1.1017,6.80,1.60
2007.11.16 11:01:22.898,1.10155,1.1017,6.80,1.60
2007.11.16 11:01:23.099,1.10155,1.1017,6.80,1.60
2007.11.16 11:01:23.431,1.10155,1.1017,6.80,1.60
2007.11.16 11:01:23.846,1.10155,1.1017,6.80,1.60
2007.11.16 11:01:24.179,1.10155,1.1017,6.80,1.60
2007.11.16 11:01:24.374,1.10155,1.1017,6.80,1.60
2007.11.16 11:01:24.896,1.10155,1.1017,6.80,1.60
2007.11.16 11:01:25.098,1.10155,1.1017,6.80,1.60
2007.11.16 11:01:25.411,1.10155,1.1017,6.80,1.60
2007.11.16 11:01:25.670,1.10155,1.10165,6.80,1.60
2007.11.16 11:01:25.929,1.10155,1.10165,2.80,1.60
2007.11.16 11:01:26.193,1.10155,1.10165,2.80,1.60
2007.11.16 11:01:26.442,1.10155,1.10165,2.80,1.60
2007.11.16 11:01:26.691,1.10155,1.10165,2.80,1.60
2007.11.16 11:01:26.939,1.10155,1.10165,2.80,1.60
2007.11.16 11:01:27.189,1.10155,1.1016,2.80,1.60
2007.11.16 11:01:27.383,1.10155,1.1016,2.80,1.60
2007.11.16 11:01:27.575,1.10155,1.1016,2.80,1.60
2007.11.16 11:01:27.768,1.10155,1.10165,2.80,9.60
2007.11.16 11:01:27.962,1.10145,1.10165,10.40,1.60
2007.11.16 11:01:28.156,1.10145,1.10165,10.40,1.60
2007.11.16 11:01:28.350,1.10145,1.10165,9.70,1.60
2007.11.16 11:01:28.605,1.10145,1.10165,9.90,1.60
2007.11.16 11:01:28.858,1.10145,1.10165,9.90,1.60
2007.11.16 11:01:29.111,1.10145,1.10165,9.90,1.60
2007.11.16 11:01:29.365,1.10145,1.10165,9.90,1.60
2007.11.16 11:01:29.584,1.10145,1.10165,9.70,1.60
2007.11.16 11:01:29.802,1.10145,1.10165,9.70,1.60
2007.11.16 11:01:30.020,1.10145,1.10165,9.70,1.60
2007.11.16 11:01:30.385,1.10145,1.10165,9.70,1.60
2007.11.16 11:01:30.654,1.10145,1.10165,9.70,1.60
2007.11.16 11:01:30.922,1.10145,1.10165,9.70,1.60
2007.11.16 11:01:31.190,1.10145,1.10165,9.70,1.60
2007.11.16 11:01:31.458,1.10145,1.10165,9.70,1.60
2007.11.16 11:01:32.139,1.10145,1.10165,9.70,1.60
2007.11.16 11:01:34.021,1.10145,1.10165,13.70,1.60
2007.11.16 11:01:34.313,1.10145,1.10165,13.70,1.60
2007.11.16 11:01:35.116,1.10145,1.10165,13.70,1.60
2007.11.16 11:01:35.957,1.10145,1.10165,13.70,1.60
2007.11.16 11:01:36.413,1.10145,1.10165,13.70,1.60
2007.11.16 11:01:37.128,1.10145,1.10165,13.90,1.60
2007.11.16 11:01:37.406,1.10145,1.10165,14.00,1.60
2007.11.16 11:01:37.758,1.10145,1.10165,14.80,1.60
2007.11.16 11:01:37.855,1.10145,1.10165,1.40,1.60
2007.11.16 11:01:37.976,1.10145,1.10165,14.80,1.60
2007.11.16 11:01:38.194,1.10145,1.1017,14.80,8.00
2007.11.16 11:01:38.414,1.10155,1.1017,2.40,1.60
2007.11.16 11:01:38.631,1.10155,1.1017,2.40,1.60
2007.11.16 11:01:38.849,1.10155,1.1017,4.00,4.00
2007.11.16 11:01:39.082,1.10155,1.1017,4.00,4.00
2007.11.16 11:01:39.316,1.10165,1.1018,4.00,8.00
2007.11.16 11:01:39.549,1.10165,1.1018,4.00,4.00
2007.11.16 11:01:39.783,1.10165,1.10185,6.40,13.60
2007.11.16 11:01:39.997,1.10165,1.10185,9.60,1.60
2007.11.16 11:01:40.210,1.10165,1.10185,10.40,1.60
2007.11.16 11:01:40.479,1.10165,1.10185,10.40,1.60
2007.11.16 11:01:40.693,1.10165,1.1019,10.40,8.80
2007.11.16 11:01:40.918,1.10165,1.1019,16.00,8.00
2007.11.16 11:01:41.142,1.10165,1.1019,44.80,4.00
2007.11.16 11:01:41.366,1.10175,1.10195,8.70,1.60
2007.11.16 11:01:41.588,1.10175,1.10195,8.00,1.60
2007.11.16 11:01:41.810,1.10175,1.1019,6.40,1.60
2007.11.16 11:01:42.138,1.10175,1.1019,6.40,1.60
2007.11.16 11:01:42.474,1.10175,1.1019,4.00,4.00
2007.11.16 11:01:42.801,1.10175,1.10195,4.00,12.00
2007.11.16 11:01:43.024,1.10165,1.102,45.10,38.20
2007.11.16 11:01:43.248,1.10165,1.102,21.00,62.30
2007.11.16 11:01:43.471,1.10165,1.102,21.00,62.30
2007.11.16 11:01:43.694,1.10165,1.102,21.20,59.00
2007.11.16 11:01:43.917,1.10165,1.102,21.20,59.00
2007.11.16 11:01:44.195,1.10165,1.102,21.20,59.00
2007.11.16 11:01:44.473,1.10165,1.102,21.20,63.00
2007.11.16 11:01:44.751,1.10165,1.102,20.90,65.20
2007.11.16 11:01:45.030,1.10165,1.102,20.80,66.20
2007.11.16 11:01:45.289,1.10165,1.102,20.90,66.20
2007.11.16 11:01:45.617,1.10165,1.10185,20.90,1.60
2007.11.16 11:01:45.876,1.10165,1.10185,12.80,1.60
2007.11.16 11:01:46.134,1.10165,1.10185,12.80,1.60
2007.11.16 11:01:46.374,1.10165,1.10185,12.80,1.60
2007.11.16 11:01:46.652,1.10165,1.10185,12.80,1.60
2007.11.16 11:01:46.920,1.10165,1.10185,12.80,1.60
2007.11.16 11:01:47.198,1.10165,1.10185,16.80,1.60
2007.11.16 11:01:47.476,1.10165,1.10185,14.40,1.60
2007.11.16 11:01:47.754,1.1016,1.1019,1.60,46.40
2007.11.16 11:01:48.032,1.1016,1.1019,1.60,46.40
2007.11.16 11:01:48.300,1.1016,1.10175,1.60,1.60
2007.11.16 11:01:48.569,1.10155,1.10175,17.30,1.60
2007.11.16 11:01:48.837,1.10155,1.1018,15.90,0.10
2007.11.16 11:01:49.112,1.10155,1.10185,39.90,0.10
2007.11.16 11:01:49.359,1.10155,1.10175,41.50,1.60
2007.11.16 11:01:49.613,1.10155,1.10175,17.40,1.60
2007.11.16 11:01:49.868,1.10155,1.10175,17.40,1.60
2007.11.16 11:01:50.121,1.10155,1.10175,17.30,1.60
2007.11.16 11:01:50.369,1.10155,1.10175,17.30,1.60
2007.11.16 11:01:50.619,1.10155,1.10175,17.30,1.60
2007.11.16 11:01:50.867,1.10155,1.10175,17.30,1.60
2007.11.16 11:01:51.341,1.10155,1.10175,17.20,1.60
2007.11.16 11:01:52.131,1.10155,1.10175,17.20,1.60
2007.11.16 11:01:52.455,1.10155,1.10175,17.20,1.60
2007.11.16 11:01:52.807,1.10155,1.1017,17.20,1.60
2007.11.16 11:01:52.982,1.10155,1.1017,4.00,4.00
2007.11.16 11:01:53.155,1.10155,1.10165,4.00,1.60
2007.11.16 11:01:53.329,1.10145,1.10165,46.00,1.60
2007.11.16 11:01:53.612,1.10145,1.1017,42.00,6.40
2007.11.16 11:01:53.902,1.10145,1.1017,42.00,6.40
2007.11.16 11:01:54.178,1.10145,1.1017,42.00,6.40
2007.11.16 11:01:54.432,1.10145,1.1017,42.00,6.40
2007.11.16 11:01:54.685,1.10145,1.1018,50.00,40.40
2007.11.16 11:01:55.595,1.10145,1.1018,50.00,41.20
2007.11.16 11:01:55.773,1.10145,1.1018,58.10,34.00
2007.11.16 11:01:55.951,1.10145,1.1018,58.10,34.00
2007.11.16 11:01:56.128,1.10145,1.1018,56.30,34.00
2007.11.16 11:01:56.307,1.1015,1.1018,1.60,42.00
2007.11.16 11:01:56.641,1.1015,1.1016,1.60,1.60
2007.11.16 11:01:56.974,1.10145,1.1016,33.90,1.60
2007.11.16 11:01:57.307,1.10145,1.1016,9.70,1.60
2007.11.16 11:01:57.510,1.10145,1.1016,9.70,1.60
2007.11.16 11:01:57.979,1.10145,1.1016,9.70,1.60
2007.11.16 11:01:58.182,1.10145,1.10165,9.70,12.00
2007.11.16 11:01:58.386,1.10145,1.1017,14.40,20.70
2007.11.16 11:01:58.685,1.10145,1.1016,38.50,1.60
2007.11.16 11:01:58.985,1.10145,1.1016,32.80,4.00
2007.11.16 11:01:59.284,1.10145,1.1016,8.80,4.00
2007.11.16 11:01:59.483,1.10145,1.1016,8.80,4.00
2007.11.16 11:01:59.769,1.10145,1.1016,8.80,4.00
2007.11.16 11:01:59.967,1.10145,1.1016,6.40,4.00
2007.11.16 11:02:00.166,1.10145,1.1016,4.00,4.00
2007.11.16 11:02:00.365,1.10135,1.1016,48.20,4.00
2007.11.16 11:02:00.653,1.10135,1.1016,44.20,4.00
2007.11.16 11:02:00.942,1.10135,1.10155,36.90,1.60
2007.11.16 11:02:01.231,1.10135,1.10155,12.40,1.60
2007.11.16 11:02:01.519,1.10135,1.10155,12.40,1.60
2007.11.16 11:02:02.112,1.10135,1.10155,12.40,1.60
2007.11.16 11:02:02.423,1.10135,1.10155,12.40,1.60
2007.11.16 11:02:03.168,1.10135,1.10155,16.50,1.60
2007.11.16 11:02:03.365,1.10135,1.10155,16.40,1.60
2007.11.16 11:02:03.643,1.10135,1.10155,16.40,1.60
2007.11.16 11:02:03.922,1.10135,1.10155,16.40,1.60
2007.11.16 11:02:04.201,1.10135,1.10155,16.20,1.60
2007.11.16 11:02:04.480,1.10135,1.10155,15.30,1.60
2007.11.16 11:02:05.146,1.10135,1.10155,15.30,1.60
2007.11.16 11:02:05.364,1.10135,1.10155,15.30,1.60
2007.11.16 11:02:05.969,1.10135,1.10155,16.10,1.60
2007.11.16 11:02:06.184,1.10135,1.10155,16.50,1.60
2007.11.16 11:02:06.397,1.10135,1.10155,16.40,1.60
2007.11.16 11:02:06.806,1.10135,1.10155,16.50,1.60
2007.11.16 11:02:07.120,1.10135,1.10155,16.50,1.60
2007.11.16 11:02:07.432,1.10135,1.10155,16.50,1.60
2007.11.16 11:02:07.637,1.10135,1.10155,16.50,1.60
2007.11.16 11:02:07.945,1.10135,1.10155,16.50,1.60
2007.11.16 11:02:08.150,1.10135,1.10155,18.30,1.60
2007.11.16 11:02:08.352,1.10135,1.10155,17.00,1.60
2007.11.16 11:02:09.396,1.10135,1.10155,17.00,1.60
2007.11.16 11:02:10.013,1.10135,1.10155,17.00,1.60
2007.11.16 11:02:10.195,1.10135,1.10155,17.00,1.60
2007.11.16 11:02:10.521,1.10135,1.10155,17.00,1.60
2007.11.16 11:02:11.123,1.10135,1.10155,17.00,1.60
2007.11.16 11:02:11.351,1.10135,1.10155,17.00,1.60
2007.11.16 11:02:12.294,1.10135,1.10155,16.50,1.60
2007.11.16 11:02:12.554,1.10135,1.10155,16.40,1.60
2007.11.16 11:02:12.728,1.10135,1.10155,16.40,1.60
2007.11.16 11:02:13.011,1.10135,1.10155,16.70,1.60
2007.11.16 11:02:13.185,1.10135,1.10155,16.80,1.60
2007.11.16 11:02:14.038,1.10135,1.10155,16.50,1.60
2007.11.16 11:02:14.288,1.10135,1.10155,16.40,1.60
2007.11.16 11:02:16.150,1.10135,1.10155,16.40,1.60
2007.11.16 11:02:17.127,1.10135,1.10155,16.40,1.60
2007.11.16 11:02:17.477,1.10135,1.10155,16.40,1.60
2007.11.16 11:02:17.739,1.10135,1.10155,16.40,1.60
2007.11.16 11:02:18.675,1.10135,1.10155,16.40,1.60
2007.11.16 11:02:19.349,1.10135,1.10155,16.40,1.60
2007.11.16 11:02:21.165,1.10135,1.10155,16.40,1.60
2007.11.16 11:02:25.160,1.10135,1.10155,16.40,1.60
2007.11.16 11:02:25.438,1.10135,1.10155,16.40,1.60
2007.11.16 11:02:26.063,1.10135,1.10155,16.40,1.60
2007.11.16 11:02:26.251,1.10135,1.10155,16.40,1.60
2007.11.16 11:02:26.439,1.10135,1.10155,16.40,1.60
2007.11.16 11:02:27.130,1.10135,1.10155,16.40,1.60
2007.11.16 11:02:27.453,1.10135,1.10155,16.40,1.60
2007.11.16 11:02:27.776,1.10135,1.10155,16.90,1.60
2007.11.16 11:02:28.106,1.10135,1.10155,16.80,1.60
2007.11.16 11:02:28.423,1.10135,1.10155,16.80,1.60
2007.11.16 11:02:28.765,1.10135,1.10155,16.90,1.60
2007.11.16 11:02:28.989,1.10135,1.10155,16.90,1.60
2007.11.16 11:02:29.212,1.10135,1.10155,16.90,1.60
2007.11.16 11:02:29.465,1.10135,1.10155,12.40,1.60
2007.11.16 11:02:29.850,1.10135,1.10155,12.60,1.60
2007.11.16 11:02:30.103,1.10135,1.1015,12.40,1.60
2007.11.16 11:02:30.296,1.10135,1.1015,6.80,1.60
2007.11.16 11:02:30.491,1.10135,1.1015,6.80,1.60
2007.11.16 11:02:30.715,1.10135,1.1015,6.80,1.60
2007.11.16 11:02:31.175,1.10135,1.1015,6.80,1.60
2007.11.16 11:02:31.474,1.10135,1.1015,6.80,1.60
2007.11.16 11:02:31.771,1.10135,1.10155,8.40,5.60
2007.11.16 11:02:32.070,1.10135,1.10155,10.00,1.60
2007.11.16 11:02:32.369,1.10135,1.1015,6.80,1.60
2007.11.16 11:02:32.662,1.10135,1.10155,6.80,9.60
2007.11.16 11:02:32.956,1.10135,1.10155,8.40,1.60
2007.11.16 11:02:33.249,1.10135,1.10155,8.40,1.60
2007.11.16 11:02:33.467,1.10135,1.10155,8.40,1.60
2007.11.16 11:02:33.686,1.10135,1.1015,12.60,1.60
2007.11.16 11:02:33.904,1.10135,1.1015,6.80,1.60
2007.11.16 11:02:34.123,1.10135,1.1015,6.80,1.60
2007.11.16 11:02:34.341,1.10135,1.1015,6.40,1.60
2007.11.16 11:02:34.644,1.10135,1.10155,6.40,13.60
2007.11.16 11:02:34.948,1.10135,1.10155,12.00,1.60
2007.11.16 11:02:35.251,1.10135,1.10155,12.00,1.60
2007.11.16 11:02:35.499,1.10135,1.10155,12.00,1.60
2007.11.16 11:02:35.749,1.10135,1.1015,10.40,1.60
2007.11.16 11:02:36.053,1.10135,1.1015,6.40,1.60
2007.11.16 11:02:36.302,1.10135,1.1015,6.40,1.60
2007.11.16 11:02:36.496,1.10135,1.1015,6.40,1.60
2007.11.16 11:02:36.869,1.10135,1.1015,6.40,1.60
2007.11.16 11:02:37.174,1.10135,1.1015,6.40,1.60
2007.11.16 11:02:37.436,1.10135,1.1015,6.40,1.60
2007.11.16 11:02:38.160,1.10135,1.1015,6.40,1.60
2007.11.16 11:02:38.489,1.10135,1.1015,6.40,1.60
2007.11.16 11:02:38.708,1.10135,1.1015,6.40,1.60
2007.11.16 11:02:39.191,1.10135,1.1015,6.40,1.60
2007.11.16 11:02:39.401,1.10135,1.1015,6.40,1.60
2007.11.16 11:02:40.932,1.10135,1.1015,6.40,1.60
2007.11.16 11:02:41.262,1.10135,1.1015,6.40,1.60
2007.11.16 11:02:41.367,1.10135,1.1015,6.40,0.70
2007.11.16 11:02:41.464,1.10135,1.1015,6.40,0.90
2007.11.16 11:02:42.229,1.10135,1.10155,6.40,13.60
2007.11.16 11:02:42.532,1.10135,1.10155,6.40,13.60
2007.11.16 11:02:42.788,1.10135,1.10155,6.50,13.60
2007.11.16 11:02:43.011,1.10135,1.1015,6.50,0.60
2007.11.16 11:02:43.234,1.10135,1.10155,6.50,13.60
2007.11.16 11:02:43.465,1.10135,1.10155,6.50,13.60
2007.11.16 11:02:43.740,1.10135,1.1014,6.40,0.70
2007.11.16 11:02:44.008,1.10125,1.1014,13.20,0.50
2007.11.16 11:02:44.277,1.10125,1.10145,9.20,17.70
2007.11.16 11:02:44.545,1.10125,1.1014,11.70,0.90
2007.11.16 11:02:44.798,1.10125,1.1014,11.70,0.60
2007.11.16 11:02:45.052,1.10125,1.10145,12.50,17.70
2007.11.16 11:02:45.305,1.10125,1.10145,12.50,17.70
2007.11.16 11:02:45.559,1.10125,1.1014,12.50,0.90
2007.11.16 11:02:45.889,1.10125,1.10145,12.50,17.70
2007.11.16 11:02:46.169,1.10125,1.1014,12.50,0.90
2007.11.16 11:02:46.447,1.10125,1.10145,12.50,17.70
2007.11.16 11:02:46.928,1.10125,1.10145,12.50,17.70
2007.11.16 11:02:47.202,1.10125,1.1014,12.50,0.50
2007.11.16 11:02:47.475,1.10125,1.10145,12.50,17.70
2007.11.16 11:02:47.728,1.10125,1.1014,12.50,0.90
2007.11.16 11:02:47.981,1.10125,1.10145,12.50,17.70
2007.11.16 11:02:48.234,1.10125,1.10145,12.50,17.70
2007.11.16 11:02:48.487,1.10125,1.10145,12.50,17.70
2007.11.16 11:02:48.745,1.10125,1.1014,12.50,0.50
2007.11.16 11:02:49.020,1.10125,1.10145,12.50,17.70
2007.11.16 11:02:49.279,1.10125,1.10145,11.70,17.70
2007.11.16 11:02:49.538,1.10125,1.10145,10.80,17.70
2007.11.16 11:02:49.781,1.10125,1.10145,10.80,17.70
2007.11.16 11:02:50.025,1.10125,1.1014,10.00,0.90
2007.11.16 11:02:50.268,1.10125,1.10145,10.00,17.70
2007.11.16 11:02:51.161,1.10125,1.1014,10.00,0.70
2007.11.16 11:02:51.454,1.10125,1.10145,10.00,17.70
2007.11.16 11:02:51.899,1.10125,1.10145,10.00,17.70
2007.11.16 11:02:52.167,1.10125,1.10145,10.00,17.70
2007.11.16 11:02:52.435,1.10125,1.10145,10.00,17.70
2007.11.16 11:02:52.703,1.10125,1.1014,10.00,0.80
2007.11.16 11:02:53.033,1.10125,1.1014,10.00,0.80
2007.11.16 11:02:53.257,1.10125,1.10145,10.00,17.70
2007.11.16 11:02:54.904,1.10125,1.1014,10.00,0.60
2007.11.16 11:02:55.095,1.10125,1.10145,10.00,17.70
2007.11.16 11:02:55.293,1.10125,1.10145,10.80,17.70
2007.11.16 11:02:55.491,1.10125,1.1014,11.60,0.90
2007.11.16 11:02:56.142,1.10125,1.1014,11.60,0.90
2007.11.16 11:02:56.471,1.10125,1.1014,11.60,0.90
2007.11.16 11:02:56.930,1.10125,1.10145,11.60,17.60
2007.11.16 11:02:57.194,1.10125,1.1014,11.60,0.90
2007.11.16 11:02:57.458,1.10125,1.10145,11.60,17.60
2007.11.16 11:02:57.721,1.10125,1.1014,10.40,0.50
2007.11.16 11:02:57.955,1.10125,1.10145,8.80,17.60
2007.11.16 11:02:58.188,1.10125,1.1014,8.80,0.80
2007.11.16 11:02:59.793,1.10125,1.10145,8.50,18.00
2007.11.16 11:03:00.002,1.10125,1.10145,8.50,18.40
2007.11.16 11:03:00.212,1.10125,1.1014,8.50,0.70
2007.11.16 11:03:00.420,1.10125,1.10145,8.50,18.40
2007.11.16 11:03:00.739,1.10125,1.1014,8.50,0.80
2007.11.16 11:03:00.954,1.10125,1.1014,8.50,0.60
2007.11.16 11:03:01.166,1.10125,1.10145,8.50,18.40
2007.11.16 11:03:01.379,1.10125,1.1014,8.50,0.50
2007.11.16 11:03:01.592,1.10125,1.10145,8.50,18.40
2007.11.16 11:03:01.807,1.10125,1.10145,8.50,17.60
2007.11.16 11:03:02.139,1.10125,1.1014,8.50,0.50
2007.11.16 11:03:02.473,1.10125,1.10145,8.50,17.60
2007.11.16 11:03:03.083,1.10125,1.1014,8.50,0.90
2007.11.16 11:03:03.271,1.10125,1.1014,8.50,0.80
2007.11.16 11:03:03.459,1.10125,1.1014,8.50,0.50
2007.11.16 11:03:03.647,1.10125,1.10145,8.50,17.60
2007.11.16 11:03:04.024,1.10125,1.10145,8.50,17.60
2007.11.16 11:03:04.247,1.10125,1.10145,8.50,17.60
2007.11.16 11:03:05.371,1.10125,1.10145,8.50,17.60
2007.11.16 11:03:05.581,1.10125,1.10145,8.50,17.60
2007.11.16 11:03:06.108,1.10125,1.1014,8.50,0.70
2007.11.16 11:03:06.394,1.10125,1.10145,8.50,17.60
2007.11.16 11:03:06.672,1.10125,1.10145,8.50,17.60
2007.11.16 11:03:06.933,1.10125,1.10145,8.50,17.60
2007.11.16 11:03:07.570,1.10125,1.10145,8.50,17.60
2007.11.16 11:03:07.840,1.10125,1.10135,2.10,0.60
2007.11.16 11:03:08.107,1.10125,1.1014,2.10,10.40
2007.11.16 11:03:08.336,1.10125,1.10135,2.10,0.50
2007.11.16 11:03:08.565,1.10125,1.10135,2.10,0.90
2007.11.16 11:03:08.793,1.10125,1.10135,2.10,0.60
2007.11.16 11:03:09.020,1.10125,1.10135,2.10,1.60
2007.11.16 11:03:09.239,1.10125,1.10135,2.10,1.60
2007.11.16 11:03:09.458,1.10125,1.10135,2.10,1.60
2007.11.16 11:03:09.683,1.10125,1.1014,2.10,10.40
2007.11.16 11:03:09.903,1.10125,1.1014,2.10,4.00
2007.11.16 11:03:10.121,1.10125,1.1014,2.10,4.00
2007.11.16 11:03:10.344,1.10125,1.1014,6.10,4.00
2007.11.16 11:03:10.567,1.10125,1.1014,6.10,4.00
2007.11.16 11:03:10.892,1.10125,1.1014,6.10,4.00
2007.11.16 11:03:11.421,1.10125,1.1014,6.10,4.00
2007.11.16 11:03:12.127,1.10125,1.1014,6.10,4.00
2007.11.16 11:03:12.390,1.10125,1.1014,6.10,4.00
2007.11.16 11:03:12.653,1.10125,1.1014,6.10,4.00
2007.11.16 11:03:13.072,1.10125,1.10135,2.10,1.60
2007.11.16 11:03:13.335,1.10125,1.1013,2.10,1.60
2007.11.16 11:03:13.525,1.10125,1.1013,2.10,1.60
2007.11.16 11:03:13.712,1.10125,1.1013,2.10,1.60
2007.11.16 11:03:13.905,1.10125,1.1013,2.10,1.60
2007.11.16 11:03:14.237,1.10125,1.1013,0.40,1.60
2007.11.16 11:03:14.540,1.10125,1.1013,0.40,1.60
2007.11.16 11:03:14.845,1.10125,1.1014,0.40,38.50
2007.11.16 11:03:15.149,1.10125,1.1014,0.40,30.50
2007.11.16 11:03:15.342,1.10125,1.10135,0.40,1.60
2007.11.16 11:03:15.537,1.10125,1.10135,0.40,1.60
2007.11.16 11:03:15.732,1.10125,1.1014,0.40,38.50
2007.11.16 11:03:15.926,1.10125,1.1014,0.40,38.50
2007.11.16 11:03:16.123,1.10125,1.1014,0.40,38.50
2007.11.16 11:03:16.452,1.10125,1.1014,0.40,38.50
2007.11.16 11:03:17.144,1.10115,1.10125,0.60,1.60
2007.11.16 11:03:17.397,1.10125,1.10135,0.40,8.00
2007.11.16 11:03:17.651,1.10125,1.1013,0.40,6.40
2007.11.16 11:03:17.904,1.10125,1.1013,0.40,6.40
2007.11.16 11:03:18.163,1.10125,1.1013,0.40,6.40
2007.11.16 11:03:18.327,1.10125,1.1013,0.40,6.40
2007.11.16 11:03:18.605,1.10125,1.1013,0.40,6.40
2007.11.16 11:03:18.769,1.10125,1.1013,0.40,4.00
2007.11.16 11:03:18.938,1.10125,1.1013,0.40,4.00
2007.11.16 11:03:19.242,1.10125,1.1013,0.40,4.00
2007.11.16 11:03:19.505,1.10125,1.1013,0.40,4.00
2007.11.16 11:03:19.769,1.10115,1.10125,4.60,1.60
2007.11.16 11:03:20.033,1.10125,1.1013,0.40,2.40
2007.11.16 11:03:20.239,1.10125,1.1013,0.40,3.40
2007.11.16 11:03:20.299,1.10125,1.1013,0.40,3.50
2007.11.16 11:03:20.528,1.10125,1.1013,0.40,3.50
2007.11.16 11:03:20.885,1.10125,1.1013,0.40,3.50
2007.11.16 11:03:21.113,1.10125,1.1013,0.40,3.40
2007.11.16 11:03:21.407,1.10125,1.1013,0.40,2.40
2007.11.16 11:03:21.635,1.10125,1.1013,0.40,2.40
2007.11.16 11:03:23.165,1.10125,1.1013,0.40,2.40
2007.11.16 11:03:23.440,1.10125,1.1013,0.40,2.40
2007.11.16 11:03:23.616,1.10125,1.1013,0.40,2.40
2007.11.16 11:03:23.876,1.10105,1.10125,8.70,5.60
2007.11.16 11:03:24.095,1.10105,1.10125,8.70,5.60
2007.11.16 11:03:24.273,1.10105,1.10125,8.50,5.60
2007.11.16 11:03:24.610,1.10105,1.10125,8.50,5.60
2007.11.16 11:03:24.919,1.10105,1.10125,8.50,5.60
2007.11.16 11:03:25.192,1.10105,1.10125,8.50,5.60
2007.11.16 11:03:25.465,1.10105,1.1012,6.10,2.40
2007.11.16 11:03:25.683,1.10105,1.1012,6.10,4.00
2007.11.16 11:03:25.901,1.10105,1.1012,4.00,4.00
2007.11.16 11:03:26.120,1.101,1.10115,2.40,1.60
2007.11.16 11:03:26.339,1.101,1.10115,2.40,5.60
2007.11.16 11:03:26.557,1.10095,1.10115,16.40,5.60
2007.11.16 11:03:26.882,1.10095,1.10115,10.80,5.60
2007.11.16 11:03:27.204,1.10095,1.10115,10.80,5.60
2007.11.16 11:03:27.527,1.10095,1.10115,10.90,5.60
2007.11.16 11:03:27.804,1.10095,1.10115,10.90,5.60
2007.11.16 11:03:28.076,1.10095,1.10115,10.80,4.00
2007.11.16 11:03:28.350,1.10095,1.10115,24.60,4.00
2007.11.16 11:03:28.622,1.101,1.10115,2.40,4.00
2007.11.16 11:03:28.856,1.101,1.1012,2.40,4.00
2007.11.16 11:03:29.111,1.101,1.1012,2.40,4.00
2007.11.16 11:03:29.344,1.101,1.1012,2.40,4.00
2007.11.16 11:03:29.578,1.101,1.1012,2.40,4.00
2007.11.16 11:03:29.812,1.101,1.1012,2.40,4.00
2007.11.16 11:03:30.091,1.101,1.1012,2.40,4.00
2007.11.16 11:03:31.608,1.101,1.1012,2.40,4.00
2007.11.16 11:03:32.228,1.101,1.1012,2.40,4.00
2007.11.16 11:03:33.149,1.101,1.1012,2.40,4.00
2007.11.16 11:03:34.108,1.101,1.1012,2.40,4.00
2007.11.16 11:03:34.426,1.101,1.1012,2.40,4.00
2007.11.16 11:03:34.865,1.101,1.1012,2.40,4.00
2007.11.16 11:03:35.153,1.10105,1.1012,4.00,2.40
2007.11.16 11:03:35.442,1.10115,1.1013,4.80,4.00
2007.11.16 11:03:35.888,1.10115,1.1013,4.80,4.00
2007.11.16 11:03:36.132,1.10115,1.1013,4.80,4.00
2007.11.16 11:03:36.374,1.10115,1.1013,4.80,4.00
2007.11.16 11:03:36.617,1.10115,1.1013,4.80,4.00
2007.11.16 11:03:36.861,1.10115,1.1013,4.80,4.00
2007.11.16 11:03:37.104,1.10115,1.1013,4.80,4.00
2007.11.16 11:03:37.402,1.10115,1.1013,4.80,4.00
2007.11.16 11:03:37.750,1.10115,1.1013,4.80,4.00
2007.11.16 11:03:38.052,1.10115,1.1013,4.80,4.00
2007.11.16 11:03:38.242,1.10115,1.1013,4.80,4.00
2007.11.16 11:03:38.431,1.10115,1.1013,4.80,4.00
2007.11.16 11:03:38.659,1.10115,1.1013,4.80,2.40
2007.11.16 11:03:38.848,1.10125,1.10135,4.00,8.00
2007.11.16 11:03:39.036,1.10125,1.10135,4.00,8.00
2007.11.16 11:03:39.325,1.10125,1.1014,4.00,4.00
2007.11.16 11:03:39.613,1.10125,1.1014,4.00,4.00
2007.11.16 11:03:39.916,1.10125,1.1014,4.00,4.00
2007.11.16 11:03:40.204,1.10125,1.1014,4.00,4.00
2007.11.16 11:03:40.438,1.10125,1.1014,4.00,4.00
2007.11.16 11:03:40.672,1.10125,1.1014,4.00,2.40
2007.11.16 11:03:40.905,1.10125,1.10145,16.90,1.60
2007.11.16 11:03:41.138,1.10125,1.10145,17.20,1.60
2007.11.16 11:03:41.398,1.10135,1.1015,0.80,4.00
2007.11.16 11:03:41.659,1.10135,1.10155,0.80,1.60
2007.11.16 11:03:41.918,1.10135,1.1016,0.80,43.90
2007.11.16 11:03:42.176,1.10135,1.1016,0.80,43.90
2007.11.16 11:03:42.479,1.10135,1.1016,0.80,43.90
2007.11.16 11:03:42.782,1.10135,1.1016,0.80,43.90
2007.11.16 11:03:43.165,1.10135,1.1016,0.80,43.90
2007.11.16 11:03:43.370,1.10135,1.1016,0.80,43.90
2007.11.16 11:03:43.612,1.10135,1.1016,0.80,43.90
2007.11.16 11:03:43.915,1.1014,1.1016,0.80,16.00
2007.11.16 11:03:44.119,1.1014,1.1016,0.80,16.00
2007.11.16 11:03:44.323,1.1014,1.1016,0.80,8.00
2007.11.16 11:03:44.568,1.10135,1.1016,66.10,4.00
2007.11.16 11:03:44.812,1.10145,1.1016,4.00,4.00
2007.11.16 11:03:45.055,1.10145,1.1016,4.00,4.00
2007.11.16 11:03:45.300,1.10135,1.1015,54.50,1.60
2007.11.16 11:03:45.536,1.10135,1.1015,39.30,1.60
2007.11.16 11:03:45.764,1.10135,1.1015,11.20,1.60
2007.11.16 11:03:45.992,1.10135,1.1015,11.50,1.60
2007.11.16 11:03:46.220,1.10135,1.1015,7.80,1.60
2007.11.16 11:03:46.448,1.10135,1.1015,7.80,1.60
2007.11.16 11:03:46.727,1.10135,1.1015,7.80,1.60
2007.11.16 11:03:47.008,1.10135,1.1015,8.80,1.60
2007.11.16 11:03:47.286,1.10135,1.1015,9.60,1.60
2007.11.16 11:03:47.565,1.10135,1.1015,9.60,1.60
2007.11.16 11:03:47.856,1.10135,1.1015,9.60,1.60
2007.11.16 11:03:48.139,1.10135,1.1015,10.40,1.60
2007.11.16 11:03:48.298,1.10135,1.10155,10.40,13.60
2007.11.16 11:03:48.422,1.10135,1.1015,11.50,0.60
2007.11.16 11:03:48.909,1.10135,1.1015,11.50,0.90
2007.11.16 11:03:49.171,1.10135,1.10155,11.50,13.60
2007.11.16 11:03:49.373,1.10135,1.10155,11.50,13.60
2007.11.16 11:03:50.110,1.10135,1.10155,11.50,13.60
2007.11.16 11:03:50.336,1.10135,1.10155,8.80,13.60
2007.11.16 11:03:50.545,1.10135,1.1015,7.20,0.60
2007.11.16 11:03:51.201,1.10145,1.1015,0.20,0.80
2007.11.16 11:03:51.413,1.10135,1.1015,7.40,0.80
2007.11.16 11:03:51.661,1.10135,1.1016,7.50,59.10
2007.11.16 11:03:51.910,1.10145,1.10165,4.00,20.00
2007.11.16 11:03:52.159,1.10145,1.1016,4.00,0.60
2007.11.16 11:03:52.409,1.10145,1.10165,12.80,0.90
2007.11.16 11:03:52.727,1.10145,1.1017,12.00,17.60
2007.11.16 11:03:53.045,1.10145,1.10165,10.40,0.80
2007.11.16 11:03:53.363,1.10145,1.1017,10.40,17.60
2007.11.16 11:03:53.531,1.10145,1.10165,10.40,0.90
2007.11.16 11:03:53.700,1.10145,1.10155,6.40,0.80
2007.11.16 11:03:53.868,1.10145,1.1016,4.00,4.00
2007.11.16 11:03:54.036,1.10135,1.10165,18.90,16.00
2007.11.16 11:03:54.204,1.10135,1.10165,18.90,16.00
2007.11.16 11:03:54.373,1.10135,1.10165,16.50,6.40
2007.11.16 11:03:54.647,1.10135,1.10165,37.70,6.40
2007.11.16 11:03:54.921,1.10135,1.1016,40.90,4.00
2007.11.16 11:03:55.194,1.10135,1.10155,16.90,0.50
2007.11.16 11:03:55.468,1.10135,1.10155,16.90,0.50
2007.11.16 11:03:55.655,1.10135,1.1016,16.90,4.00
2007.11.16 11:03:55.844,1.10135,1.10155,16.90,0.90
2007.11.16 11:03:56.032,1.10135,1.10155,16.90,0.80
2007.11.16 11:03:56.265,1.10135,1.1016,16.90,8.00
2007.11.16 11:03:56.729,1.10135,1.10155,16.90,0.70
2007.11.16 11:03:56.976,1.10135,1.1016,16.90,8.00
2007.11.16 11:03:57.225,1.10145,1.10165,2.40,13.60
2007.11.16 11:03:57.474,1.10145,1.1016,2.40,0.50
2007.11.16 11:03:57.796,1.10145,1.10165,6.40,13.60
2007.11.16 11:03:58.121,1.10145,1.10165,6.40,13.60
2007.11.16 11:03:58.444,1.10145,1.1016,6.40,0.50
2007.11.16 11:03:58.949,1.10145,1.10165,6.40,13.60
2007.11.16 11:03:59.175,1.10145,1.10165,6.40,13.60
2007.11.16 11:03:59.403,1.10145,1.10165,6.40,13.60
2007.11.16 11:03:59.691,1.10145,1.10165,6.40,13.60
2007.11.16 11:03:59.928,1.10145,1.10165,6.40,13.60
2007.11.16 11:04:00.170,1.10145,1.10165,6.40,13.60
2007.11.16 11:04:00.414,1.10145,1.1016,6.40,0.70
2007.11.16 11:04:00.658,1.10145,1.1016,6.40,0.70
2007.11.16 11:04:01.135,1.10145,1.1016,6.40,0.70
2007.11.16 11:04:01.403,1.10145,1.1016,6.40,0.50
2007.11.16 11:04:01.670,1.10145,1.1016,6.40,0.90
2007.11.16 11:04:01.885,1.10145,1.1016,6.40,0.50
2007.11.16 11:04:02.185,1.10145,1.10165,6.40,13.60
2007.11.16 11:04:02.907,1.10145,1.10165,6.40,13.60
2007.11.16 11:04:03.200,1.10145,1.10165,6.40,13.60
2007.11.16 11:04:03.499,1.10145,1.10165,6.40,13.60
2007.11.16 11:04:03.785,1.10145,1.1016,6.40,0.60
2007.11.16 11:04:04.079,1.10145,1.10165,6.40,13.60
2007.11.16 11:04:04.272,1.1014,1.1016,0.80,4.00
2007.11.16 11:04:04.465,1.10135,1.10155,48.90,0.70
2007.11.16 11:04:04.659,1.10135,1.1016,24.90,4.00
2007.11.16 11:04:04.851,1.10135,1.1016,16.90,4.00
2007.11.16 11:04:05.159,1.10135,1.1016,16.90,4.00
2007.11.16 11:04:05.468,1.10135,1.10155,16.90,0.80
2007.11.16 11:04:05.790,1.10145,1.10155,2.40,0.60
2007.11.16 11:04:06.097,1.10145,1.1016,2.40,0.70
2007.11.16 11:04:06.272,1.10145,1.10165,2.40,13.60
2007.11.16 11:04:06.445,1.10145,1.10165,2.40,13.60
2007.11.16 11:04:06.618,1.10145,1.10155,2.40,0.80
2007.11.16 11:04:06.793,1.1014,1.1016,0.80,4.00
2007.11.16 11:04:06.966,1.10135,1.1016,46.40,4.00
2007.11.16 11:04:07.300,1.10135,1.10155,30.40,0.70
2007.11.16 11:04:07.634,1.10135,1.10155,26.20,0.60
2007.11.16 11:04:07.967,1.10135,1.1016,26.20,4.00
2007.11.16 11:04:08.141,1.10135,1.1016,26.20,4.00
2007.11.16 11:04:08.314,1.10135,1.1016,34.20,4.00
2007.11.16 11:04:08.595,1.10135,1.10155,33.60,0.70
2007.11.16 11:04:08.770,1.10145,1.10165,2.40,0.80
2007.11.16 11:04:08.943,1.10145,1.10165,8.00,0.50
2007.11.16 11:04:09.225,1.10145,1.10165,12.00,13.60
2007.11.16 11:04:09.510,1.10145,1.1016,6.40,0.80
2007.11.16 11:04:09.591,1.10135,1.10165,88.60,13.60
2007.11.16 11:04:09.793,1.1014,1.10165,0.80,0.70
2007.11.16 11:04:10.078,1.1014,1.1017,0.80,0.70
2007.11.16 11:04:10.351,1.1014,1.10155,0.80,0.50
2007.11.16 11:04:10.624,1.1013,1.10165,37.20,13.60
2007.11.16 11:04:10.896,1.1013,1.10165,49.30,16.00
2007.11.16 11:04:11.110,1.10135,1.10165,81.20,16.00
2007.11.16 11:04:11.323,1.1014,1.10165,4.80,16.00
2007.11.16 11:04:11.536,1.1014,1.10165,4.80,16.00
2007.11.16 11:04:11.749,1.10155,1.1016,0.90,0.70
2007.11.16 11:04:11.963,1.10155,1.1016,0.60,0.70
2007.11.16 11:04:12.291,1.10155,1.1017,0.80,0.80
2007.11.16 11:04:12.618,1.1015,1.10185,12.00,43.60
2007.11.16 11:04:12.948,1.10145,1.10185,40.90,57.90
2007.11.16 11:04:13.278,1.10145,1.1018,0.80,0.50
2007.11.16 11:04:13.476,1.10145,1.1018,0.50,0.70
2007.11.16 11:04:13.676,1.10155,1.1018,0.80,0.80
2007.11.16 11:04:13.873,1.10145,1.10185,47.80,45.10
2007.11.16 11:04:14.078,1.1015,1.10185,10.40,43.90
2007.11.16 11:04:14.357,1.10155,1.10185,31.20,16.00
2007.11.16 11:04:14.762,1.10155,1.1018,38.40,14.40
2007.11.16 11:04:15.040,1.1015,1.1018,16.00,14.40
2007.11.16 11:04:15.227,1.1015,1.1018,16.00,14.40
2007.11.16 11:04:15.457,1.10155,1.10175,0.70,0.70
2007.11.16 11:04:15.879,1.10155,1.10175,7.40,1.60
2007.11.16 11:04:16.192,1.1015,1.10175,20.00,1.60
2007.11.16 11:04:16.524,1.10155,1.10175,1.00,1.60
2007.11.16 11:04:16.916,1.1015,1.10175,20.00,1.60
2007.11.16 11:04:17.249,1.1015,1.10175,20.00,1.60
2007.11.16 11:04:17.522,1.1015,1.10175,20.00,1.60
2007.11.16 11:04:17.795,1.1015,1.1018,30.40,12.00
2007.11.16 11:04:18.069,1.10155,1.1018,64.10,4.00
2007.11.16 11:04:18.343,1.10165,1.1018,1.10,4.00
2007.11.16 11:04:18.592,1.1016,1.1018,4.80,4.00
2007.11.16 11:04:19.126,1.1016,1.1018,4.80,4.00
2007.11.16 11:04:19.339,1.1016,1.1018,4.80,4.00
2007.11.16 11:04:19.863,1.1016,1.1018,4.80,4.00
2007.11.16 11:04:20.085,1.1016,1.1018,4.80,4.00
2007.11.16 11:04:20.383,1.10165,1.1018,0.60,4.00
2007.11.16 11:04:20.929,1.1016,1.1018,4.80,4.00
2007.11.16 11:04:21.216,1.10165,1.1018,0.50,4.00
2007.11.16 11:04:21.426,1.1016,1.1018,4.80,4.00
2007.11.16 11:04:21.700,1.1016,1.1018,4.80,4.00
2007.11.16 11:04:21.874,1.10165,1.1018,0.80,4.00
2007.11.16 11:04:22.032,1.1016,1.1018,4.80,4.00
2007.11.16 11:04:22.398,1.1016,1.1018,4.80,4.00
2007.11.16 11:04:22.731,1.10165,1.1018,0.50,4.00
2007.11.16 11:04:23.093,1.10165,1.1018,1.90,4.00
2007.11.16 11:04:23.427,1.10165,1.1018,0.90,4.00
2007.11.16 11:04:23.737,1.10165,1.1018,1.30,4.00
2007.11.16 11:04:23.901,1.10165,1.1018,2.30,4.00
2007.11.16 11:04:24.064,1.10165,1.1018,0.80,4.00
2007.11.16 11:04:24.227,1.10155,1.1018,69.00,4.00
2007.11.16 11:04:24.393,1.10165,1.1018,1.00,4.00
2007.11.16 11:04:24.870,1.10165,1.1018,0.60,12.00
2007.11.16 11:04:25.204,1.10155,1.1018,52.80,23.20
2007.11.16 11:04:25.537,1.10145,1.1017,52.60,2.40
2007.11.16 11:04:25.757,1.10145,1.1017,77.60,2.40
2007.11.16 11:04:25.982,1.1015,1.10175,15.20,1.60
2007.11.16 11:04:26.194,1.10155,1.1017,5.80,1.60
2007.11.16 11:04:26.413,1.10155,1.1017,5.00,1.60
2007.11.16 11:04:26.700,1.10155,1.1017,6.10,1.60
2007.11.16 11:04:27.097,1.1015,1.10175,14.40,1.60
2007.11.16 11:04:27.387,1.10155,1.10175,5.80,1.60
2007.11.16 11:04:27.714,1.1015,1.10175,20.00,1.60
2007.11.16 11:04:28.642,1.1015,1.10175,20.00,1.60
2007.11.16 11:04:28.848,1.10155,1.10175,4.80,1.60
2007.11.16 11:04:29.368,1.10155,1.10175,6.40,1.60
2007.11.16 11:04:29.883,1.10155,1.10175,3.70,1.60
2007.11.16 11:04:30.113,1.1015,1.1017,20.00,1.60
2007.11.16 11:04:30.342,1.10155,1.1017,4.40,1.60
2007.11.16 11:04:30.570,1.1015,1.1017,9.60,1.60
2007.11.16 11:04:30.813,1.1015,1.1017,9.60,1.60
2007.11.16 11:04:31.056,1.10155,1.1017,3.90,1.60
2007.11.16 11:04:31.300,1.1015,1.1017,9.60,1.60
2007.11.16 11:04:31.543,1.1015,1.1017,9.60,1.60
2007.11.16 11:04:31.793,1.1015,1.1017,9.60,1.60
2007.11.16 11:04:31.999,1.10155,1.1017,3.00,1.60
2007.11.16 11:04:32.354,1.10155,1.1017,1.80,1.60
2007.11.16 11:04:33.088,1.10155,1.1017,0.80,1.60
2007.11.16 11:04:35.174,1.1015,1.1017,9.60,1.60
2007.11.16 11:04:35.427,1.1015,1.1017,9.60,1.60
2007.11.16 11:04:36.796,1.10155,1.1017,2.40,1.60
2007.11.16 11:04:37.009,1.10155,1.1017,7.20,1.60
2007.11.16 11:04:37.229,1.10155,1.1017,7.20,1.60
2007.11.16 11:04:37.442,1.10155,1.1017,7.20,1.60
2007.11.16 11:04:37.684,1.10155,1.10165,7.20,1.60
2007.11.16 11:04:38.017,1.10145,1.10165,30.40,1.60
2007.11.16 11:04:38.353,1.10155,1.1017,0.80,4.00
2007.11.16 11:04:38.686,1.10155,1.1017,0.80,4.00
2007.11.16 11:04:38.866,1.10155,1.1017,0.80,4.00
2007.11.16 11:04:39.045,1.10155,1.1017,0.80,4.00
2007.11.16 11:04:39.223,1.10145,1.10165,49.30,1.60
2007.11.16 11:04:39.424,1.10155,1.10165,4.00,1.60
2007.11.16 11:04:39.604,1.10155,1.10165,4.00,1.60
2007.11.16 11:04:39.789,1.10155,1.10165,4.00,1.60
2007.11.16 11:04:40.032,1.10145,1.10165,23.60,1.60
2007.11.16 11:04:40.275,1.10145,1.10165,23.60,1.60
2007.11.16 11:04:40.520,1.10145,1.10165,23.60,1.60
2007.11.16 11:04:40.885,1.10145,1.10165,23.60,1.60
2007.11.16 11:04:41.070,1.10145,1.10165,25.20,1.60
2007.11.16 11:04:41.253,1.10145,1.10165,26.00,1.60
2007.11.16 11:04:41.436,1.10145,1.10165,26.00,1.60
2007.11.16 11:04:41.990,1.10145,1.10165,26.00,1.60
2007.11.16 11:04:42.220,1.10145,1.10165,26.00,1.60
2007.11.16 11:04:42.452,1.10145,1.10165,26.00,1.60
2007.11.16 11:04:42.868,1.10145,1.10165,26.00,1.60
2007.11.16 11:04:43.183,1.10145,1.10165,26.00,1.60
2007.11.16 11:04:43.516,1.10145,1.10165,26.00,1.60
2007.11.16 11:04:44.132,1.10145,1.10165,26.00,1.60
2007.11.16 11:04:45.007,1.10145,1.10165,26.10,1.60
2007.11.16 11:04:45.315,1.10145,1.10165,26.10,1.60
2007.11.16 11:04:45.622,1.10145,1.10165,26.10,1.60
2007.11.16 11:04:46.200,1.10145,1.10165,26.10,1.60
2007.11.16 11:04:47.014,1.10145,1.10165,26.10,1.60
2007.11.16 11:04:47.975,1.10145,1.1017,26.10,4.00
2007.11.16 11:04:47.998,1.10145,1.1017,26.30,4.00
2007.11.16 11:04:48.227,1.10155,1.10175,0.80,16.00
2007.11.16 11:04:48.496,1.10155,1.10175,0.80,16.00
2007.11.16 11:04:48.765,1.10155,1.10175,0.80,16.00
2007.11.16 11:04:49.034,1.1015,1.10175,2.40,16.00
2007.11.16 11:04:49.243,1.1015,1.10175,1.60,16.00
2007.11.16 11:04:49.452,1.1015,1.10175,1.60,16.00
2007.11.16 11:04:49.660,1.1015,1.10175,1.60,16.00
2007.11.16 11:04:49.867,1.10155,1.10175,4.00,16.00
2007.11.16 11:04:50.124,1.10155,1.10175,4.00,16.00
2007.11.16 11:04:50.352,1.10155,1.10175,4.00,16.00
2007.11.16 11:04:51.162,1.10155,1.1017,4.00,0.90
2007.11.16 11:04:51.940,1.10155,1.1017,4.00,0.70
2007.11.16 11:04:52.118,1.10155,1.1017,4.00,0.70
2007.11.16 11:04:52.402,1.10155,1.1017,4.00,0.60
2007.11.16 11:04:52.736,1.10155,1.1017,4.00,0.70
2007.11.16 11:04:53.019,1.10155,1.10175,4.80,16.00
2007.11.16 11:04:53.873,1.10155,1.10175,4.80,16.00
2007.11.16 11:04:55.881,1.10155,1.10175,4.80,16.00
2007.11.16 11:04:56.095,1.10155,1.10175,4.80,16.00
2007.11.16 11:04:56.308,1.10155,1.1017,4.80,0.90
2007.11.16 11:04:56.511,1.10155,1.10175,4.80,16.00
2007.11.16 11:04:56.929,1.10155,1.10175,4.80,16.00
2007.11.16 11:04:57.132,1.10155,1.10175,4.80,16.00
2007.11.16 11:04:57.334,1.10155,1.10175,4.80,16.00
2007.11.16 11:04:57.613,1.10155,1.10175,4.80,16.00
2007.11.16 11:04:57.983,1.10155,1.10175,4.80,16.00
2007.11.16 11:04:58.261,1.10155,1.1017,4.80,0.80
2007.11.16 11:04:59.903,1.10155,1.10175,4.80,16.00
2007.11.16 11:05:00.087,1.10155,1.10175,4.80,16.00
2007.11.16 11:05:00.270,1.10155,1.10175,4.80,16.00
2007.11.16 11:05:00.920,1.10155,1.1017,4.80,0.70
2007.11.16 11:05:01.159,1.10155,1.1017,4.80,0.70
2007.11.16 11:05:01.589,1.10155,1.10175,4.80,16.00
2007.11.16 11:05:01.763,1.10155,1.1017,4.80,0.60
2007.11.16 11:05:02.089,1.10155,1.10175,4.80,16.00
2007.11.16 11:05:02.262,1.10155,1.1017,4.80,0.50
2007.11.16 11:05:02.436,1.10155,1.1017,4.80,0.80
2007.11.16 11:05:02.744,1.10155,1.10175,6.40,16.00
2007.11.16 11:05:03.053,1.10155,1.10175,20.00,0.70
2007.11.16 11:05:03.361,1.10155,1.10175,20.00,0.60
2007.11.16 11:05:03.668,1.10155,1.1018,20.00,18.40
2007.11.16 11:05:04.080,1.10155,1.10175,24.00,0.50
2007.11.16 11:05:04.265,1.10155,1.1018,22.40,18.40
2007.11.16 11:05:04.450,1.10155,1.1018,22.40,18.40
2007.11.16 11:05:04.993,1.10155,1.1018,22.40,18.40
2007.11.16 11:05:05.186,1.10155,1.10175,22.40,0.90
2007.11.16 11:05:05.408,1.10155,1.1018,22.40,17.60
2007.11.16 11:05:06.125,1.10155,1.10175,22.40,0.60
2007.11.16 11:05:06.349,1.10155,1.1018,22.40,17.60
2007.11.16 11:05:06.963,1.10155,1.10175,22.40,0.80
2007.11.16 11:05:07.162,1.10155,1.1018,22.40,16.80
2007.11.16 11:05:07.978,1.10155,1.1018,23.20,16.80
2007.11.16 11:05:08.271,1.10165,1.1018,4.00,0.90
2007.11.16 11:05:08.565,1.10165,1.10185,4.00,16.00
2007.11.16 11:05:08.858,1.10155,1.1017,33.70,0.90
2007.11.16 11:05:09.021,1.10155,1.10175,7.20,13.60
2007.11.16 11:05:09.185,1.10155,1.1017,6.40,0.90
2007.11.16 11:05:09.421,1.10155,1.10175,6.40,13.60
2007.11.16 11:05:09.606,1.10155,1.10175,6.40,0.70
2007.11.16 11:05:09.764,1.10155,1.10175,10.40,0.50
2007.11.16 11:05:10.007,1.10155,1.1018,12.80,6.40
2007.11.16 11:05:10.255,1.10155,1.1018,12.00,6.40
2007.11.16 11:05:10.498,1.10155,1.10175,12.00,0.80
2007.11.16 11:05:10.749,1.10155,1.10185,24.80,17.60
2007.11.16 11:05:10.911,1.10155,1.10185,25.00,16.00
2007.11.16 11:05:11.079,1.10155,1.10185,26.60,16.00
2007.11.16 11:05:11.249,1.10155,1.10185,50.80,16.00
2007.11.16 11:05:11.416,1.10165,1.1018,4.00,0.90
2007.11.16 11:05:11.586,1.10165,1.10185,4.00,16.00
2007.11.16 11:05:11.766,1.10155,1.1018,40.10,4.00
2007.11.16 11:05:12.015,1.10155,1.10175,18.50,0.90
2007.11.16 11:05:12.263,1.10155,1.1018,18.40,4.00
2007.11.16 11:05:12.512,1.10155,1.1018,18.40,4.00
2007.11.16 11:05:12.761,1.10155,1.1018,26.40,4.00
2007.11.16 11:05:13.013,1.10155,1.1018,28.00,4.00
2007.11.16 11:05:13.267,1.10155,1.1018,28.90,4.00
2007.11.16 11:05:13.519,1.10155,1.10175,28.90,0.70
2007.11.16 11:05:13.772,1.10155,1.10175,28.90,0.60
2007.11.16 11:05:13.941,1.10155,1.1018,20.90,4.00
2007.11.16 11:05:14.114,1.10155,1.1018,20.90,4.00
2007.11.16 11:05:14.432,1.10155,1.1018,20.90,4.00
2007.11.16 11:05:14.627,1.10155,1.1018,20.90,4.00
2007.11.16 11:05:14.795,1.10155,1.10175,20.90,0.80
2007.11.16 11:05:15.151,1.10155,1.1018,20.90,4.00
2007.11.16 11:05:16.183,1.10155,1.1018,20.90,4.00
2007.11.16 11:05:16.415,1.10155,1.10175,20.90,1.60
2007.11.16 11:05:17.150,1.10155,1.10175,20.90,1.60
2007.11.16 11:05:18.189,1.10155,1.10175,20.90,1.60
2007.11.16 11:05:19.695,1.10155,1.10175,28.90,1.60
2007.11.16 11:05:19.829,1.10155,1.10175,20.90,1.60
2007.11.16 11:05:20.166,1.10155,1.10175,20.90,1.60
2007.11.16 11:05:20.500,1.10155,1.10175,20.90,1.60
2007.11.16 11:05:20.833,1.10155,1.10185,19.30,4.00
2007.11.16 11:05:21.167,1.1016,1.10185,0.80,5.60
2007.11.16 11:05:21.355,1.10165,1.10185,4.80,1.60
2007.11.16 11:05:21.544,1.10165,1.10185,4.80,1.60
2007.11.16 11:05:21.732,1.10165,1.10185,4.80,1.60
2007.11.16 11:05:21.921,1.10165,1.10185,6.40,1.60
2007.11.16 11:05:22.115,1.10165,1.10185,6.40,1.60
2007.11.16 11:05:22.585,1.10165,1.10185,10.40,1.60
2007.11.16 11:05:22.909,1.10165,1.10185,10.40,1.60
2007.11.16 11:05:23.232,1.10165,1.10185,10.40,1.60
2007.11.16 11:05:23.497,1.10165,1.10185,10.40,1.60
2007.11.16 11:05:23.757,1.10165,1.10185,10.40,1.60
2007.11.16 11:05:24.015,1.10165,1.10185,14.40,1.60
2007.11.16 11:05:24.239,1.10165,1.10185,16.80,1.60
2007.11.16 11:05:24.462,1.10165,1.10185,16.80,1.60
2007.11.16 11:05:25.164,1.10165,1.10185,16.80,1.60
2007.11.16 11:05:25.413,1.10165,1.10185,16.80,1.60
2007.11.16 11:05:25.942,1.10165,1.10185,17.60,1.60
2007.11.16 11:05:26.198,1.10165,1.10185,19.20,1.60
2007.11.16 11:05:26.446,1.10165,1.10185,19.20,1.60
2007.11.16 11:05:26.693,1.10165,1.10185,19.20,1.60
2007.11.16 11:05:27.171,1.10165,1.10185,19.20,1.60
2007.11.16 11:05:27.440,1.10165,1.10185,19.20,1.60
2007.11.16 11:05:28.110,1.10165,1.10185,19.20,1.60
2007.11.16 11:05:28.363,1.10165,1.10185,19.20,1.60
2007.11.16 11:05:29.100,1.10165,1.10185,19.20,1.60
2007.11.16 11:05:29.423,1.10165,1.10185,19.20,1.60
2007.11.16 11:05:29.672,1.10165,1.10185,19.20,1.60
2007.11.16 11:05:29.909,1.10165,1.10185,19.20,1.60
2007.11.16 11:05:30.149,1.10165,1.10185,19.20,1.60
2007.11.16 11:05:31.988,1.10165,1.10185,19.20,1.60
2007.11.16 11:05:32.227,1.10165,1.10185,19.20,1.60
2007.11.16 11:05:32.427,1.10165,1.10185,19.20,1.60
2007.11.16 11:05:35.229,1.10165,1.10185,19.20,1.60
2007.11.16 11:05:35.438,1.10165,1.10185,19.20,1.60
2007.11.16 11:05:36.048,1.10165,1.10185,19.20,1.60
2007.11.16 11:05:36.236,1.10165,1.10185,19.20,1.60
2007.11.16 11:05:36.425,1.10165,1.10185,19.20,1.60
2007.11.16 11:05:37.243,1.10165,1.10185,19.20,1.60
2007.11.16 11:05:38.126,1.10165,1.10185,19.20,1.60
2007.11.16 11:05:38.302,1.10165,1.1019,19.20,12.00
2007.11.16 11:05:38.435,1.10165,1.1019,19.20,12.00
2007.11.16 11:05:39.156,1.10165,1.10185,19.20,0.50
2007.11.16 11:05:39.375,1.10165,1.10185,19.20,0.60
2007.11.16 11:05:39.882,1.10165,1.10185,19.20,0.80
2007.11.16 11:05:40.098,1.10165,1.10185,19.20,0.50
2007.11.16 11:05:40.406,1.10165,1.1019,19.20,12.00
2007.11.16 11:05:40.619,1.10165,1.10185,19.20,0.80
2007.11.16 11:05:41.077,1.10165,1.1019,19.20,12.00
2007.11.16 11:05:41.331,1.10165,1.1019,19.20,12.00
2007.11.16 11:05:41.616,1.10165,1.10195,19.20,24.00
2007.11.16 11:05:41.863,1.10175,1.1019,0.80,0.60
2007.11.16 11:05:42.047,1.10175,1.10195,0.80,16.00
2007.11.16 11:05:42.230,1.10175,1.10195,0.80,16.00
2007.11.16 11:05:42.420,1.10175,1.10195,4.80,16.00
2007.11.16 11:05:43.431,1.10175,1.1019,4.80,0.90
2007.11.16 11:05:44.141,1.10175,1.1019,4.80,0.70
2007.11.16 11:05:44.304,1.10175,1.10195,4.80,16.00
2007.11.16 11:05:44.604,1.10175,1.10195,4.80,16.00
2007.11.16 11:05:44.767,1.10175,1.1019,7.20,0.80
2007.11.16 11:05:45.035,1.10175,1.1019,8.00,0.60
2007.11.16 11:05:45.304,1.10175,1.102,8.80,16.10
2007.11.16 11:05:45.573,1.10175,1.10195,12.80,0.70
2007.11.16 11:05:45.842,1.10175,1.10195,7.20,9.60
2007.11.16 11:05:46.055,1.10175,1.10195,6.40,9.60
2007.11.16 11:05:46.270,1.10175,1.10195,6.40,9.60
2007.11.16 11:05:46.483,1.10175,1.1019,6.40,0.60
2007.11.16 11:05:46.927,1.10175,1.1019,7.20,0.90
2007.11.16 11:05:47.246,1.10175,1.10195,7.20,13.60
2007.11.16 11:05:47.506,1.10175,1.1019,7.20,0.60
2007.11.16 11:05:47.904,1.10175,1.10195,7.20,18.80
2007.11.16 11:05:48.152,1.10175,1.1018,6.40,0.90
2007.11.16 11:05:48.400,1.10165,1.10175,25.60,0.50
2007.11.16 11:05:48.649,1.10155,1.1018,32.40,36.60
2007.11.16 11:05:48.897,1.10155,1.1018,32.40,49.60
2007.11.16 11:05:49.142,1.10155,1.1018,32.40,48.80
2007.11.16 11:05:49.385,1.10155,1.1018,32.40,49.50
2007.11.16 11:05:49.683,1.10155,1.1018,32.40,49.60
2007.11.16 11:05:49.926,1.10155,1.1018,32.40,49.60
2007.11.16 11:05:50.154,1.10155,1.10175,32.40,0.70
2007.11.16 11:05:50.416,1.10155,1.1018,32.40,50.40
2007.11.16 11:05:50.644,1.10155,1.10175,32.40,0.50
2007.11.16 11:05:51.144,1.10155,1.1018,32.40,50.40
2007.11.16 11:05:51.367,1.10155,1.1018,32.40,50.50
2007.11.16 11:05:51.592,1.10155,1.1018,32.40,50.50
2007.11.16 11:05:51.816,1.10155,1.10175,33.10,0.90
2007.11.16 11:05:52.039,1.10155,1.1018,33.10,43.10
2007.11.16 11:05:52.299,1.10155,1.1017,33.10,0.50
2007.11.16 11:05:52.556,1.10155,1.10175,33.10,13.60
2007.11.16 11:05:52.930,1.10155,1.1017,33.10,0.90
2007.11.16 11:05:53.525,1.10155,1.10175,33.10,13.60
2007.11.16 11:05:53.837,1.10155,1.1017,33.10,0.90
2007.11.16 11:05:54.150,1.10155,1.1017,32.40,0.70
2007.11.16 11:05:54.335,1.10155,1.10165,24.00,13.60
2007.11.16 11:05:54.514,1.10155,1.1016,24.00,0.80
2007.11.16 11:05:54.692,1.10145,1.10165,11.70,13.60
2007.11.16 11:05:54.870,1.10145,1.10155,11.70,0.50
2007.11.16 11:05:55.049,1.10145,1.10155,7.70,0.60
2007.11.16 11:05:55.229,1.10145,1.1017,8.40,71.90
2007.11.16 11:05:55.537,1.10145,1.1017,14.80,4.00
2007.11.16 11:05:55.845,1.10145,1.1017,14.80,7.80
2007.11.16 11:05:56.152,1.10145,1.1017,14.00,9.40
2007.11.16 11:05:56.371,1.10145,1.1017,14.00,29.50
2007.11.16 11:05:56.590,1.10145,1.1016,11.60,0.80
2007.11.16 11:05:56.809,1.10145,1.10165,11.60,13.60
2007.11.16 11:05:57.027,1.10145,1.10165,6.40,13.60
2007.11.16 11:05:57.245,1.10145,1.10165,2.40,15.20
2007.11.16 11:05:57.499,1.10135,1.1016,50.60,4.00
2007.11.16 11:05:57.753,1.10135,1.1016,26.60,4.00
2007.11.16 11:05:58.111,1.10135,1.1016,26.60,4.00
2007.11.16 11:05:58.363,1.10135,1.10155,26.70,0.80
2007.11.16 11:05:58.646,1.10135,1.1016,26.70,4.00
2007.11.16 11:05:58.930,1.10145,1.10165,2.40,13.60
2007.11.16 11:05:59.213,1.10145,1.10155,2.40,0.90
2007.11.16 11:05:59.579,1.10135,1.1016,18.70,4.80
2007.11.16 11:05:59.829,1.10135,1.1016,18.70,4.80
2007.11.16 11:06:00.077,1.10135,1.1016,18.70,4.00
2007.11.16 11:06:00.326,1.10135,1.1016,18.70,4.00
2007.11.16 11:06:00.525,1.10135,1.1016,18.70,4.00
2007.11.16 11:06:00.898,1.10135,1.1016,18.70,4.00
2007.11.16 11:06:01.094,1.10135,1.1016,18.80,4.00
2007.11.16 11:06:01.293,1.10135,1.1016,18.80,4.00
2007.11.16 11:06:01.499,1.10135,1.10155,18.80,0.90
2007.11.16 11:06:02.371,1.10135,1.1016,18.80,4.00
2007.11.16 11:06:02.738,1.10135,1.10155,18.80,0.70
2007.11.16 11:06:02.903,1.10135,1.10155,18.80,0.90
2007.11.16 11:06:03.790,1.10135,1.10155,18.90,0.70
2007.11.16 11:06:04.098,1.10135,1.1016,18.90,4.00
2007.11.16 11:06:04.406,1.10135,1.1016,18.90,4.00
2007.11.16 11:06:04.715,1.10135,1.1016,18.90,4.00
2007.11.16 11:06:06.742,1.10135,1.10155,18.90,0.70
2007.11.16 11:06:07.074,1.10135,1.1016,19.70,4.00
2007.11.16 11:06:07.247,1.10135,1.1016,21.60,4.00
2007.11.16 11:06:07.422,1.10135,1.1016,22.40,4.00
2007.11.16 11:06:08.437,1.10135,1.10155,22.40,1.60
2007.11.16 11:06:09.162,1.10135,1.10155,22.40,1.60
2007.11.16 11:06:09.372,1.10135,1.10155,22.40,1.60
2007.11.16 11:06:11.426,1.10135,1.10155,22.40,1.60
2007.11.16 11:06:12.415,1.10135,1.10155,22.40,1.60
2007.11.16 11:06:14.380,1.10135,1.10155,22.40,1.60
2007.11.16 11:06:15.198,1.10135,1.10155,22.40,1.60
2007.11.16 11:06:15.436,1.10135,1.10155,22.40,1.60
2007.11.16 11:06:15.915,1.10135,1.10155,22.40,1.60
2007.11.16 11:06:16.828,1.10135,1.10155,22.40,1.60
2007.11.16 11:06:17.006,1.10135,1.10155,30.40,1.60
2007.11.16 11:06:17.185,1.10135,1.10165,28.80,12.00
2007.11.16 11:06:17.374,1.1014,1.1017,0.80,55.60
2007.11.16 11:06:17.563,1.1014,1.1017,0.80,30.70
2007.11.16 11:06:17.880,1.1014,1.1017,0.80,30.70
2007.11.16 11:06:18.112,1.1014,1.1017,0.80,30.70
2007.11.16 11:06:18.505,1.1014,1.1017,0.80,30.70
2007.11.16 11:06:18.819,1.1014,1.1017,0.80,30.70
2007.11.16 11:06:19.140,1.1014,1.1017,0.80,30.70
2007.11.16 11:06:19.448,1.10155,1.1017,4.80,4.00
2007.11.16 11:06:19.661,1.10155,1.1017,4.80,4.00
2007.11.16 11:06:19.873,1.10155,1.1017,8.00,4.00
2007.11.16 11:06:20.088,1.10155,1.1016,8.00,0.30
2007.11.16 11:06:20.304,1.10145,1.1016,24.00,2.60
2007.11.16 11:06:20.543,1.10145,1.1016,24.00,2.60
2007.11.16 11:06:20.780,1.10135,1.1016,48.20,2.60
2007.11.16 11:06:21.020,1.10135,1.1016,49.80,2.60
2007.11.16 11:06:21.258,1.10135,1.1016,75.20,2.60
2007.11.16 11:06:21.458,1.10145,1.1016,0.40,2.60
2007.11.16 11:06:21.656,1.10145,1.1016,0.60,4.20
2007.11.16 11:06:21.854,1.10145,1.1016,4.50,4.20
2007.11.16 11:06:22.052,1.10145,1.1016,6.90,2.60
2007.11.16 11:06:22.250,1.10145,1.1016,18.90,0.30
2007.11.16 11:06:22.459,1.10145,1.1016,19.70,0.30
2007.11.16 11:06:22.693,1.10145,1.1016,19.70,0.30
2007.11.16 11:06:23.108,1.10145,1.1016,19.70,0.30
2007.11.16 11:06:23.409,1.10145,1.1016,19.70,0.30
2007.11.16 11:06:23.737,1.10145,1.1016,19.70,0.30
2007.11.16 11:06:24.066,1.10145,1.1016,20.40,0.30
2007.11.16 11:06:24.395,1.10155,1.1016,4.80,0.30
2007.11.16 11:06:24.607,1.10155,1.1016,7.30,0.30
2007.11.16 11:06:24.760,1.10155,1.1016,2.50,0.05
2007.11.16 11:06:24.916,1.10155,1.1016,6.40,0.05
2007.11.16 11:06:25.069,1.10155,1.1016,6.40,0.05
2007.11.16 11:06:25.223,1.10155,1.1017,6.40,4.00
2007.11.16 11:06:25.377,1.10155,1.1017,11.20,4.00
2007.11.16 11:06:25.710,1.10155,1.1017,11.20,2.40
2007.11.16 11:06:26.044,1.10155,1.10175,20.80,1.60
2007.11.16 11:06:26.378,1.10155,1.10175,20.80,1.60
2007.11.16 11:06:26.541,1.10155,1.10175,20.80,1.60
2007.11.16 11:06:26.858,1.10155,1.10175,20.80,1.60
2007.11.16 11:06:27.161,1.10155,1.10175,20.80,1.60
2007.11.16 11:06:27.377,1.10155,1.10175,20.80,1.60
2007.11.16 11:06:27.685,1.10155,1.1017,21.30,1.60
2007.11.16 11:06:27.994,1.10155,1.1017,14.00,1.60
2007.11.16 11:06:28.302,1.10155,1.1017,13.60,1.60
2007.11.16 11:06:28.611,1.10155,1.1017,13.60,1.60
2007.11.16 11:06:28.864,1.10155,1.1017,13.60,1.60
2007.11.16 11:06:29.117,1.10155,1.1017,13.60,1.60
2007.11.16 11:06:29.372,1.10155,1.1017,13.60,1.60
2007.11.16 11:06:29.626,1.10155,1.1017,13.60,1.60
2007.11.16 11:06:29.853,1.10155,1.1017,13.60,1.60
2007.11.16 11:06:30.114,1.10155,1.1017,13.60,1.60
2007.11.16 11:06:30.440,1.10155,1.10175,22.40,4.00
2007.11.16 11:06:30.627,1.1016,1.10175,2.40,4.00
2007.11.16 11:06:30.815,1.1016,1.1018,2.40,4.00
2007.11.16 11:06:31.004,1.1016,1.1019,2.40,34.40
2007.11.16 11:06:31.193,1.1016,1.1019,2.40,34.40
2007.11.16 11:06:31.382,1.1016,1.1019,2.40,34.30
2007.11.16 11:06:31.576,1.1016,1.1019,2.40,34.30
2007.11.16 11:06:31.909,1.1016,1.1019,2.40,34.30
2007.11.16 11:06:32.242,1.1016,1.1019,2.40,34.30
2007.11.16 11:06:32.575,1.1016,1.1019,2.40,34.30
2007.11.16 11:06:32.754,1.10165,1.10185,4.00,1.60
2007.11.16 11:06:32.933,1.10165,1.10185,12.80,1.60
2007.11.16 11:06:33.110,1.10165,1.10185,12.80,1.60
2007.11.16 11:06:33.289,1.10165,1.10185,11.30,1.60
2007.11.16 11:06:33.468,1.10165,1.10185,14.50,1.60
2007.11.16 11:06:33.800,1.10165,1.10185,14.50,1.60
2007.11.16 11:06:34.133,1.10165,1.10185,14.50,1.60
2007.11.16 11:06:34.466,1.10165,1.10185,15.30,1.60
2007.11.16 11:06:34.624,1.10165,1.10185,16.10,1.60
2007.11.16 11:06:34.782,1.10165,1.10185,16.90,1.60
2007.11.16 11:06:34.940,1.10165,1.10185,16.90,1.60
2007.11.16 11:06:35.166,1.10165,1.10185,16.90,1.60
2007.11.16 11:06:35.391,1.10165,1.10185,16.90,1.60
2007.11.16 11:06:35.646,1.10165,1.1018,16.90,1.60
2007.11.16 11:06:35.916,1.10165,1.1018,8.10,4.00
2007.11.16 11:06:36.179,1.10165,1.1018,8.10,4.00
2007.11.16 11:06:36.441,1.10165,1.1018,8.10,4.00
2007.11.16 11:06:36.705,1.10165,1.1018,8.10,4.00
2007.11.16 11:06:36.923,1.10165,1.1018,8.10,4.00
2007.11.16 11:06:37.141,1.10165,1.1018,8.00,4.00
2007.11.16 11:06:37.367,1.1016,1.10175,2.40,1.60
2007.11.16 11:06:37.579,1.10155,1.10175,24.80,1.60
2007.11.16 11:06:37.896,1.10155,1.10175,24.80,1.60
2007.11.16 11:06:38.224,1.10155,1.10175,24.80,1.60
2007.11.16 11:06:38.552,1.10155,1.10175,24.80,1.60
2007.11.16 11:06:39.459,1.10155,1.10175,24.80,1.60
2007.11.16 11:06:39.873,1.10155,1.10175,24.80,1.60
2007.11.16 11:06:40.197,1.10155,1.10175,24.80,1.60
2007.11.16 11:06:40.486,1.10155,1.10175,24.80,1.60
2007.11.16 11:06:41.224,1.10155,1.1018,24.80,2.40
2007.11.16 11:06:41.463,1.1016,1.1019,0.80,71.80
2007.11.16 11:06:41.704,1.1016,1.1019,0.80,67.30
2007.11.16 11:06:41.941,1.1016,1.1019,0.80,43.30
2007.11.16 11:06:42.204,1.1016,1.1019,0.80,43.20
2007.11.16 11:06:42.467,1.1016,1.1019,0.80,43.20
2007.11.16 11:06:42.855,1.1016,1.1019,0.80,43.20
2007.11.16 11:06:43.173,1.1016,1.1019,0.80,43.20
2007.11.16 11:06:43.491,1.1016,1.1019,0.80,43.20
2007.11.16 11:06:43.809,1.1016,1.1019,0.80,43.20
2007.11.16 11:06:44.127,1.1016,1.1019,0.80,43.20
2007.11.16 11:06:44.306,1.1016,1.1019,0.80,43.20
2007.11.16 11:06:44.483,1.1016,1.1019,0.80,43.20
2007.11.16 11:06:45.977,1.1016,1.1019,0.80,44.80
2007.11.16 11:06:46.226,1.1016,1.1017,0.80,1.60
2007.11.16 11:06:46.386,1.1016,1.1017,0.80,1.60
2007.11.16 11:06:46.545,1.10155,1.1017,37.60,1.60
2007.11.16 11:06:46.704,1.10155,1.1017,13.60,1.60
2007.11.16 11:06:46.862,1.10155,1.1017,13.60,1.60
2007.11.16 11:06:47.020,1.10155,1.1017,13.60,1.60
2007.11.16 11:06:47.178,1.10155,1.1017,13.60,1.60
2007.11.16 11:06:47.461,1.10155,1.1017,13.60,1.60
2007.11.16 11:06:48.151,1.10155,1.1017,11.20,1.60
2007.11.16 11:06:48.421,1.10155,1.1016,4.00,1.60
2007.11.16 11:06:48.684,1.10155,1.1016,4.00,1.60
2007.11.16 11:06:48.949,1.10145,1.1016,14.40,1.60
2007.11.16 11:06:49.212,1.10145,1.10155,8.00,1.60
2007.11.16 11:06:49.378,1.10145,1.10155,4.00,1.60
2007.11.16 11:06:49.529,1.10135,1.10155,52.90,1.60
2007.11.16 11:06:49.688,1.10135,1.1015,18.00,1.60
2007.11.16 11:06:49.846,1.10135,1.1015,8.40,1.60
2007.11.16 11:06:50.005,1.10135,1.1015,6.60,1.60
2007.11.16 11:06:50.181,1.10135,1.1015,6.60,1.60
2007.11.16 11:06:50.339,1.10135,1.1015,6.80,1.60
2007.11.16 11:06:50.642,1.10135,1.1015,6.80,1.60
2007.11.16 11:06:50.945,1.10135,1.1015,7.60,1.60
2007.11.16 11:06:51.248,1.10135,1.1015,7.60,1.60
2007.11.16 11:06:51.431,1.10135,1.1015,7.40,1.60
2007.11.16 11:06:51.941,1.10135,1.1015,7.40,1.60
2007.11.16 11:06:52.124,1.10135,1.10145,7.20,1.60
2007.11.16 11:06:52.308,1.1013,1.10145,0.80,1.60
2007.11.16 11:06:52.531,1.10125,1.10145,25.40,1.60
2007.11.16 11:06:52.755,1.10125,1.10145,25.40,1.60
2007.11.16 11:06:52.979,1.10125,1.10145,17.40,1.60
2007.11.16 11:06:53.202,1.10125,1.10145,17.40,1.60
2007.11.16 11:06:53.426,1.10125,1.10145,17.40,1.60
2007.11.16 11:06:53.713,1.10125,1.1015,25.40,4.60
2007.11.16 11:06:54.002,1.10135,1.1015,0.80,4.00
2007.11.16 11:06:54.290,1.10135,1.1015,4.80,4.00
2007.11.16 11:06:54.578,1.10135,1.1015,4.80,4.00
2007.11.16 11:06:55.112,1.1013,1.1015,5.60,4.00
2007.11.16 11:06:55.115,1.10135,1.1015,2.40,4.00
2007.11.16 11:06:55.282,1.1013,1.1015,5.60,4.00
2007.11.16 11:06:55.452,1.1013,1.1015,5.60,4.00
2007.11.16 11:06:56.128,1.10135,1.1015,2.10,4.00
2007.11.16 11:06:56.362,1.10135,1.10155,2.40,1.60
2007.11.16 11:06:56.596,1.10125,1.10155,113.40,1.60
2007.11.16 11:06:56.800,1.10125,1.10155,113.40,1.60
2007.11.16 11:06:57.003,1.10125,1.10155,122.10,1.60
2007.11.16 11:06:57.207,1.10145,1.1016,0.50,4.00
2007.11.16 11:06:57.411,1.10145,1.1016,7.40,1.60
2007.11.16 11:06:57.713,1.10145,1.1016,11.40,1.60
2007.11.16 11:06:58.014,1.1015,1.1016,0.60,1.60
2007.11.16 11:06:58.312,1.10155,1.1017,0.80,38.30
2007.11.16 11:06:58.618,1.1015,1.1018,3.20,53.10
2007.11.16 11:06:58.907,1.10155,1.1018,0.80,29.10
2007.11.16 11:06:59.197,1.1015,1.1018,3.20,29.10
2007.11.16 11:06:59.492,1.10155,1.1018,0.80,29.10
2007.11.16 11:06:59.743,1.10155,1.10175,0.80,1.60
2007.11.16 11:06:59.991,1.1015,1.10175,22.90,1.60
2007.11.16 11:07:00.240,1.1015,1.1018,36.00,12.00
2007.11.16 11:07:00.489,1.10155,1.1018,44.00,12.00
2007.11.16 11:07:00.738,1.1016,1.1018,0.90,4.00
2007.11.16 11:07:00.987,1.10165,1.1018,4.30,4.00
2007.11.16 11:07:01.285,1.1016,1.1017,6.40,1.60
2007.11.16 11:07:01.541,1.1015,1.1017,17.60,1.60
2007.11.16 11:07:01.765,1.1015,1.10175,16.00,9.60
2007.11.16 11:07:01.998,1.10155,1.10175,0.60,1.60
2007.11.16 11:07:02.216,1.1015,1.10175,22.50,1.60
2007.11.16 11:07:02.446,1.10155,1.10175,8.40,1.60
2007.11.16 11:07:02.663,1.1015,1.10175,26.50,1.60
2007.11.16 11:07:02.932,1.1015,1.10175,26.50,1.60
2007.11.16 11:07:03.185,1.10155,1.1017,9.40,1.60
2007.11.16 11:07:03.438,1.1015,1.1017,24.80,1.60
2007.11.16 11:07:03.692,1.10155,1.1017,9.80,1.60
2007.11.16 11:07:04.042,1.1015,1.10175,24.80,1.60
2007.11.16 11:07:04.356,1.1015,1.10175,26.70,1.60
2007.11.16 11:07:04.669,1.1015,1.10175,26.70,1.60
2007.11.16 11:07:05.034,1.10155,1.10175,7.40,1.60
2007.11.16 11:07:05.222,1.1015,1.10175,22.80,1.60
2007.11.16 11:07:05.422,1.10155,1.10175,7.90,1.60
2007.11.16 11:07:06.134,1.10155,1.10175,12.50,1.60
2007.11.16 11:07:07.438,1.1015,1.10175,26.80,1.60
2007.11.16 11:07:07.468,1.10155,1.10175,2.40,1.60
2007.11.16 11:07:07.699,1.10155,1.10175,2.30,1.60
2007.11.16 11:07:07.926,1.1015,1.10175,26.80,1.60
2007.11.16 11:07:08.155,1.10155,1.1018,7.00,4.00
2007.11.16 11:07:08.384,1.10165,1.1018,1.90,4.00
2007.11.16 11:07:08.612,1.10165,1.1018,1.90,4.00
2007.11.16 11:07:08.840,1.1016,1.1018,8.80,4.00
2007.11.16 11:07:09.143,1.10165,1.10175,2.50,1.60
2007.11.16 11:07:09.446,1.1016,1.10175,8.80,1.60
2007.11.16 11:07:09.750,1.1015,1.10175,26.60,1.60
2007.11.16 11:07:10.053,1.1015,1.10175,26.60,1.60
2007.11.16 11:07:10.256,1.10155,1.10175,2.40,1.60
2007.11.16 11:07:10.459,1.1015,1.10175,26.70,1.60
2007.11.16 11:07:11.415,1.1015,1.10175,26.70,1.60
2007.11.16 11:07:12.728,1.1015,1.10175,26.70,1.60
2007.11.16 11:07:14.021,1.10155,1.10175,1.60,1.60
2007.11.16 11:07:14.355,1.1015,1.10175,26.70,1.60
2007.11.16 11:07:14.560,1.10155,1.10175,8.30,1.60
2007.11.16 11:07:14.703,1.1015,1.10175,26.70,1.60
2007.11.16 11:07:14.881,1.1015,1.10175,26.70,1.60
2007.11.16 11:07:15.170,1.1015,1.10175,26.40,1.60
2007.11.16 11:07:15.459,1.10155,1.10175,11.40,1.60
2007.11.16 11:07:15.746,1.10155,1.10175,4.90,1.60
2007.11.16 11:07:16.117,1.10155,1.10175,9.90,1.60
2007.11.16 11:07:16.430,1.10155,1.10175,2.30,1.60
2007.11.16 11:07:16.654,1.1015,1.10175,26.40,1.60
2007.11.16 11:07:17.091,1.10155,1.1017,10.30,1.60
2007.11.16 11:07:17.345,1.1015,1.1017,20.00,1.60
2007.11.16 11:07:17.598,1.10155,1.1017,7.10,1.60
2007.11.16 11:07:17.852,1.1015,1.1017,20.00,1.60
2007.11.16 11:07:18.106,1.10155,1.10165,0.80,1.60
2007.11.16 11:07:18.399,1.10145,1.10165,54.10,1.60
2007.11.16 11:07:18.692,1.10145,1.10165,9.30,1.60
2007.11.16 11:07:18.986,1.10145,1.10165,2.30,1.60
2007.11.16 11:07:19.154,1.10145,1.10165,14.80,1.60
2007.11.16 11:07:19.495,1.10135,1.10165,120.00,1.60
2007.11.16 11:07:19.771,1.10135,1.10165,120.20,1.60
2007.11.16 11:07:19.940,1.10135,1.10165,120.30,1.60
2007.11.16 11:07:20.153,1.10135,1.10165,120.30,1.60
2007.11.16 11:07:20.683,1.10145,1.10165,10.40,1.60
2007.11.16 11:07:20.903,1.10145,1.10165,7.80,1.60
2007.11.16 11:07:21.111,1.10145,1.10165,5.80,1.60
2007.11.16 11:07:21.443,1.10135,1.10165,119.00,1.60
2007.11.16 11:07:21.839,1.10135,1.10165,111.90,1.60
2007.11.16 11:07:22.033,1.10145,1.10165,14.50,1.60
2007.11.16 11:07:22.166,1.10145,1.1017,14.50,4.00
2007.11.16 11:07:22.247,1.10155,1.10175,6.40,13.60
2007.11.16 11:07:22.463,1.10155,1.10175,7.20,13.60
2007.11.16 11:07:22.765,1.10155,1.1017,11.20,0.80
2007.11.16 11:07:23.416,1.10155,1.10175,11.20,13.60
2007.11.16 11:07:24.030,1.10155,1.1017,11.20,0.50
2007.11.16 11:07:24.188,1.10155,1.10175,10.40,0.70
2007.11.16 11:07:24.347,1.10155,1.10175,16.00,0.90
2007.11.16 11:07:24.505,1.10155,1.1018,16.00,6.40
2007.11.16 11:07:24.663,1.10155,1.1018,16.00,6.40
2007.11.16 11:07:24.823,1.10155,1.10175,10.40,9.60
2007.11.16 11:07:24.981,1.10155,1.1017,10.40,0.70
2007.11.16 11:07:25.142,1.10155,1.1018,10.40,46.30
2007.11.16 11:07:25.475,1.10145,1.10185,44.30,50.30
2007.11.16 11:07:25.938,1.10155,1.10165,0.80,0.90
2007.11.16 11:07:26.273,1.10145,1.1018,22.50,0.70
2007.11.16 11:07:26.437,1.10145,1.10185,22.50,74.30
2007.11.16 11:07:26.600,1.10145,1.10185,46.60,50.30
2007.11.16 11:07:26.764,1.10155,1.10185,0.80,50.30
2007.11.16 11:07:26.928,1.10155,1.10185,0.80,50.30
2007.11.16 11:07:27.110,1.10155,1.10185,0.80,50.30
2007.11.16 11:07:27.345,1.10155,1.10185,0.80,50.30
2007.11.16 11:07:27.578,1.10155,1.10185,0.80,50.30
2007.11.16 11:07:28.080,1.10155,1.1018,0.80,0.80
2007.11.16 11:07:28.343,1.10155,1.10185,12.00,39.90
2007.11.16 11:07:28.607,1.10165,1.1018,4.00,4.00
2007.11.16 11:07:28.869,1.10155,1.1018,40.00,15.20
2007.11.16 11:07:29.139,1.10155,1.1018,16.00,15.20
2007.11.16 11:07:29.301,1.10155,1.10175,16.00,0.70
2007.11.16 11:07:29.470,1.10155,1.1018,16.00,15.20
2007.11.16 11:07:29.901,1.10155,1.1018,16.00,15.20
2007.11.16 11:07:30.107,1.10155,1.1018,16.00,15.20
2007.11.16 11:07:30.415,1.10155,1.1018,16.00,15.20
2007.11.16 11:07:30.936,1.10155,1.1018,16.00,15.20
2007.11.16 11:07:31.209,1.10155,1.1018,16.00,15.20
2007.11.16 11:07:31.374,1.10155,1.10175,8.00,12.00
2007.11.16 11:07:32.102,1.10155,1.1017,8.00,0.60
2007.11.16 11:07:32.266,1.10155,1.10175,12.00,0.70
2007.11.16 11:07:32.529,1.10155,1.1018,16.00,15.20
2007.11.16 11:07:32.792,1.10155,1.1018,16.00,15.20
2007.11.16 11:07:33.056,1.10155,1.10175,16.00,0.70
2007.11.16 11:07:33.318,1.10155,1.10175,16.00,0.60
2007.11.16 11:07:33.636,1.10155,1.10175,16.00,0.60
2007.11.16 11:07:33.955,1.10155,1.1018,16.00,15.20
2007.11.16 11:07:34.272,1.10155,1.1018,16.00,15.20
2007.11.16 11:07:36.950,1.10155,1.1018,16.00,15.20
2007.11.16 11:07:37.158,1.10155,1.1018,16.00,15.20
2007.11.16 11:07:37.371,1.10155,1.10175,16.00,0.60
2007.11.16 11:07:37.857,1.10155,1.1018,16.00,15.20
2007.11.16 11:07:39.179,1.10155,1.1018,16.00,15.20
2007.11.16 11:07:39.417,1.10155,1.10175,16.00,0.90
2007.11.16 11:07:39.904,1.10155,1.1018,16.00,15.20
2007.11.16 11:07:40.137,1.10155,1.1018,16.00,15.20
2007.11.16 11:07:40.427,1.10155,1.1018,16.00,15.20
2007.11.16 11:07:42.888,1.10155,1.1018,16.00,15.20
2007.11.16 11:07:47.164,1.10155,1.1018,16.00,15.20
2007.11.16 11:07:47.641,1.10155,1.10175,16.80,0.80
2007.11.16 11:07:47.799,1.10155,1.10175,17.60,0.70
2007.11.16 11:07:48.042,1.10155,1.1018,20.80,12.80
2007.11.16 11:07:48.285,1.10155,1.1018,20.80,4.80
2007.11.16 11:07:48.528,1.10155,1.1018,24.80,4.80
2007.11.16 11:07:49.411,1.10155,1.10175,24.80,0.50
2007.11.16 11:07:52.088,1.10155,1.10175,24.80,1.60
2007.11.16 11:07:52.410,1.10155,1.10175,24.80,1.60
2007.11.16 11:07:52.721,1.10155,1.10175,24.80,1.60
2007.11.16 11:07:52.919,1.10155,1.10175,25.60,1.60
2007.11.16 11:07:53.102,1.10155,1.1018,25.60,12.00
2007.11.16 11:07:53.436,1.10165,1.1018,4.00,4.00
2007.11.16 11:07:53.768,1.10165,1.1018,8.00,4.00
2007.11.16 11:07:54.161,1.10165,1.1018,8.00,4.00
2007.11.16 11:07:54.373,1.10165,1.1018,8.00,4.00
2007.11.16 11:07:54.889,1.10165,1.1018,8.00,4.00
2007.11.16 11:07:55.036,1.10165,1.1018,8.00,4.80
2007.11.16 11:07:55.184,1.10165,1.10175,8.00,1.60
2007.11.16 11:07:55.473,1.10155,1.10175,44.00,1.60
2007.11.16 11:07:55.766,1.10155,1.10175,20.80,1.60
2007.11.16 11:07:56.055,1.10155,1.10175,22.40,1.60
2007.11.16 11:07:56.349,1.10155,1.10175,22.40,1.60
2007.11.16 11:07:56.552,1.10155,1.10175,22.40,1.60
2007.11.16 11:07:56.930,1.10155,1.10175,22.40,1.60
2007.11.16 11:07:57.135,1.10155,1.10175,22.40,1.60
2007.11.16 11:07:57.339,1.10155,1.10175,22.40,1.60
2007.11.16 11:07:57.611,1.10155,1.10175,22.50,1.60
2007.11.16 11:07:57.867,1.10155,1.10175,22.50,1.60
2007.11.16 11:07:58.130,1.10155,1.10175,24.90,1.60
2007.11.16 11:07:58.393,1.10155,1.10175,24.90,1.60
2007.11.16 11:07:58.447,1.10155,1.10175,11.70,1.60
2007.11.16 11:07:58.671,1.10155,1.1018,2.80,4.00
2007.11.16 11:07:58.950,1.1016,1.1018,8.80,4.00
2007.11.16 11:07:59.228,1.1016,1.10175,8.80,1.60
2007.11.16 11:07:59.507,1.10155,1.10175,10.10,1.60
2007.11.16 11:08:00.136,1.10145,1.10175,130.20,1.60
2007.11.16 11:08:01.154,1.10155,1.1018,2.80,4.00
2007.11.16 11:08:01.323,1.10165,1.1018,1.40,4.00
2007.11.16 11:08:01.491,1.10165,1.1018,2.20,4.00
2007.11.16 11:08:01.759,1.1016,1.10175,0.80,1.60
2007.11.16 11:08:02.028,1.10145,1.10175,119.20,1.60
2007.11.16 11:08:02.295,1.10155,1.10175,3.90,1.60
2007.11.16 11:08:02.934,1.10145,1.10175,119.20,1.60
2007.11.16 11:08:03.147,1.10145,1.10175,119.20,1.60
2007.11.16 11:08:03.353,1.10155,1.10175,10.20,1.60
2007.11.16 11:08:07.954,1.10145,1.10175,131.20,1.60
2007.11.16 11:08:08.178,1.10155,1.1017,4.20,1.60
2007.11.16 11:08:08.400,1.1015,1.1017,25.00,1.60
2007.11.16 11:08:08.623,1.1015,1.1017,23.30,1.60
2007.11.16 11:08:08.846,1.1015,1.1017,23.40,1.60
2007.11.16 11:08:09.090,1.1015,1.1017,23.50,1.60
2007.11.16 11:08:09.344,1.1015,1.10175,25.10,1.60
2007.11.16 11:08:09.602,1.10155,1.10175,6.60,1.60
2007.11.16 11:08:09.856,1.1015,1.10175,25.10,1.60
2007.11.16 11:08:10.129,1.1015,1.10175,25.20,1.60
2007.11.16 11:08:10.417,1.10145,1.10175,131.10,1.60
2007.11.16 11:08:13.051,1.10155,1.10175,7.90,1.60
2007.11.16 11:08:13.773,1.10145,1.10175,131.30,1.60
2007.11.16 11:08:14.057,1.10155,1.10175,11.00,1.60
2007.11.16 11:08:14.341,1.10145,1.10175,135.80,1.60
2007.11.16 11:08:14.489,1.10145,1.10175,131.80,1.60
2007.11.16 11:08:15.244,1.10145,1.10175,131.80,1.60
2007.11.16 11:08:15.609,1.10145,1.10175,131.80,1.60
2007.11.16 11:08:16.414,1.10145,1.10175,131.80,1.60
2007.11.16 11:08:18.085,1.10155,1.10175,7.40,1.60
2007.11.16 11:08:18.280,1.10155,1.1017,6.60,1.60
2007.11.16 11:08:18.475,1.10155,1.1017,4.90,1.60
2007.11.16 11:08:18.777,1.10155,1.1017,1.20,1.60
2007.11.16 11:08:19.080,1.10155,1.1017,5.60,1.60
2007.11.16 11:08:19.383,1.1015,1.1017,18.60,1.60
2007.11.16 11:08:19.686,1.10155,1.1017,6.80,1.60
2007.11.16 11:08:20.120,1.10155,1.10175,5.20,13.60
2007.11.16 11:08:20.278,1.1015,1.10175,18.60,9.60
2007.11.16 11:08:20.438,1.10155,1.10175,5.60,1.60
2007.11.16 11:08:20.597,1.10155,1.10175,7.40,1.60
2007.11.16 11:08:20.870,1.10155,1.10175,3.50,1.60
2007.11.16 11:08:21.143,1.1015,1.10175,25.30,1.60
2007.11.16 11:08:21.416,1.10155,1.10175,8.00,1.60
2007.11.16 11:08:21.689,1.10155,1.10175,13.70,1.60
2007.11.16 11:08:22.146,1.10155,1.10175,6.30,1.60
2007.11.16 11:08:22.358,1.10155,1.10175,1.00,1.60
2007.11.16 11:08:22.594,1.10145,1.1017,119.10,1.60
2007.11.16 11:08:22.813,1.10145,1.1017,102.40,1.60
2007.11.16 11:08:23.031,1.1015,1.1017,18.70,1.60
2007.11.16 11:08:23.252,1.1015,1.1017,14.50,1.60
2007.11.16 11:08:23.469,1.10155,1.1017,4.90,1.60
2007.11.16 11:08:23.703,1.10155,1.1017,2.00,1.60
2007.11.16 11:08:24.026,1.1015,1.1017,16.20,1.60
2007.11.16 11:08:24.350,1.10155,1.10175,0.70,1.60
2007.11.16 11:08:24.674,1.10155,1.10175,8.60,1.60
2007.11.16 11:08:24.865,1.10155,1.10175,7.60,1.60
2007.11.16 11:08:25.052,1.1015,1.10175,22.40,1.60
2007.11.16 11:08:25.241,1.10155,1.1018,6.60,24.10
2007.11.16 11:08:25.429,1.10155,1.1018,0.50,38.30
2007.11.16 11:08:25.688,1.10155,1.1018,1.20,38.30
2007.11.16 11:08:25.980,1.10155,1.10175,10.80,1.60
2007.11.16 11:08:26.274,1.10155,1.10175,14.80,1.60
2007.11.16 11:08:26.567,1.10155,1.10175,18.80,1.60
2007.11.16 11:08:26.861,1.10155,1.10175,18.80,1.60
2007.11.16 11:08:27.080,1.10155,1.10175,18.80,1.60
2007.11.16 11:08:27.297,1.10155,1.10175,25.20,1.60
2007.11.16 11:08:27.576,1.10155,1.10175,25.20,1.60
2007.11.16 11:08:27.795,1.10155,1.1017,17.20,4.00
2007.11.16 11:08:28.033,1.10155,1.1017,11.10,4.00
2007.11.16 11:08:28.260,1.10155,1.1017,13.50,1.60
2007.11.16 11:08:28.487,1.10155,1.1017,13.50,1.60
2007.11.16 11:08:28.717,1.10155,1.1017,13.50,1.60
2007.11.16 11:08:29.005,1.10155,1.1017,13.50,1.60
2007.11.16 11:08:29.300,1.10155,1.10175,15.70,1.60
2007.11.16 11:08:29.582,1.10155,1.10175,20.20,1.60
2007.11.16 11:08:29.871,1.10155,1.10175,20.20,1.60
2007.11.16 11:08:30.109,1.10155,1.10175,20.30,1.60
2007.11.16 11:08:30.347,1.10155,1.10175,20.30,1.60
2007.11.16 11:08:30.586,1.10155,1.10175,24.30,1.60
2007.11.16 11:08:31.168,1.10155,1.10175,24.20,1.60
2007.11.16 11:08:31.400,1.10155,1.10175,24.20,1.60
2007.11.16 11:08:32.434,1.10155,1.10175,24.20,1.60
2007.11.16 11:08:33.016,1.10155,1.10175,24.20,1.60
2007.11.16 11:08:33.272,1.10155,1.10175,24.20,1.60
2007.11.16 11:08:33.734,1.10155,1.1018,24.20,4.00
2007.11.16 11:08:34.205,1.10155,1.10175,24.20,0.50
2007.11.16 11:08:36.178,1.10155,1.1018,24.20,4.00
2007.11.16 11:08:36.246,1.10155,1.1017,22.70,0.90
2007.11.16 11:08:36.347,1.10155,1.1017,18.20,0.90
2007.11.16 11:08:36.401,1.10155,1.10175,17.70,9.60
2007.11.16 11:08:36.466,1.10155,1.1017,17.60,0.90
2007.11.16 11:08:36.764,1.10155,1.1017,17.60,0.50
2007.11.16 11:08:37.097,1.10155,1.10175,17.40,13.60
2007.11.16 11:08:37.432,1.10155,1.10175,13.40,13.60
2007.11.16 11:08:37.764,1.10155,1.10175,13.40,13.60
2007.11.16 11:08:37.918,1.10155,1.10175,11.00,13.60
2007.11.16 11:08:38.171,1.10155,1.1017,11.00,0.90
2007.11.16 11:08:38.322,1.10155,1.1017,11.00,0.50
2007.11.16 11:08:38.476,1.10155,1.10175,11.00,13.60
2007.11.16 11:08:38.628,1.10155,1.10175,11.00,13.60
2007.11.16 11:08:38.962,1.1015,1.10165,4.00,0.60
2007.11.16 11:08:39.295,1.1015,1.1017,4.00,8.00
2007.11.16 11:08:39.627,1.10145,1.1017,21.30,8.00
2007.11.16 11:08:39.929,1.10145,1.1017,21.30,8.00
2007.11.16 11:08:40.103,1.10145,1.1017,21.70,8.00
2007.11.16 11:08:40.275,1.10145,1.10165,21.80,0.70
2007.11.16 11:08:40.448,1.10145,1.1017,21.70,8.00
2007.11.16 11:08:41.012,1.10145,1.1017,21.70,4.00
2007.11.16 11:08:41.281,1.10145,1.1017,21.70,4.00
2007.11.16 11:08:41.550,1.10145,1.10165,21.70,0.70
2007.11.16 11:08:43.130,1.10145,1.1017,21.70,4.00
2007.11.16 11:08:43.453,1.10145,1.10165,21.70,0.80
2007.11.16 11:08:44.167,1.10145,1.1017,21.70,4.00
2007.11.16 11:08:44.460,1.10145,1.1017,21.80,4.00
2007.11.16 11:08:44.753,1.10145,1.1017,21.70,4.00
2007.11.16 11:08:45.054,1.10145,1.1017,21.70,4.00
2007.11.16 11:08:45.268,1.10145,1.10165,21.70,0.60
2007.11.16 11:08:47.063,1.10145,1.1017,21.70,4.00
2007.11.16 11:08:48.233,1.10145,1.1017,21.70,4.00
2007.11.16 11:08:51.080,1.10145,1.10165,21.80,0.80
2007.11.16 11:08:51.788,1.10145,1.1017,21.70,4.00
2007.11.16 11:08:52.108,1.10145,1.1017,21.80,4.00
2007.11.16 11:08:52.376,1.10145,1.10165,21.70,0.80
2007.11.16 11:08:52.580,1.10145,1.10165,21.80,0.80
2007.11.16 11:08:53.059,1.10145,1.1017,21.70,4.00
2007.11.16 11:08:53.263,1.10145,1.1017,21.80,4.00
2007.11.16 11:08:55.015,1.10145,1.10165,21.70,0.70
2007.11.16 11:08:55.181,1.10145,1.1017,21.70,4.00
2007.11.16 11:08:55.395,1.10145,1.10165,21.70,0.80
2007.11.16 11:08:55.729,1.10145,1.10165,21.70,9.60
2007.11.16 11:08:56.069,1.10145,1.1016,15.60,0.60
2007.11.16 11:08:56.396,1.10145,1.1016,15.60,0.60
2007.11.16 11:08:56.730,1.10145,1.10165,11.60,17.60
2007.11.16 11:08:57.157,1.10145,1.1016,11.60,0.90
2007.11.16 11:08:57.341,1.1014,1.1016,0.50,4.00
2007.11.16 11:08:57.525,1.10135,1.10155,32.60,0.90
2007.11.16 11:08:57.818,1.10135,1.10155,28.60,0.80
2007.11.16 11:08:58.219,1.10135,1.10155,28.60,0.80
2007.11.16 11:08:58.512,1.10135,1.1016,28.60,4.00
2007.11.16 11:08:58.781,1.10135,1.1016,28.60,4.00
2007.11.16 11:08:59.062,1.10135,1.10155,28.40,0.70
2007.11.16 11:08:59.331,1.10135,1.1016,28.40,4.00
2007.11.16 11:08:59.600,1.10135,1.1016,28.40,4.00
2007.11.16 11:09:01.111,1.10135,1.10155,28.40,1.60
2007.11.16 11:09:01.430,1.10135,1.10155,28.40,1.60
2007.11.16 11:09:03.320,1.10135,1.10155,28.40,1.60
2007.11.16 11:09:05.169,1.10135,1.10155,28.40,1.60
2007.11.16 11:09:07.128,1.10135,1.10155,28.40,1.60
2007.11.16 11:09:07.426,1.10135,1.10155,28.40,1.60
2007.11.16 11:09:08.149,1.10135,1.10155,28.40,1.60
2007.11.16 11:09:09.168,1.10135,1.10155,28.40,1.60
2007.11.16 11:09:09.392,1.10135,1.10155,28.40,1.60
2007.11.16 11:09:10.159,1.10135,1.10155,28.40,1.60
2007.11.16 11:09:10.359,1.10135,1.10155,28.40,1.60
2007.11.16 11:09:10.673,1.10135,1.10155,28.40,1.60
2007.11.16 11:09:10.860,1.10135,1.10155,27.90,1.60
2007.11.16 11:09:11.049,1.10135,1.10155,27.90,1.60
2007.11.16 11:09:11.277,1.10135,1.10155,27.90,1.60
2007.11.16 11:09:11.505,1.10135,1.10155,27.90,1.60
2007.11.16 11:09:11.733,1.10135,1.10155,28.40,1.60
2007.11.16 11:09:12.129,1.10135,1.10155,28.50,1.60
2007.11.16 11:09:12.372,1.10135,1.10155,28.50,1.60
2007.11.16 11:09:13.171,1.10135,1.10155,28.50,1.60
2007.11.16 11:09:13.399,1.10135,1.10155,27.90,1.60
2007.11.16 11:09:13.789,1.10135,1.10155,28.40,1.60
2007.11.16 11:09:14.017,1.10135,1.10155,28.40,1.60
2007.11.16 11:09:14.330,1.10135,1.10155,28.40,1.60
2007.11.16 11:09:14.644,1.10135,1.10155,28.50,1.60
2007.11.16 11:09:14.957,1.10135,1.10155,28.50,1.60
2007.11.16 11:09:15.269,1.10135,1.10155,28.50,1.60
2007.11.16 11:09:16.065,1.10135,1.10155,28.50,1.60
2007.11.16 11:09:16.298,1.10135,1.10155,28.50,1.60
2007.11.16 11:09:16.540,1.10135,1.10155,28.50,1.60
2007.11.16 11:09:16.910,1.10135,1.10155,28.50,1.60
2007.11.16 11:09:17.153,1.10135,1.10155,28.50,1.60
2007.11.16 11:09:17.392,1.10135,1.10155,28.50,1.60
2007.11.16 11:09:18.316,1.10135,1.10155,28.00,1.60
2007.11.16 11:09:18.504,1.10135,1.10155,26.80,1.60
2007.11.16 11:09:18.695,1.10135,1.10155,22.80,1.60
2007.11.16 11:09:19.045,1.10135,1.10155,22.80,1.60
2007.11.16 11:09:19.234,1.10135,1.1016,12.70,8.00
2007.11.16 11:09:19.568,1.10135,1.1016,2.30,23.90
2007.11.16 11:09:19.959,1.10135,1.1016,2.30,23.90
2007.11.16 11:09:20.293,1.10135,1.1016,2.30,23.90
2007.11.16 11:09:20.496,1.10135,1.1016,2.30,23.90
2007.11.16 11:09:20.977,1.10135,1.1016,2.30,23.90
2007.11.16 11:09:21.124,1.10135,1.1016,1.20,23.90
2007.11.16 11:09:23.418,1.10135,1.1016,0.60,23.90
2007.11.16 11:09:25.627,1.10125,1.10155,74.30,1.60
2007.11.16 11:09:25.755,1.10125,1.10155,91.80,1.60
2007.11.16 11:09:25.883,1.10125,1.10155,97.30,1.60
2007.11.16 11:09:26.011,1.10125,1.10155,97.30,1.60
2007.11.16 11:09:26.141,1.10135,1.10155,8.90,1.60
2007.11.16 11:09:26.322,1.10125,1.10155,105.90,1.60
2007.11.16 11:09:26.656,1.10125,1.10155,105.90,1.60
2007.11.16 11:09:26.998,1.10135,1.10155,0.60,1.60
2007.11.16 11:09:27.332,1.10125,1.10155,114.40,1.60
2007.11.16 11:09:27.554,1.10125,1.10155,114.40,1.60
2007.11.16 11:09:27.770,1.10125,1.10155,114.40,1.60
2007.11.16 11:09:27.990,1.10135,1.10155,1.20,1.60
2007.11.16 11:09:28.207,1.10135,1.10155,13.80,1.60
2007.11.16 11:09:28.426,1.10125,1.10155,114.40,1.60
2007.11.16 11:09:28.735,1.1013,1.10155,38.80,1.60
2007.11.16 11:09:29.043,1.1013,1.10155,30.80,1.60
2007.11.16 11:09:29.351,1.10135,1.10155,1.40,1.60
2007.11.16 11:09:29.610,1.1013,1.10155,30.80,1.60
2007.11.16 11:09:29.868,1.1013,1.10155,30.80,1.60
2007.11.16 11:09:30.127,1.10135,1.10155,6.80,1.60
2007.11.16 11:09:30.385,1.1013,1.10155,30.80,1.60
2007.11.16 11:09:30.650,1.1013,1.10155,30.80,1.60
2007.11.16 11:09:31.156,1.10135,1.10155,8.50,1.60
2007.11.16 11:09:31.468,1.1013,1.10155,30.80,1.60
2007.11.16 11:09:32.193,1.10135,1.10155,2.00,1.60
2007.11.16 11:09:32.436,1.10135,1.10155,2.60,1.60
2007.11.16 11:09:33.133,1.1013,1.10155,30.80,1.60
2007.11.16 11:09:33.473,1.1013,1.10155,30.80,1.60
2007.11.16 11:09:35.205,1.1013,1.10155,30.80,1.60
2007.11.16 11:09:35.408,1.1013,1.10155,30.80,1.60
2007.11.16 11:09:35.917,1.1013,1.10155,30.80,1.60
2007.11.16 11:09:36.185,1.10125,1.1015,110.70,1.60
2007.11.16 11:09:36.455,1.10135,1.1015,1.70,1.60
2007.11.16 11:09:36.723,1.10125,1.1015,107.80,1.60
2007.11.16 11:09:36.992,1.10125,1.1015,107.80,1.60
2007.11.16 11:09:37.215,1.10135,1.1015,3.90,1.60
2007.11.16 11:09:37.529,1.10135,1.1015,2.30,1.60
2007.11.16 11:09:37.752,1.10125,1.1015,107.30,1.60
2007.11.16 11:09:37.998,1.10135,1.1015,3.70,1.60
2007.11.16 11:09:38.414,1.1013,1.1015,19.70,1.60
2007.11.16 11:09:38.621,1.1013,1.10155,19.70,9.60
2007.11.16 11:09:38.830,1.1013,1.10155,21.30,1.60
2007.11.16 11:09:39.163,1.10135,1.1016,8.30,8.80
2007.11.16 11:09:39.497,1.10135,1.1016,37.00,4.00
2007.11.16 11:09:39.830,1.10145,1.1016,5.30,4.00
2007.11.16 11:09:40.000,1.10145,1.1016,4.60,4.00
2007.11.16 11:09:40.172,1.10135,1.1016,45.00,4.00
2007.11.16 11:09:40.339,1.10135,1.1016,73.50,3.60
2007.11.16 11:09:40.508,1.10135,1.1016,73.50,3.60
2007.11.16 11:09:40.809,1.10145,1.1016,2.80,3.60
2007.11.16 11:09:41.097,1.10145,1.1016,0.90,3.60
2007.11.16 11:09:41.386,1.10145,1.1016,6.20,3.60
2007.11.16 11:09:41.674,1.10135,1.1016,85.80,3.60
2007.11.16 11:09:42.155,1.10145,1.1016,4.50,3.60
2007.11.16 11:09:42.363,1.10145,1.1016,3.40,1.60
2007.11.16 11:09:42.571,1.1014,1.1016,19.20,1.60
2007.11.16 11:09:42.823,1.10145,1.1016,2.80,4.00
2007.11.16 11:09:43.032,1.1014,1.1016,16.80,4.00
2007.11.16 11:09:43.324,1.1014,1.1016,16.80,4.00
2007.11.16 11:09:43.697,1.10145,1.1016,3.00,4.00
2007.11.16 11:09:43.991,1.1014,1.1016,16.80,4.00
2007.11.16 11:09:44.249,1.1014,1.1016,16.90,4.00
2007.11.16 11:09:44.509,1.1014,1.1016,16.90,4.00
2007.11.16 11:09:44.768,1.1014,1.1016,16.90,4.00
2007.11.16 11:09:45.025,1.1014,1.1016,16.90,4.00
2007.11.16 11:09:45.250,1.1014,1.1016,16.90,4.00
2007.11.16 11:09:45.473,1.10145,1.1016,5.90,4.00
2007.11.16 11:09:45.696,1.10145,1.1016,6.50,4.00
2007.11.16 11:09:45.919,1.10145,1.1016,1.90,4.00
2007.11.16 11:09:46.142,1.10145,1.1016,0.60,4.00
2007.11.16 11:09:46.431,1.1014,1.1016,18.20,4.00
2007.11.16 11:09:46.720,1.10145,1.1016,4.80,2.40
2007.11.16 11:09:47.008,1.1014,1.10165,27.50,1.60
2007.11.16 11:09:47.192,1.1014,1.10165,27.30,1.60
2007.11.16 11:09:47.480,1.1014,1.10165,27.30,1.60
2007.11.16 11:09:47.654,1.10145,1.1017,3.90,6.40
2007.11.16 11:09:47.839,1.10145,1.1017,37.30,6.40
2007.11.16 11:09:48.023,1.10155,1.10175,10.40,1.60
2007.11.16 11:09:48.318,1.10155,1.10175,6.90,1.60
2007.11.16 11:09:48.606,1.10155,1.10175,11.80,1.60
2007.11.16 11:09:48.894,1.10155,1.10175,7.40,1.60
2007.11.16 11:09:49.183,1.10145,1.1018,112.50,8.00
2007.11.16 11:09:49.467,1.10165,1.1018,1.70,4.00
2007.11.16 11:09:49.865,1.1016,1.1018,12.50,4.00
2007.11.16 11:09:50.179,1.10165,1.1018,2.50,4.00
2007.11.16 11:09:50.901,1.10165,1.1018,12.00,4.00
2007.11.16 11:09:51.060,1.10165,1.1018,12.00,2.40
2007.11.16 11:09:51.219,1.10165,1.1018,13.60,2.40
2007.11.16 11:09:51.533,1.10165,1.102,54.80,32.40
2007.11.16 11:09:51.847,1.10165,1.102,54.80,32.40
2007.11.16 11:09:52.160,1.10165,1.102,54.80,32.40
2007.11.16 11:09:52.474,1.10165,1.102,58.80,32.40
2007.11.16 11:09:52.679,1.10175,1.102,0.50,32.40
2007.11.16 11:09:53.084,1.10175,1.10185,0.50,1.60
2007.11.16 11:09:53.282,1.10175,1.10185,0.50,1.60
2007.11.16 11:09:53.530,1.10175,1.10185,0.50,1.60
2007.11.16 11:09:53.779,1.10175,1.10185,0.50,1.60
2007.11.16 11:09:54.100,1.10175,1.10185,0.50,1.60
2007.11.16 11:09:56.180,1.10175,1.10185,0.50,1.60
2007.11.16 11:09:56.305,1.10165,1.10185,27.70,1.60
2007.11.16 11:09:57.034,1.10165,1.1019,27.70,14.40
2007.11.16 11:09:57.333,1.10175,1.102,0.50,64.40
2007.11.16 11:09:57.586,1.10175,1.102,0.50,40.40
2007.11.16 11:09:57.839,1.10175,1.102,0.50,40.40
2007.11.16 11:09:58.183,1.10175,1.102,0.50,40.40
2007.11.16 11:09:58.598,1.10175,1.102,0.50,40.40
2007.11.16 11:09:58.840,1.10175,1.102,0.50,40.40
2007.11.16 11:09:59.083,1.10175,1.102,0.50,40.40
2007.11.16 11:09:59.326,1.10175,1.102,0.50,40.40
2007.11.16 11:09:59.622,1.10175,1.102,0.50,40.40
2007.11.16 11:10:00.148,1.10175,1.102,0.50,40.40
2007.11.16 11:10:00.733,1.10175,1.102,0.80,40.40
2007.11.16 11:10:00.911,1.10175,1.102,0.80,40.40
2007.11.16 11:10:01.090,1.10175,1.102,0.80,40.40
2007.11.16 11:10:01.268,1.10175,1.102,0.80,40.40
2007.11.16 11:10:01.446,1.10175,1.102,0.80,36.40
2007.11.16 11:10:01.913,1.10175,1.102,0.80,36.40
2007.11.16 11:10:02.345,1.10175,1.102,0.80,36.40
2007.11.16 11:10:02.648,1.10175,1.102,0.80,36.40
2007.11.16 11:10:02.802,1.10175,1.102,0.80,36.40
2007.11.16 11:10:03.189,1.10175,1.102,0.80,36.40
2007.11.16 11:10:03.343,1.10175,1.102,0.80,36.40
2007.11.16 11:10:03.629,1.10175,1.102,0.80,36.40
2007.11.16 11:10:03.997,1.10175,1.102,0.80,36.40
2007.11.16 11:10:04.324,1.10175,1.102,0.80,36.40
2007.11.16 11:10:04.429,1.10175,1.102,0.80,0.70
2007.11.16 11:10:05.152,1.10175,1.10205,0.80,44.40
2007.11.16 11:10:05.401,1.10175,1.102,0.80,0.90
2007.11.16 11:10:05.649,1.10175,1.102,0.80,0.60
2007.11.16 11:10:05.893,1.10175,1.102,0.80,0.90
2007.11.16 11:10:06.136,1.10175,1.10205,0.80,44.40
2007.11.16 11:10:06.379,1.10175,1.102,0.80,0.60
2007.11.16 11:10:06.623,1.10175,1.10205,0.80,44.30
2007.11.16 11:10:06.877,1.10175,1.10195,17.60,0.70
2007.11.16 11:10:07.132,1.10175,1.10195,18.40,0.50
2007.11.16 11:10:07.385,1.10175,1.10195,20.80,0.50
2007.11.16 11:10:07.638,1.10175,1.102,20.00,4.00
2007.11.16 11:10:07.967,1.10175,1.10195,20.00,0.90
2007.11.16 11:10:08.190,1.10175,1.10195,20.00,0.80
2007.11.16 11:10:08.566,1.10175,1.102,20.00,4.00
2007.11.16 11:10:08.790,1.10175,1.102,20.00,4.00
2007.11.16 11:10:09.063,1.10175,1.102,20.00,4.00
2007.11.16 11:10:09.317,1.10175,1.10195,20.00,0.90
2007.11.16 11:10:09.570,1.10175,1.102,20.00,4.00
2007.11.16 11:10:10.949,1.10175,1.10195,20.00,0.70
2007.11.16 11:10:11.155,1.10175,1.102,20.00,4.00
2007.11.16 11:10:11.465,1.10175,1.10195,20.00,0.90
2007.11.16 11:10:11.696,1.10175,1.102,20.00,12.00
2007.11.16 11:10:11.894,1.10175,1.10195,20.00,0.70
2007.11.16 11:10:12.199,1.10175,1.10195,20.00,0.90
2007.11.16 11:10:12.677,1.10175,1.102,20.00,12.00
2007.11.16 11:10:12.946,1.10175,1.10195,18.40,5.60
2007.11.16 11:10:13.189,1.10175,1.10195,18.40,5.60
2007.11.16 11:10:13.433,1.10175,1.1019,18.40,0.90
2007.11.16 11:10:13.684,1.10175,1.1019,19.20,0.70
2007.11.16 11:10:13.928,1.10175,1.1019,15.20,0.50
2007.11.16 11:10:14.173,1.10175,1.102,15.20,39.60
2007.11.16 11:10:14.540,1.10175,1.102,16.80,31.60
2007.11.16 11:10:14.874,1.10175,1.102,22.40,12.00
2007.11.16 11:10:15.208,1.10175,1.102,20.80,12.00
2007.11.16 11:10:15.407,1.10175,1.102,20.00,4.00
2007.11.16 11:10:15.604,1.10175,1.10195,20.00,0.90
2007.11.16 11:10:15.804,1.10175,1.102,20.00,12.00
2007.11.16 11:10:16.002,1.10175,1.102,20.00,12.00
2007.11.16 11:10:16.247,1.10175,1.10195,20.00,0.60
2007.11.16 11:10:16.485,1.10175,1.102,20.00,12.00
2007.11.16 11:10:16.723,1.10175,1.10195,20.00,0.90
2007.11.16 11:10:16.962,1.10175,1.102,20.00,12.00
2007.11.16 11:10:17.214,1.10175,1.10195,20.00,0.90
2007.11.16 11:10:17.751,1.10175,1.10195,20.00,0.80
2007.11.16 11:10:17.979,1.10175,1.10195,20.00,0.50
2007.11.16 11:10:18.182,1.10175,1.102,20.00,12.00
2007.11.16 11:10:18.704,1.10175,1.10195,20.00,0.80
2007.11.16 11:10:19.685,1.10175,1.10195,20.00,0.80
2007.11.16 11:10:20.175,1.10175,1.102,20.00,4.00
2007.11.16 11:10:20.388,1.10175,1.102,20.00,4.00
2007.11.16 11:10:20.712,1.10175,1.10195,20.00,0.60
2007.11.16 11:10:21.147,1.10175,1.102,20.00,4.00
2007.11.16 11:10:21.664,1.10175,1.10195,20.00,0.90
2007.11.16 11:10:21.929,1.10175,1.10195,20.00,0.60
2007.11.16 11:10:22.192,1.10175,1.10195,20.00,0.70
2007.11.16 11:10:23.740,1.10175,1.102,20.00,12.00
2007.11.16 11:10:25.167,1.10175,1.10195,20.00,0.70
2007.11.16 11:10:25.450,1.10175,1.102,20.00,4.00
2007.11.16 11:10:25.638,1.10175,1.102,20.00,4.00
2007.11.16 11:10:26.203,1.10175,1.102,20.00,4.00
2007.11.16 11:10:26.416,1.10175,1.102,20.00,4.00
2007.11.16 11:10:27.173,1.10175,1.10195,20.00,0.90
2007.11.16 11:10:27.471,1.10175,1.10195,20.00,0.50
2007.11.16 11:10:27.896,1.10175,1.102,20.00,4.00
2007.11.16 11:10:28.099,1.10175,1.10195,20.00,0.80
2007.11.16 11:10:28.302,1.10175,1.10195,20.00,0.50
2007.11.16 11:10:28.506,1.10175,1.102,20.00,4.00
2007.11.16 11:10:28.816,1.10175,1.102,20.00,12.00
2007.11.16 11:10:29.124,1.10175,1.102,20.00,12.00
2007.11.16 11:10:29.433,1.10175,1.10195,20.00,0.50
2007.11.16 11:10:29.742,1.10175,1.10195,20.00,0.50
2007.11.16 11:10:30.170,1.10175,1.102,20.00,4.00
2007.11.16 11:10:30.467,1.10175,1.10195,20.00,0.90
2007.11.16 11:10:31.125,1.10175,1.10195,20.80,0.80
2007.11.16 11:10:31.319,1.10175,1.10195,22.40,0.80
2007.11.16 11:10:31.513,1.10175,1.10195,22.40,0.80
2007.11.16 11:10:32.469,1.10175,1.10195,22.40,1.60
2007.11.16 11:10:32.694,1.10175,1.10195,22.40,1.60
2007.11.16 11:10:33.035,1.10175,1.102,22.40,4.00
2007.11.16 11:10:33.245,1.10185,1.102,6.90,1.60
2007.11.16 11:10:33.454,1.10185,1.102,11.00,1.60
2007.11.16 11:10:33.664,1.10185,1.1019,10.70,1.60
2007.11.16 11:10:33.902,1.10175,1.1019,40.80,1.60
2007.11.16 11:10:34.148,1.10175,1.1019,16.80,1.60
2007.11.16 11:10:34.386,1.10175,1.102,16.00,14.40
2007.11.16 11:10:34.625,1.10185,1.102,2.00,6.40
2007.11.16 11:10:34.942,1.10185,1.102,2.00,6.40
2007.11.16 11:10:35.261,1.10185,1.102,2.00,4.00
2007.11.16 11:10:35.579,1.10185,1.102,2.20,4.00
2007.11.16 11:10:35.748,1.10185,1.102,2.50,4.00
2007.11.16 11:10:35.906,1.10185,1.102,2.70,4.00
2007.11.16 11:10:36.066,1.10185,1.102,2.70,4.00
2007.11.16 11:10:36.225,1.10185,1.102,2.80,4.00
2007.11.16 11:10:36.421,1.10185,1.102,2.80,4.00
2007.11.16 11:10:36.952,1.10185,1.102,2.80,4.00
2007.11.16 11:10:37.274,1.10185,1.102,2.80,4.00
2007.11.16 11:10:37.603,1.10185,1.102,2.40,4.00
2007.11.16 11:10:37.988,1.10185,1.102,2.40,4.00
2007.11.16 11:10:38.396,1.10185,1.102,2.40,4.00
2007.11.16 11:10:38.589,1.10185,1.102,2.30,4.00
2007.11.16 11:10:38.783,1.10185,1.102,10.60,2.40
2007.11.16 11:10:39.011,1.10185,1.102,10.80,2.40
2007.11.16 11:10:39.241,1.10185,1.102,14.90,2.40
2007.11.16 11:10:39.470,1.10185,1.102,12.80,2.40
2007.11.16 11:10:40.137,1.10185,1.102,12.80,2.40
2007.11.16 11:10:40.430,1.10185,1.102,12.70,2.40
2007.11.16 11:10:40.723,1.10185,1.102,12.70,2.40
2007.11.16 11:10:40.872,1.10185,1.102,12.10,2.40
2007.11.16 11:10:41.020,1.10185,1.102,12.10,2.40
2007.11.16 11:10:41.174,1.10185,1.102,12.10,4.00
2007.11.16 11:10:41.322,1.10175,1.102,44.00,6.40
2007.11.16 11:10:41.485,1.10175,1.102,44.00,6.40
2007.11.16 11:10:41.640,1.10175,1.102,20.00,6.40
2007.11.16 11:10:41.781,1.10185,1.102,0.30,6.40
2007.11.16 11:10:42.100,1.10175,1.102,22.40,4.00
2007.11.16 11:10:42.419,1.10175,1.102,22.40,4.00
2007.11.16 11:10:42.739,1.10175,1.102,22.40,4.00
2007.11.16 11:10:43.057,1.10185,1.102,0.40,4.00
2007.11.16 11:10:43.231,1.10185,1.102,0.40,4.00
2007.11.16 11:10:43.464,1.10185,1.102,0.40,4.00
2007.11.16 11:10:43.839,1.10185,1.102,0.40,4.00
2007.11.16 11:10:44.093,1.10185,1.102,0.40,2.40
2007.11.16 11:10:44.342,1.10185,1.10205,3.00,9.60
2007.11.16 11:10:44.590,1.10185,1.10205,3.00,9.60
2007.11.16 11:10:44.840,1.10185,1.10205,11.00,9.60
2007.11.16 11:10:45.098,1.10185,1.10205,11.00,9.60
2007.11.16 11:10:45.359,1.10185,1.10205,15.00,9.60
2007.11.16 11:10:45.617,1.10185,1.10205,15.00,9.60
2007.11.16 11:10:46.172,1.10185,1.10205,15.00,9.60
2007.11.16 11:10:46.478,1.10185,1.10205,15.00,9.60
2007.11.16 11:10:47.202,1.10185,1.10205,15.00,9.60
2007.11.16 11:10:48.083,1.10185,1.10205,15.10,9.60
2007.11.16 11:10:48.311,1.10185,1.10205,15.10,9.60
2007.11.16 11:10:48.539,1.10185,1.10205,15.10,9.60
2007.11.16 11:10:48.855,1.10185,1.10205,15.10,9.60
2007.11.16 11:10:49.163,1.10185,1.10205,15.10,9.60
2007.11.16 11:10:50.292,1.10185,1.10205,15.10,9.60
2007.11.16 11:10:52.191,1.10185,1.10205,15.10,9.60
2007.11.16 11:10:52.333,1.10185,1.10205,15.10,9.60
2007.11.16 11:10:52.703,1.10185,1.10205,15.10,9.60
2007.11.16 11:10:52.848,1.10185,1.10205,15.10,9.60
2007.11.16 11:10:53.201,1.10185,1.10205,15.10,9.60
2007.11.16 11:10:53.888,1.10185,1.10205,15.10,9.60
2007.11.16 11:10:54.234,1.10185,1.10205,15.10,9.60
2007.11.16 11:10:54.951,1.10185,1.10205,15.10,9.60
2007.11.16 11:10:55.200,1.10185,1.10205,15.20,9.60
2007.11.16 11:10:57.268,1.10185,1.10205,15.20,9.60
2007.11.16 11:10:58.035,1.10185,1.10205,15.10,9.60
2007.11.16 11:10:58.904,1.10185,1.10205,15.10,9.60
2007.11.16 11:11:00.054,1.10185,1.102,15.10,1.60
2007.11.16 11:11:00.356,1.10185,1.102,8.00,4.00
2007.11.16 11:11:00.531,1.10185,1.102,8.00,4.00
2007.11.16 11:11:00.705,1.10185,1.102,8.00,4.00
2007.11.16 11:11:01.069,1.10185,1.102,8.00,4.00
2007.11.16 11:11:01.244,1.10175,1.102,28.80,4.00
2007.11.16 11:11:01.418,1.10175,1.102,28.80,4.00
2007.11.16 11:11:03.938,1.10175,1.102,28.80,4.00
2007.11.16 11:11:04.780,1.10185,1.102,0.20,4.00
2007.11.16 11:11:05.093,1.10185,1.102,0.30,4.00
2007.11.16 11:11:05.407,1.10185,1.102,0.30,4.00
2007.11.16 11:11:05.720,1.10185,1.102,2.60,4.00
2007.11.16 11:11:06.005,1.10185,1.102,2.80,4.00
2007.11.16 11:11:06.204,1.10185,1.102,2.80,4.00
2007.11.16 11:11:06.409,1.10185,1.102,2.80,4.00
2007.11.16 11:11:06.716,1.10185,1.102,2.80,4.00
2007.11.16 11:11:07.657,1.10185,1.102,2.80,4.00
2007.11.16 11:11:08.567,1.10185,1.102,2.80,4.00
2007.11.16 11:11:08.960,1.10185,1.102,2.80,4.00
2007.11.16 11:11:09.177,1.10185,1.102,2.90,4.00
2007.11.16 11:11:10.035,1.10185,1.10205,2.90,13.60
2007.11.16 11:11:11.512,1.10185,1.102,3.00,0.60
2007.11.16 11:11:11.908,1.10185,1.10205,3.00,13.60
2007.11.16 11:11:12.233,1.10185,1.10205,3.00,13.60
2007.11.16 11:11:12.561,1.10185,1.102,3.20,0.60
2007.11.16 11:11:12.990,1.10185,1.102,3.00,0.50
2007.11.16 11:11:13.178,1.10185,1.10205,3.00,13.60
2007.11.16 11:11:13.976,1.10185,1.10205,3.00,13.60
2007.11.16 11:11:15.236,1.10185,1.102,4.60,0.70
2007.11.16 11:11:15.514,1.10185,1.10205,6.20,13.60
2007.11.16 11:11:15.792,1.10185,1.10205,6.20,13.60
2007.11.16 11:11:15.975,1.10185,1.10205,14.20,13.60
2007.11.16 11:11:16.214,1.10185,1.10205,14.40,12.00
2007.11.16 11:11:16.397,1.10185,1.102,18.50,0.80
2007.11.16 11:11:16.589,1.10185,1.10205,18.80,12.00
2007.11.16 11:11:16.773,1.10185,1.102,18.80,0.80
2007.11.16 11:11:17.205,1.10185,1.10205,18.80,12.00
2007.11.16 11:11:17.468,1.10185,1.102,18.80,0.60
2007.11.16 11:11:17.839,1.10185,1.10205,18.80,12.00
2007.11.16 11:11:19.000,1.10185,1.10205,18.80,12.00
2007.11.16 11:11:19.910,1.10185,1.10205,18.80,12.00
2007.11.16 11:11:21.248,1.10185,1.10205,18.80,12.00
2007.11.16 11:11:21.973,1.10185,1.102,18.80,0.90
2007.11.16 11:11:22.367,1.10185,1.10205,19.20,12.00
2007.11.16 11:11:23.087,1.10185,1.102,16.30,0.60
2007.11.16 11:11:23.225,1.10185,1.102,16.30,0.80
2007.11.16 11:11:24.031,1.10185,1.10205,16.30,12.00
2007.11.16 11:11:24.344,1.10185,1.10205,16.30,12.00
