2016.06.02 11:00:00.154,1.08956,1.08959,4.46,2.25
2016.06.02 11:00:00.358,1.08958,1.08963,1.12,3.56
2016.06.02 11:00:00.745,1.08959,1.08963,1.12,1.00
2016.06.02 11:00:04.159,1.08958,1.08962,1.37,1.00
2016.06.02 11:00:04.680,1.08958,1.08963,2.25,1.00
2016.06.02 11:00:05.186,1.08958,1.08962,1.37,1.00
2016.06.02 11:00:05.983,1.08958,1.08963,1.37,1.00
2016.06.02 11:00:06.489,1.08958,1.08964,1.87,1.57
2016.06.02 11:00:06.793,1.08958,1.08962,1.37,1.00
2016.06.02 11:00:07.432,1.08957,1.08962,7.12,1.00
2016.06.02 11:00:10.167,1.08957,1.08963,6.37,1.57
2016.06.02 11:00:10.674,1.08959,1.08964,2.62,1.57
2016.06.02 11:00:11.261,1.08959,1.08963,2.25,1.00
2016.06.02 11:00:11.773,1.0896,1.08964,1.20,1.10
2016.06.02 11:00:12.380,1.08959,1.08963,3.75,1.00
2016.06.02 11:00:12.929,1.08959,1.08964,1.50,1.57
2016.06.02 11:00:13.434,1.08961,1.08965,1.50,2.62
2016.06.02 11:00:13.536,1.08963,1.08968,4.57,1.87
2016.06.02 11:00:14.041,1.08964,1.08969,1.20,2.62
2016.06.02 11:00:14.548,1.08963,1.08969,4.20,3.75
2016.06.02 11:00:25.044,1.08963,1.08968,3.07,5.62
2016.06.02 11:00:25.587,1.08962,1.08963,1.87,1.00
2016.06.02 11:00:25.739,1.08958,1.0896,2.51,2.62
2016.06.02 11:00:25.791,1.08956,1.08959,1.12,2.70
2016.06.02 11:00:25.995,1.08953,1.08958,1.95,4.20
2016.06.02 11:00:26.096,1.08952,1.08956,1.87,1.00
2016.06.02 11:00:26.623,1.08952,1.08955,1.10,1.00
2016.06.02 11:00:27.128,1.08952,1.08957,1.01,1.39
2016.06.02 11:00:27.684,1.08952,1.08957,2.81,1.09
2016.06.02 11:00:28.025,1.08955,1.0896,4.87,1.31
2016.06.02 11:00:28.329,1.08958,1.08963,3.45,2.89
2016.06.02 11:00:28.836,1.08957,1.08962,6.45,1.00
2016.06.02 11:00:29.360,1.08957,1.08963,6.45,1.84
2016.06.02 11:00:29.867,1.08957,1.08962,4.87,1.10
2016.06.02 11:00:31.172,1.08957,1.08961,1.47,1.57
2016.06.02 11:00:31.678,1.08956,1.0896,1.95,1.02
2016.06.02 11:00:40.282,1.08959,1.08962,1.19,4.77
2016.06.02 11:00:40.674,1.08961,1.08966,2.14,5.52
2016.06.02 11:00:40.927,1.08961,1.08964,2.14,1.27
2016.06.02 11:00:41.029,1.08959,1.08963,3.19,1.02
2016.06.02 11:00:41.334,1.08959,1.08962,1.19,2.14
2016.06.02 11:00:48.644,1.08957,1.08961,2.81,1.10
2016.06.02 11:00:49.150,1.08957,1.08961,1.01,1.50
2016.06.02 11:00:51.110,1.08958,1.08961,1.31,1.33
2016.06.02 11:00:51.616,1.08958,1.08962,1.39,1.33
2016.06.02 11:00:54.976,1.08958,1.08964,2.06,4.96
2016.06.02 11:00:56.186,1.08959,1.08964,1.46,4.02
2016.06.02 11:00:56.237,1.08962,1.08964,1.19,3.00
2016.06.02 11:00:56.389,1.08962,1.08966,1.84,3.27
2016.06.02 11:00:56.694,1.08959,1.08964,3.19,1.10
2016.06.02 11:00:57.044,1.08959,1.08962,2.14,2.25
2016.06.02 11:00:57.551,1.08959,1.08962,1.19,2.25
2016.06.02 11:00:59.112,1.08958,1.08963,1.39,3.00
2016.06.02 11:01:01.623,1.08957,1.08961,2.62,1.57
2016.06.02 11:01:01.926,1.08953,1.08957,1.31,1.00
2016.06.02 11:01:02.432,1.08953,1.08958,2.06,1.95
2016.06.02 11:01:04.199,1.08953,1.08957,4.69,1.00
2016.06.02 11:01:04.518,1.08957,1.08961,1.12,3.00
2016.06.02 11:01:05.024,1.08957,1.08962,2.81,1.39
2016.06.02 11:01:18.943,1.08958,1.08963,1.87,1.87
2016.06.02 11:01:19.449,1.08958,1.08964,4.50,1.39
2016.06.02 11:01:22.782,1.08959,1.08965,2.51,6.27
2016.06.02 11:01:22.984,1.0896,1.08964,2.81,1.10
2016.06.02 11:01:24.942,1.08962,1.08965,1.19,1.60
2016.06.02 11:01:25.448,1.08961,1.08966,2.25,2.25
2016.06.02 11:01:27.617,1.08961,1.08965,1.22,1.95
2016.06.02 11:01:28.123,1.0896,1.08963,1.12,1.00
2016.06.02 11:01:28.629,1.0896,1.08964,1.12,1.95
2016.06.02 11:01:36.186,1.08961,1.08966,1.22,5.62
2016.06.02 11:01:53.338,1.08963,1.08967,1.19,2.44
2016.06.02 11:01:53.389,1.08963,1.08967,1.19,1.57
2016.06.02 11:01:53.592,1.08964,1.08969,3.56,2.44
2016.06.02 11:01:54.137,1.08964,1.0897,4.31,3.45
2016.06.02 11:01:54.650,1.08964,1.08969,3.56,1.00
2016.06.02 11:01:55.156,1.08964,1.08968,2.06,1.00
2016.06.02 11:01:56.329,1.08964,1.08969,2.06,1.50
2016.06.02 11:01:58.041,1.08964,1.08968,2.14,1.00
2016.06.02 11:01:58.550,1.08964,1.08968,1.01,1.87
2016.06.02 11:01:59.056,1.08962,1.08967,1.12,2.25
2016.06.02 11:01:59.563,1.08961,1.08966,2.06,1.87
2016.06.02 11:01:59.715,1.08961,1.08964,1.12,1.00
2016.06.02 11:02:00.253,1.08961,1.08964,1.50,1.12
2016.06.02 11:02:02.616,1.08961,1.08965,1.12,2.70
2016.06.02 11:02:03.901,1.08963,1.08966,2.44,1.31
2016.06.02 11:02:03.952,1.08963,1.08967,4.31,1.50
2016.06.02 11:02:04.155,1.08964,1.08969,1.95,2.51
2016.06.02 11:02:04.256,1.08966,1.08969,1.19,1.76
2016.06.02 11:02:04.459,1.08964,1.08969,2.14,1.10
2016.06.02 11:02:05.108,1.08963,1.08969,5.81,1.57
2016.06.02 11:02:05.714,1.08963,1.08968,5.81,1.00
2016.06.02 11:02:07.266,1.08964,1.08968,1.47,1.00
2016.06.02 11:02:08.019,1.08963,1.08968,5.81,1.00
2016.06.02 11:02:16.113,1.08963,1.08968,6.19,1.10
2016.06.02 11:02:16.619,1.08963,1.08968,2.81,1.10
2016.06.02 11:02:21.859,1.08962,1.08967,4.01,1.10
2016.06.02 11:02:22.163,1.08961,1.08964,2.25,1.00
2016.06.02 11:02:22.668,1.0896,1.08964,3.37,1.20
2016.06.02 11:02:23.215,1.08961,1.08964,1.12,1.12
2016.06.02 11:02:24.030,1.0896,1.08965,7.50,1.10
2016.06.02 11:02:24.364,1.08964,1.08967,1.10,1.61
2016.06.02 11:02:24.569,1.08965,1.08969,1.20,1.10
2016.06.02 11:02:25.077,1.08965,1.08969,2.51,1.10
2016.06.02 11:02:25.628,1.08965,1.08969,1.20,1.10
2016.06.02 11:02:26.792,1.08965,1.0897,3.19,1.10
2016.06.02 11:02:28.014,1.08965,1.08971,3.19,2.74
2016.06.02 11:02:28.116,1.08969,1.08972,1.31,1.99
2016.06.02 11:02:28.268,1.08969,1.08973,4.69,1.10
2016.06.02 11:02:28.803,1.08969,1.08974,1.31,1.12
2016.06.02 11:02:29.308,1.08969,1.08973,1.31,1.00
2016.06.02 11:02:29.814,1.08969,1.08973,1.31,1.10
2016.06.02 11:02:30.650,1.08968,1.08971,4.39,1.00
2016.06.02 11:02:30.853,1.08966,1.08971,2.25,1.10
2016.06.02 11:02:48.231,1.08967,1.08972,1.29,3.75
2016.06.02 11:02:49.108,1.08969,1.08972,3.94,1.12
2016.06.02 11:02:49.159,1.08969,1.08974,4.69,3.00
2016.06.02 11:02:50.401,1.08969,1.08972,3.56,1.00
2016.06.02 11:02:50.906,1.08969,1.08974,3.56,1.87
2016.06.02 11:02:53.521,1.08969,1.08974,4.01,1.12
2016.06.02 11:03:12.926,1.08969,1.08972,2.89,1.47
2016.06.02 11:03:12.977,1.08969,1.08971,1.95,8.62
2016.06.02 11:03:13.130,1.08964,1.08967,1.69,1.00
2016.06.02 11:03:13.181,1.08962,1.08967,1.84,2.25
2016.06.02 11:03:16.585,1.08962,1.08966,1.39,2.25
2016.06.02 11:03:21.348,1.08963,1.08966,1.19,1.12
2016.06.02 11:03:21.875,1.08964,1.08967,1.25,4.50
2016.06.02 11:03:26.418,1.08961,1.08967,4.39,2.92
2016.06.02 11:03:32.311,1.08961,1.08964,1.29,1.00
2016.06.02 11:03:32.546,1.08959,1.08964,5.81,1.87
2016.06.02 11:03:33.052,1.08959,1.08964,2.14,1.12
2016.06.02 11:03:34.091,1.08957,1.08963,3.19,2.62
2016.06.02 11:03:34.143,1.08957,1.08962,2.51,1.12
2016.06.02 11:03:34.650,1.08958,1.08962,2.81,1.12
2016.06.02 11:03:35.153,1.08958,1.08963,2.14,1.50
2016.06.02 11:03:37.976,1.0896,1.08964,2.06,3.22
2016.06.02 11:03:38.250,1.08962,1.08965,1.20,1.12
2016.06.02 11:03:38.454,1.08959,1.08963,2.81,1.10
2016.06.02 11:03:39.806,1.08961,1.08965,1.19,4.69
2016.06.02 11:03:41.051,1.08959,1.08964,1.31,1.50
2016.06.02 11:03:41.557,1.08958,1.08963,2.81,1.50
2016.06.02 11:03:44.068,1.08958,1.08962,1.19,1.50
2016.06.02 11:03:44.313,1.08956,1.08961,5.06,1.10
2016.06.02 11:03:44.415,1.08956,1.08958,1.31,1.12
2016.06.02 11:03:44.517,1.08953,1.08958,2.06,1.57
2016.06.02 11:03:54.183,1.08953,1.08959,4.39,2.69
2016.06.02 11:03:54.285,1.08953,1.08958,3.19,2.81
2016.06.02 11:04:05.492,1.08953,1.08957,1.76,3.37
2016.06.02 11:04:06.032,1.08952,1.08957,3.19,2.62
2016.06.02 11:04:06.640,1.08953,1.08956,1.39,1.10
2016.06.02 11:04:08.367,1.08953,1.08957,2.06,1.75
2016.06.02 11:04:10.846,1.08953,1.08956,2.14,1.10
2016.06.02 11:04:11.352,1.08953,1.08955,1.69,1.10
2016.06.02 11:04:11.991,1.08953,1.08956,1.39,1.10
2016.06.02 11:04:12.965,1.08954,1.08958,2.81,1.75
2016.06.02 11:04:13.117,1.08958,1.08961,1.00,1.87
2016.06.02 11:04:16.497,1.08956,1.08958,1.69,1.00
2016.06.02 11:04:16.649,1.08956,1.0896,1.69,1.10
2016.06.02 11:04:16.952,1.08956,1.08958,1.69,1.00
2016.06.02 11:04:17.155,1.08956,1.0896,1.69,1.10
2016.06.02 11:04:17.256,1.08956,1.08958,1.69,1.00
2016.06.02 11:04:17.909,1.08956,1.0896,2.44,1.10
2016.06.02 11:04:18.063,1.08956,1.08958,2.44,1.00
2016.06.02 11:04:18.418,1.08954,1.08958,2.06,1.87
2016.06.02 11:04:18.570,1.08953,1.08955,1.69,1.00
2016.06.02 11:04:19.077,1.08953,1.08954,1.25,1.00
2016.06.02 11:04:19.430,1.08952,1.08956,2.51,1.10
2016.06.02 11:04:19.937,1.08953,1.08957,2.48,1.10
2016.06.02 11:04:20.493,1.08953,1.08957,3.20,1.10
2016.06.02 11:04:20.999,1.08954,1.08957,1.69,1.10
2016.06.02 11:04:21.200,1.08957,1.0896,1.25,4.12
2016.06.02 11:04:21.353,1.08958,1.0896,1.69,1.10
2016.06.02 11:04:21.556,1.08956,1.08959,1.76,1.00
2016.06.02 11:04:22.064,1.08956,1.0896,1.76,1.20
2016.06.02 11:04:23.093,1.08956,1.08959,1.76,1.50
2016.06.02 11:04:23.245,1.08956,1.08957,1.00,1.00
2016.06.02 11:04:23.347,1.08953,1.08956,1.01,1.00
2016.06.02 11:04:24.126,1.08953,1.08957,1.39,1.10
2016.06.02 11:04:24.446,1.08953,1.08955,1.39,1.00
2016.06.02 11:04:24.750,1.0895,1.08952,1.69,1.95
2016.06.02 11:04:26.515,1.08951,1.08954,3.94,2.96
2016.06.02 11:04:26.617,1.08952,1.08956,4.01,1.10
2016.06.02 11:04:26.668,1.08955,1.08957,1.19,1.00
2016.06.02 11:04:27.175,1.08955,1.08958,1.19,1.87
2016.06.02 11:04:27.784,1.08955,1.08958,1.19,1.20
2016.06.02 11:04:27.835,1.08953,1.08959,4.31,2.81
2016.06.02 11:04:30.059,1.08954,1.08959,1.31,1.47
2016.06.02 11:04:30.449,1.08958,1.0896,1.19,2.62
2016.06.02 11:04:30.500,1.08958,1.08961,1.29,1.69
2016.06.02 11:04:37.001,1.08957,1.08961,2.06,1.69
2016.06.02 11:04:37.539,1.08957,1.08961,1.39,2.44
2016.06.02 11:04:38.848,1.08957,1.08961,5.44,1.69
2016.06.02 11:04:39.052,1.08958,1.08962,2.06,1.12
2016.06.02 11:04:41.563,1.08958,1.08962,1.01,1.10
2016.06.02 11:04:42.834,1.08958,1.0896,1.39,1.00
2016.06.02 11:04:43.037,1.08958,1.08962,1.39,1.57
2016.06.02 11:04:53.639,1.08958,1.08961,1.20,1.00
2016.06.02 11:05:02.483,1.08958,1.08963,1.87,2.62
2016.06.02 11:05:05.269,1.08958,1.08961,1.87,1.00
2016.06.02 11:05:06.065,1.08958,1.08961,1.12,2.70
2016.06.02 11:05:18.701,1.08958,1.0896,1.12,1.00
2016.06.02 11:05:19.206,1.08958,1.08962,1.12,3.94
2016.06.02 11:05:19.898,1.08958,1.0896,1.12,1.00
2016.06.02 11:05:20.403,1.08958,1.08962,1.12,2.44
2016.06.02 11:05:20.909,1.08958,1.0896,1.12,1.00
2016.06.02 11:05:21.440,1.08958,1.08962,1.12,3.56
2016.06.02 11:05:21.962,1.08958,1.0896,1.12,1.00
2016.06.02 11:05:22.467,1.08958,1.08962,1.12,3.56
2016.06.02 11:05:23.024,1.08958,1.0896,1.12,1.00
2016.06.02 11:05:23.588,1.08958,1.08962,1.12,3.56
2016.06.02 11:05:24.515,1.08958,1.0896,1.12,1.00
2016.06.02 11:05:28.406,1.08958,1.08959,1.00,3.37
2016.06.02 11:05:28.457,1.08955,1.08958,1.31,1.47
2016.06.02 11:05:28.508,1.08954,1.08957,1.10,1.37
2016.06.02 11:05:28.560,1.08953,1.08954,5.06,1.00
2016.06.02 11:05:28.661,1.0895,1.08954,1.87,3.37
2016.06.02 11:05:28.762,1.08947,1.08953,2.25,2.81
2016.06.02 11:05:29.955,1.08948,1.08953,2.89,1.50
2016.06.02 11:05:32.883,1.08947,1.08953,1.50,3.37
2016.06.02 11:05:33.086,1.08946,1.08951,1.76,2.25
2016.06.02 11:05:33.643,1.08945,1.08951,2.25,4.50
2016.06.02 11:05:36.979,1.08947,1.08951,1.00,1.87
2016.06.02 11:05:37.485,1.08947,1.08952,1.20,1.87
2016.06.02 11:05:39.636,1.08947,1.0895,1.20,1.00
2016.06.02 11:05:43.390,1.08949,1.08951,1.37,1.10
2016.06.02 11:05:43.542,1.08951,1.08954,8.25,1.00
2016.06.02 11:05:43.593,1.08953,1.08955,1.69,1.00
2016.06.02 11:05:43.822,1.08953,1.08958,5.44,1.87
2016.06.02 11:05:43.975,1.08953,1.08956,3.94,1.00
2016.06.02 11:05:44.076,1.08953,1.08958,3.75,1.87
2016.06.02 11:05:44.431,1.08955,1.08958,2.81,1.12
2016.06.02 11:05:44.533,1.08956,1.08961,1.01,1.50
2016.06.02 11:05:44.635,1.08957,1.0896,6.82,1.00
2016.06.02 11:05:44.737,1.08958,1.08963,2.62,3.19
2016.06.02 11:05:44.838,1.08958,1.0896,2.62,1.00
2016.06.02 11:05:45.024,1.08958,1.08963,2.62,2.62
2016.06.02 11:05:45.681,1.08957,1.08959,1.87,1.00
2016.06.02 11:05:45.732,1.08957,1.08958,1.00,1.00
2016.06.02 11:05:45.935,1.08954,1.08959,3.94,2.25
2016.06.02 11:05:47.024,1.08953,1.08958,3.56,2.25
2016.06.02 11:05:51.814,1.08957,1.08959,1.00,1.69
2016.06.02 11:05:51.865,1.08958,1.08962,1.95,1.50
2016.06.02 11:05:52.169,1.08959,1.08963,4.01,1.87
2016.06.02 11:05:52.776,1.08959,1.0896,1.95,1.00
2016.06.02 11:05:52.941,1.08959,1.08964,1.95,3.19
2016.06.02 11:05:53.547,1.08959,1.08963,1.95,1.12
2016.06.02 11:06:02.403,1.08958,1.08961,7.31,1.00
2016.06.02 11:06:02.910,1.08958,1.08963,8.81,1.12
2016.06.02 11:06:03.416,1.08958,1.08961,8.81,1.00
2016.06.02 11:06:03.966,1.08958,1.08963,9.56,1.12
2016.06.02 11:06:08.364,1.08959,1.08963,4.01,1.12
2016.06.02 11:06:08.415,1.08961,1.08963,1.19,1.12
2016.06.02 11:06:09.463,1.08961,1.08965,1.69,1.87
2016.06.02 11:06:09.767,1.08965,1.08966,1.25,1.12
2016.06.02 11:06:09.919,1.08966,1.08969,1.00,1.57
2016.06.02 11:06:10.467,1.08966,1.0897,1.19,1.87
2016.06.02 11:06:11.529,1.08965,1.0897,3.26,1.87
2016.06.02 11:06:17.749,1.08967,1.0897,1.50,1.87
2016.06.02 11:06:17.800,1.08969,1.0897,1.31,1.12
2016.06.02 11:06:17.851,1.08969,1.08972,1.76,1.57
2016.06.02 11:06:18.386,1.08969,1.08974,5.06,1.12
2016.06.02 11:06:20.934,1.08969,1.08974,4.92,1.12
2016.06.02 11:06:23.239,1.08968,1.08969,2.55,2.40
2016.06.02 11:06:23.391,1.08963,1.08968,4.50,2.25
2016.06.02 11:06:23.442,1.08962,1.08965,2.06,1.12
2016.06.02 11:06:23.949,1.08962,1.08967,1.57,3.75
2016.06.02 11:06:24.454,1.08962,1.08967,1.57,2.25
2016.06.02 11:06:26.217,1.08963,1.08967,1.25,1.50
2016.06.02 11:06:26.879,1.08963,1.08968,5.89,1.50
2016.06.02 11:06:28.344,1.08963,1.08966,2.89,1.00
2016.06.02 11:06:28.873,1.08963,1.08968,6.45,1.50
2016.06.02 11:06:29.379,1.08964,1.08969,1.50,2.62
2016.06.02 11:06:29.943,1.08964,1.08969,1.01,1.12
2016.06.02 11:06:30.450,1.08963,1.08969,3.26,2.02
2016.06.02 11:06:31.458,1.08964,1.0897,1.20,5.77
2016.06.02 11:06:32.795,1.08963,1.0897,4.39,7.35
2016.06.02 11:06:36.335,1.08963,1.08969,1.76,3.19
2016.06.02 11:06:38.258,1.08964,1.08968,1.00,2.25
2016.06.02 11:06:38.776,1.08964,1.08969,1.57,1.12
2016.06.02 11:06:40.927,1.08964,1.08966,1.39,1.00
2016.06.02 11:06:41.438,1.08963,1.08968,8.25,1.10
2016.06.02 11:06:42.348,1.08963,1.08967,7.87,1.00
2016.06.02 11:06:44.656,1.08963,1.08968,9.19,1.10
2016.06.02 11:06:45.163,1.08963,1.08967,9.94,1.00
2016.06.02 11:06:46.635,1.08964,1.08968,1.10,1.10
2016.06.02 11:06:47.260,1.08964,1.08967,1.10,1.00
2016.06.02 11:06:47.788,1.08963,1.08966,1.76,1.00
2016.06.02 11:06:49.203,1.08964,1.08966,1.10,1.00
2016.06.02 11:06:49.751,1.08964,1.08967,1.10,1.00
2016.06.02 11:06:53.422,1.08965,1.08967,1.12,1.00
2016.06.02 11:06:53.929,1.08964,1.08966,1.47,1.00
2016.06.02 11:06:59.748,1.08964,1.08968,1.39,1.20
2016.06.02 11:07:00.254,1.08965,1.08968,1.12,1.00
2016.06.02 11:07:00.768,1.08964,1.08968,2.51,1.10
2016.06.02 11:07:01.476,1.08964,1.08967,1.39,1.00
2016.06.02 11:07:02.273,1.08968,1.0897,1.20,1.12
2016.06.02 11:07:02.374,1.08969,1.08973,3.00,1.87
2016.06.02 11:07:02.678,1.08967,1.0897,4.12,1.00
2016.06.02 11:07:03.271,1.08967,1.08969,1.10,1.00
2016.06.02 11:07:03.950,1.08966,1.08969,3.19,1.00
2016.06.02 11:07:04.546,1.08966,1.08969,2.44,1.00
2016.06.02 11:07:05.355,1.08966,1.08968,1.31,1.00
2016.06.02 11:07:05.862,1.08965,1.08968,2.62,1.00
2016.06.02 11:07:07.421,1.08965,1.08969,3.37,1.10
2016.06.02 11:07:12.586,1.08967,1.08971,1.00,1.87
2016.06.02 11:07:13.102,1.08966,1.08971,2.51,1.87
2016.06.02 11:07:19.067,1.08966,1.08967,1.00,1.00
2016.06.02 11:07:19.573,1.08964,1.08966,2.06,1.00
2016.06.02 11:07:22.266,1.08964,1.08967,3.00,1.00
2016.06.02 11:07:22.786,1.08964,1.08968,3.19,1.10
2016.06.02 11:07:23.781,1.08966,1.0897,1.12,3.00
2016.06.02 11:07:23.984,1.0897,1.08974,3.07,1.01
2016.06.02 11:07:24.492,1.0897,1.08973,2.25,1.00
2016.06.02 11:07:25.041,1.08969,1.08973,1.50,1.10
2016.06.02 11:07:39.361,1.08969,1.08971,1.12,1.00
2016.06.02 11:07:39.513,1.08967,1.0897,1.20,1.00
2016.06.02 11:07:40.306,1.08966,1.0897,1.12,2.25
2016.06.02 11:07:40.510,1.08964,1.08968,1.87,1.12
2016.06.02 11:07:40.965,1.08964,1.08966,1.87,1.00
2016.06.02 11:07:42.262,1.08964,1.08967,1.87,1.00
2016.06.02 11:07:42.877,1.08964,1.08966,1.47,1.00
2016.06.02 11:07:43.649,1.08963,1.08966,4.69,1.00
2016.06.02 11:07:46.251,1.08963,1.08967,5.44,1.10
2016.06.02 11:07:47.059,1.08963,1.08966,5.06,1.00
2016.06.02 11:07:47.600,1.08963,1.08967,6.19,1.10
2016.06.02 11:07:48.106,1.08964,1.08967,3.94,1.00
2016.06.02 11:07:48.258,1.08964,1.08969,3.94,1.57
2016.06.02 11:07:48.788,1.08963,1.08966,7.87,1.00
2016.06.02 11:07:50.383,1.08964,1.08968,4.87,1.00
2016.06.02 11:07:50.730,1.08965,1.08969,4.91,1.57
2016.06.02 11:07:50.883,1.08966,1.08971,1.57,3.19
2016.06.02 11:07:51.365,1.08965,1.08969,2.25,1.00
2016.06.02 11:07:51.467,1.08965,1.08967,2.32,1.00
2016.06.02 11:07:51.771,1.08964,1.08969,4.87,1.10
2016.06.02 11:07:52.998,1.08965,1.0897,4.57,1.50
2016.06.02 11:07:53.251,1.08965,1.08967,1.10,1.00
2016.06.02 11:07:53.858,1.08964,1.08968,3.37,1.00
2016.06.02 11:07:54.194,1.08963,1.08966,1.50,1.00
2016.06.02 11:07:54.498,1.08959,1.08963,2.25,2.81
2016.06.02 11:07:54.852,1.08959,1.08964,1.50,1.57
2016.06.02 11:07:55.468,1.08959,1.08963,1.50,1.00
2016.06.02 11:08:01.869,1.08959,1.08962,1.12,1.00
2016.06.02 11:08:02.375,1.08958,1.08962,3.37,1.10
2016.06.02 11:08:02.978,1.0896,1.08964,1.00,2.25
2016.06.02 11:08:03.131,1.0896,1.08964,3.07,1.10
2016.06.02 11:08:03.182,1.08963,1.08966,2.62,1.75
2016.06.02 11:08:03.284,1.08963,1.08967,6.07,1.50
2016.06.02 11:08:03.790,1.08963,1.08967,6.75,1.10
2016.06.02 11:08:05.667,1.08963,1.08966,6.75,1.00
2016.06.02 11:08:13.002,1.08963,1.08967,5.25,1.10
2016.06.02 11:08:13.551,1.08963,1.08966,4.50,1.00
2016.06.02 11:08:14.057,1.08963,1.08967,5.25,1.10
2016.06.02 11:08:17.793,1.08963,1.08966,6.75,1.00
2016.06.02 11:08:20.922,1.08963,1.08967,5.21,1.10
2016.06.02 11:08:23.257,1.08964,1.08968,1.12,1.10
2016.06.02 11:08:35.182,1.08963,1.08968,2.62,1.50
2016.06.02 11:08:38.226,1.08964,1.08969,2.32,2.25
2016.06.02 11:08:38.337,1.08966,1.08971,1.87,1.50
2016.06.02 11:08:38.843,1.08966,1.08972,4.95,3.00
2016.06.02 11:08:39.348,1.08967,1.08973,1.20,3.00
2016.06.02 11:08:40.501,1.08967,1.0897,1.20,1.00
2016.06.02 11:08:40.784,1.08965,1.08968,1.00,1.10
2016.06.02 11:08:41.290,1.08964,1.08967,1.95,1.00
2016.06.02 11:08:41.795,1.08964,1.08968,1.95,1.10
2016.06.02 11:08:43.900,1.08964,1.08967,1.95,1.00
2016.06.02 11:08:44.002,1.08962,1.08967,2.70,1.10
2016.06.02 11:08:44.256,1.08962,1.08964,1.12,1.00
2016.06.02 11:08:44.407,1.0896,1.08964,1.57,1.00
2016.06.02 11:08:44.914,1.08959,1.08963,1.47,1.10
2016.06.02 11:08:45.723,1.0896,1.08965,2.70,1.31
2016.06.02 11:08:45.824,1.08962,1.08965,1.12,1.12
2016.06.02 11:08:46.362,1.08962,1.08965,1.20,1.00
2016.06.02 11:08:46.769,1.08959,1.08964,1.87,1.20
2016.06.02 11:08:55.526,1.08963,1.08966,1.00,1.87
2016.06.02 11:08:55.627,1.08963,1.08967,1.31,1.10
2016.06.02 11:08:56.133,1.08962,1.08967,2.40,1.20
2016.06.02 11:08:56.634,1.08963,1.08968,1.10,1.57
2016.06.02 11:08:58.046,1.08962,1.08967,3.82,1.12
2016.06.02 11:08:58.147,1.08961,1.08965,1.87,1.00
2016.06.02 11:08:58.451,1.08959,1.08963,3.94,1.00
2016.06.02 11:08:58.553,1.08959,1.08965,4.69,1.95
2016.06.02 11:08:58.958,1.08963,1.08965,1.87,1.10
2016.06.02 11:08:59.009,1.08964,1.08967,1.57,1.00
2016.06.02 11:08:59.161,1.08965,1.0897,2.32,3.19
2016.06.02 11:09:00.963,1.08964,1.08968,2.25,1.00
2016.06.02 11:09:02.980,1.08964,1.08968,1.20,1.10
2016.06.02 11:09:05.079,1.08964,1.08968,1.95,1.10
2016.06.02 11:09:06.555,1.08964,1.08967,1.95,1.00
2016.06.02 11:09:07.062,1.08964,1.08966,1.95,1.00
2016.06.02 11:09:10.687,1.08963,1.08967,1.12,1.37
2016.06.02 11:09:10.940,1.0896,1.08965,1.20,2.06
2016.06.02 11:09:11.445,1.0896,1.08964,1.57,1.20
2016.06.02 11:09:17.757,1.0896,1.08964,1.47,1.47
2016.06.02 11:09:24.676,1.0896,1.08964,1.47,1.39
2016.06.02 11:09:25.183,1.08959,1.08964,1.50,1.39
2016.06.02 11:09:26.596,1.08963,1.08965,1.25,1.50
2016.06.02 11:09:26.647,1.08963,1.08967,1.00,1.10
2016.06.02 11:09:27.154,1.08963,1.08968,1.87,1.50
2016.06.02 11:09:35.272,1.08963,1.08968,1.47,1.20
2016.06.02 11:09:35.779,1.08963,1.08967,1.57,1.12
2016.06.02 11:09:38.228,1.08961,1.08967,3.64,1.50
2016.06.02 11:09:38.769,1.08961,1.08967,3.27,1.87
2016.06.02 11:09:40.873,1.08961,1.08966,3.00,2.21
2016.06.02 11:09:41.179,1.08959,1.08965,3.30,2.44
2016.06.02 11:09:42.828,1.0896,1.08966,3.00,2.62
2016.06.02 11:09:53.201,1.08962,1.08967,1.12,1.12
2016.06.02 11:09:53.303,1.08963,1.08968,1.37,2.06
2016.06.02 11:09:58.997,1.08963,1.08969,2.70,2.62
2016.06.02 11:09:59.504,1.08963,1.08967,1.47,1.00
2016.06.02 11:10:00.011,1.08963,1.08968,1.47,1.20
2016.06.02 11:10:00.664,1.08963,1.08967,1.47,1.00
2016.06.02 11:10:00.867,1.08962,1.08966,1.20,1.20
2016.06.02 11:10:01.372,1.08961,1.08964,1.20,1.00
2016.06.02 11:10:01.893,1.08959,1.08964,1.69,1.20
2016.06.02 11:10:03.218,1.08961,1.08966,1.62,3.75
2016.06.02 11:10:03.725,1.0896,1.08966,2.44,3.00
2016.06.02 11:10:05.597,1.08959,1.08965,2.89,1.62
2016.06.02 11:10:08.235,1.08959,1.08965,3.94,1.95
2016.06.02 11:10:08.894,1.08959,1.08964,3.94,1.00
2016.06.02 11:10:11.168,1.0896,1.08965,2.14,1.10
2016.06.02 11:10:11.421,1.0896,1.08963,1.00,1.10
2016.06.02 11:10:11.926,1.08959,1.08962,1.10,1.00
2016.06.02 11:10:13.339,1.08958,1.08962,1.01,1.57
2016.06.02 11:10:15.604,1.08958,1.08963,1.25,3.37
2016.06.02 11:10:23.547,1.08958,1.08963,2.44,2.62
2016.06.02 11:10:24.050,1.08958,1.08963,1.69,2.62
2016.06.02 11:10:25.055,1.08958,1.08963,2.44,1.87
2016.06.02 11:10:31.656,1.08958,1.08961,1.00,1.10
2016.06.02 11:10:32.163,1.08958,1.08963,2.06,1.87
2016.06.02 11:10:32.667,1.08958,1.08962,1.25,1.12
2016.06.02 11:10:41.376,1.08958,1.08963,1.62,3.37
2016.06.02 11:10:41.730,1.08961,1.08966,3.37,2.25
2016.06.02 11:10:41.929,1.08962,1.08967,1.20,2.62
2016.06.02 11:10:42.183,1.08963,1.08968,4.20,3.94
2016.06.02 11:10:42.690,1.08963,1.08969,6.19,2.44
2016.06.02 11:10:44.667,1.08963,1.08967,1.50,1.12
2016.06.02 11:10:44.718,1.08962,1.08967,1.20,1.12
2016.06.02 11:10:45.477,1.08962,1.08967,1.47,1.12
2016.06.02 11:10:46.084,1.08961,1.08967,2.81,1.12
2016.06.02 11:10:50.847,1.08963,1.08968,3.00,1.50
2016.06.02 11:10:51.365,1.08962,1.08968,2.48,1.50
2016.06.02 11:10:51.871,1.08962,1.08968,2.11,2.25
2016.06.02 11:10:54.253,1.08962,1.08966,1.39,2.70
2016.06.02 11:10:54.405,1.08961,1.08963,1.00,1.10
2016.06.02 11:10:54.761,1.08963,1.08965,1.00,1.00
2016.06.02 11:10:55.062,1.08965,1.08968,3.27,1.00
2016.06.02 11:10:55.417,1.08965,1.08968,2.41,1.00
2016.06.02 11:10:56.966,1.08964,1.08969,2.06,1.50
2016.06.02 11:11:00.258,1.08964,1.0897,2.41,3.56
2016.06.02 11:11:03.613,1.08965,1.08971,1.66,4.01
2016.06.02 11:11:06.045,1.08965,1.08971,2.41,7.39
2016.06.02 11:11:06.197,1.08968,1.08973,2.59,1.10
2016.06.02 11:11:07.271,1.08968,1.08972,3.07,1.00
2016.06.02 11:11:07.373,1.08968,1.08972,2.32,2.62
2016.06.02 11:11:07.525,1.08965,1.0897,2.93,1.20
2016.06.02 11:11:08.031,1.08965,1.0897,1.39,1.69
2016.06.02 11:11:11.567,1.08965,1.08971,3.83,1.69
2016.06.02 11:11:13.788,1.08965,1.0897,2.14,1.12
2016.06.02 11:11:19.498,1.08965,1.0897,1.62,2.06
2016.06.02 11:11:20.671,1.08964,1.08967,1.39,1.00
2016.06.02 11:11:20.773,1.08961,1.08966,2.06,1.95
2016.06.02 11:11:20.824,1.08961,1.08964,2.06,1.00
2016.06.02 11:11:21.127,1.08959,1.08965,1.76,5.06
2016.06.02 11:11:21.662,1.08959,1.08964,1.39,1.12
2016.06.02 11:11:26.962,1.08959,1.08962,1.25,1.10
2016.06.02 11:11:27.013,1.08958,1.0896,1.00,1.00
2016.06.02 11:11:27.064,1.08957,1.08959,1.87,1.10
2016.06.02 11:11:27.166,1.08954,1.08959,1.12,1.10
2016.06.02 11:11:27.318,1.08954,1.08958,1.00,1.76
2016.06.02 11:11:27.867,1.08953,1.08958,1.01,1.69
2016.06.02 11:11:38.062,1.08952,1.08958,3.26,2.25
2016.06.02 11:11:44.820,1.08952,1.08955,1.95,4.69
2016.06.02 11:11:45.023,1.08949,1.08953,1.12,1.50
2016.06.02 11:11:45.530,1.08947,1.08953,4.21,1.12
2016.06.02 11:11:46.114,1.08948,1.08954,1.47,1.87
2016.06.02 11:11:46.367,1.08951,1.08955,1.21,1.87
2016.06.02 11:11:46.469,1.08952,1.08957,1.96,1.50
2016.06.02 11:11:46.773,1.08952,1.08959,3.46,3.64
2016.06.02 11:11:47.993,1.08953,1.08959,2.14,2.44
2016.06.02 11:11:52.860,1.08955,1.08959,1.19,1.50
2016.06.02 11:11:53.165,1.08955,1.08962,4.58,5.51
2016.06.02 11:11:55.016,1.08955,1.08958,3.08,1.00
2016.06.02 11:11:55.266,1.08951,1.08954,2.81,1.00
2016.06.02 11:11:55.775,1.08952,1.08957,1.10,3.45
2016.06.02 11:11:56.625,1.08952,1.08958,1.69,4.01
2016.06.02 11:11:57.182,1.08952,1.08958,5.44,3.00
2016.06.02 11:11:57.486,1.08956,1.0896,1.19,1.87
2016.06.02 11:11:57.537,1.08956,1.08962,3.64,2.62
2016.06.02 11:11:57.998,1.08958,1.08964,1.12,7.01
2016.06.02 11:11:58.504,1.08958,1.08963,1.12,1.47
2016.06.02 11:11:59.028,1.08957,1.08962,2.81,1.20
2016.06.02 11:11:59.335,1.08955,1.08958,1.25,1.12
2016.06.02 11:11:59.387,1.08952,1.08956,2.14,1.20
2016.06.02 11:12:00.435,1.08952,1.08955,2.14,1.00
2016.06.02 11:12:00.945,1.08952,1.08953,1.31,1.87
2016.06.02 11:12:01.148,1.08948,1.08952,1.47,1.57
2016.06.02 11:12:01.249,1.08946,1.08952,4.39,1.12
2016.06.02 11:12:01.792,1.08946,1.08953,5.06,9.19
2016.06.02 11:12:02.298,1.08947,1.08953,1.12,8.06
2016.06.02 11:12:03.690,1.08947,1.08952,1.31,3.45
2016.06.02 11:12:05.602,1.08946,1.08951,2.81,1.57
2016.06.02 11:12:06.107,1.08946,1.0895,2.81,1.12
2016.06.02 11:12:06.548,1.08945,1.08947,1.87,4.75
2016.06.02 11:12:06.650,1.08943,1.08945,1.12,1.00
2016.06.02 11:12:06.701,1.08941,1.08945,1.50,1.50
2016.06.02 11:12:07.206,1.0894,1.08944,3.72,1.12
2016.06.02 11:12:07.752,1.0894,1.08944,2.89,1.20
2016.06.02 11:12:07.955,1.08939,1.08941,1.87,1.00
2016.06.02 11:12:08.057,1.08938,1.08941,1.12,3.37
2016.06.02 11:12:08.160,1.08936,1.0894,1.12,2.06
2016.06.02 11:12:09.861,1.08935,1.0894,3.56,1.10
2016.06.02 11:12:12.081,1.08935,1.0894,1.12,1.39
2016.06.02 11:12:12.621,1.08934,1.0894,5.25,2.62
2016.06.02 11:12:15.148,1.08935,1.08941,1.50,6.07
2016.06.02 11:12:25.084,1.08935,1.0894,1.25,1.69
2016.06.02 11:12:35.851,1.08934,1.08938,1.19,1.12
2016.06.02 11:12:37.782,1.08934,1.08936,1.31,1.50
2016.06.02 11:12:37.934,1.08933,1.08936,1.12,2.81
2016.06.02 11:12:38.036,1.08931,1.08934,1.02,1.60
2016.06.02 11:12:39.145,1.08932,1.08935,1.00,1.31
2016.06.02 11:12:39.569,1.08931,1.08935,1.00,1.12
2016.06.02 11:12:39.797,1.08934,1.08936,1.00,4.12
2016.06.02 11:12:39.848,1.08934,1.08939,1.37,1.12
2016.06.02 11:12:40.253,1.08935,1.0894,1.50,3.37
2016.06.02 11:12:43.641,1.08934,1.0894,1.57,3.07
2016.06.02 11:12:46.476,1.08934,1.08936,1.10,1.00
2016.06.02 11:12:46.527,1.08929,1.08935,2.52,3.45
2016.06.02 11:12:46.629,1.08929,1.08934,1.09,2.25
2016.06.02 11:12:51.765,1.08929,1.08935,1.37,2.70
2016.06.02 11:12:52.422,1.0893,1.08934,2.36,1.12
2016.06.02 11:12:52.524,1.08933,1.08937,1.22,1.10
2016.06.02 11:12:52.575,1.08934,1.08937,1.65,1.00
2016.06.02 11:12:52.727,1.08935,1.0894,1.62,1.00
2016.06.02 11:12:53.255,1.08935,1.08942,3.46,3.00
2016.06.02 11:12:56.640,1.08938,1.08942,1.89,1.00
2016.06.02 11:12:57.147,1.08938,1.08944,2.91,2.62
2016.06.02 11:12:59.111,1.08938,1.08941,1.14,1.00
2016.06.02 11:12:59.163,1.08938,1.08941,1.25,2.25
2016.06.02 11:12:59.268,1.08935,1.08939,3.46,1.00
2016.06.02 11:12:59.814,1.08935,1.0894,1.76,1.75
2016.06.02 11:13:01.915,1.08935,1.08941,1.96,3.75
2016.06.02 11:13:03.245,1.08934,1.08941,3.19,6.64
2016.06.02 11:13:04.335,1.08935,1.08938,1.21,1.50
2016.06.02 11:13:04.487,1.08932,1.08937,1.69,1.10
2016.06.02 11:13:04.993,1.08931,1.08937,2.89,1.50
2016.06.02 11:13:05.044,1.08931,1.08934,1.50,1.00
2016.06.02 11:13:05.145,1.0893,1.08934,1.00,2.25
2016.06.02 11:13:05.686,1.08928,1.08933,4.66,1.50
2016.06.02 11:13:07.065,1.08929,1.08933,1.37,1.50
2016.06.02 11:13:07.570,1.08929,1.08933,1.47,1.10
2016.06.02 11:13:09.155,1.08931,1.08935,1.10,1.12
2016.06.02 11:13:14.025,1.08929,1.08934,2.70,1.87
2016.06.02 11:13:15.572,1.08929,1.08933,1.87,1.50
2016.06.02 11:13:18.875,1.08929,1.08934,1.12,2.00
2016.06.02 11:13:19.342,1.08931,1.08934,1.00,1.75
2016.06.02 11:13:19.443,1.08929,1.08934,1.87,1.75
2016.06.02 11:13:23.159,1.08929,1.08935,2.70,4.31
2016.06.02 11:13:24.649,1.0893,1.08935,3.37,1.12
2016.06.02 11:13:25.105,1.08928,1.08929,4.50,1.00
2016.06.02 11:13:25.294,1.08924,1.08928,7.57,1.20
2016.06.02 11:13:25.345,1.08923,1.08929,4.57,1.87
2016.06.02 11:13:25.651,1.08922,1.08924,2.81,3.07
2016.06.02 11:13:25.753,1.08919,1.08923,1.69,3.00
2016.06.02 11:13:25.855,1.08918,1.08923,1.10,3.00
2016.06.02 11:13:26.664,1.08918,1.08923,1.47,2.25
2016.06.02 11:13:27.170,1.08918,1.08924,1.50,2.25
2016.06.02 11:13:28.192,1.08919,1.08924,2.06,1.12
2016.06.02 11:13:28.496,1.08922,1.08927,1.12,6.07
2016.06.02 11:13:28.800,1.08922,1.08926,1.50,1.31
2016.06.02 11:13:28.851,1.0892,1.08922,6.00,1.00
2016.06.02 11:13:29.153,1.08917,1.08923,1.37,3.45
2016.06.02 11:13:30.922,1.08916,1.08922,5.14,1.12
2016.06.02 11:13:31.429,1.08916,1.08922,4.02,2.06
2016.06.02 11:13:31.480,1.08918,1.08922,4.39,1.12
2016.06.02 11:13:31.632,1.08918,1.08924,4.77,2.06
2016.06.02 11:13:32.133,1.08918,1.08925,6.64,3.37
2016.06.02 11:13:32.639,1.0892,1.08926,5.52,1.12
2016.06.02 11:13:33.214,1.08922,1.08927,3.64,2.62
2016.06.02 11:13:33.973,1.08922,1.08927,4.39,1.87
2016.06.02 11:13:35.127,1.08923,1.08928,3.27,2.25
2016.06.02 11:13:35.632,1.08923,1.08928,6.27,1.50
2016.06.02 11:13:36.286,1.08926,1.08929,4.02,1.12
2016.06.02 11:13:36.337,1.08926,1.08931,4.84,1.01
2016.06.02 11:13:36.843,1.08926,1.08932,7.84,1.20
2016.06.02 11:13:41.690,1.08928,1.08933,1.47,2.06
2016.06.02 11:13:42.044,1.08929,1.08934,6.08,1.10
2016.06.02 11:13:43.997,1.0893,1.08935,6.91,1.50
2016.06.02 11:13:44.503,1.0893,1.08935,7.21,1.10
2016.06.02 11:13:45.194,1.0893,1.08935,7.02,4.39
2016.06.02 11:13:45.245,1.0893,1.08933,1.87,1.31
2016.06.02 11:13:45.600,1.08928,1.08932,1.50,1.57
2016.06.02 11:13:45.954,1.08926,1.08929,1.87,1.87
2016.06.02 11:13:46.107,1.08925,1.08929,1.01,2.70
2016.06.02 11:13:46.713,1.08925,1.08928,1.01,1.00
2016.06.02 11:13:48.311,1.08927,1.08929,1.19,1.95
2016.06.02 11:13:50.154,1.08924,1.08928,6.46,1.00
2016.06.02 11:13:50.664,1.08924,1.08929,6.46,1.20
2016.06.02 11:13:51.784,1.08927,1.0893,1.25,2.44
2016.06.02 11:13:51.886,1.08929,1.08933,4.02,3.19
2016.06.02 11:13:51.938,1.0893,1.08933,1.31,2.44
2016.06.02 11:13:52.242,1.0893,1.08931,1.25,1.00
2016.06.02 11:13:52.344,1.08927,1.08931,2.14,2.62
2016.06.02 11:13:53.105,1.08927,1.08932,1.76,2.62
2016.06.02 11:13:53.611,1.08928,1.08933,1.95,3.19
2016.06.02 11:13:53.662,1.08931,1.08933,1.19,1.50
2016.06.02 11:13:53.713,1.08931,1.08934,1.19,1.95
2016.06.02 11:13:57.117,1.08931,1.08935,1.29,1.10
2016.06.02 11:14:03.970,1.08933,1.08936,1.00,1.12
2016.06.02 11:14:04.144,1.08933,1.08938,2.44,1.57
2016.06.02 11:14:07.737,1.08936,1.08939,1.00,1.12
2016.06.02 11:14:08.234,1.08936,1.0894,1.57,1.10
2016.06.02 11:14:08.812,1.08937,1.08941,3.75,1.87
2016.06.02 11:14:10.090,1.08937,1.08942,4.57,1.87
2016.06.02 11:14:10.192,1.0894,1.08942,3.75,1.87
2016.06.02 11:14:10.344,1.08941,1.08944,1.10,1.00
2016.06.02 11:14:10.880,1.08941,1.08943,1.00,1.87
2016.06.02 11:14:11.033,1.08935,1.08941,1.69,2.44
2016.06.02 11:14:11.338,1.08935,1.08939,2.14,1.50
2016.06.02 11:14:11.845,1.08934,1.08939,1.50,3.37
2016.06.02 11:14:14.374,1.08934,1.08939,4.12,1.95
2016.06.02 11:14:16.448,1.08938,1.0894,1.19,2.25
2016.06.02 11:14:16.499,1.08938,1.08942,3.19,4.31
2016.06.02 11:14:16.550,1.08941,1.08943,1.19,1.57
2016.06.02 11:14:16.651,1.08943,1.08945,1.00,2.32
2016.06.02 11:14:16.843,1.08944,1.08948,3.00,1.37
2016.06.02 11:14:17.147,1.08949,1.08952,1.12,1.00
2016.06.02 11:14:17.603,1.08948,1.08952,1.12,1.50
2016.06.02 11:14:17.655,1.0895,1.08952,1.00,1.87
2016.06.02 11:14:17.807,1.08948,1.08951,1.20,1.20
2016.06.02 11:14:18.297,1.08946,1.0895,1.57,1.10
2016.06.02 11:14:18.802,1.08946,1.08949,1.20,1.00
2016.06.02 11:14:19.106,1.08945,1.08947,1.00,2.25
2016.06.02 11:14:19.258,1.08943,1.08946,1.00,1.39
2016.06.02 11:14:19.465,1.08943,1.08946,1.00,3.00
2016.06.02 11:14:19.773,1.08937,1.0894,1.87,2.25
2016.06.02 11:14:19.875,1.08936,1.08939,1.37,1.22
2016.06.02 11:14:20.028,1.08935,1.0894,1.00,1.75
2016.06.02 11:14:23.885,1.08936,1.08941,1.37,3.37
2016.06.02 11:14:26.762,1.0894,1.08942,1.50,1.39
2016.06.02 11:14:27.067,1.08942,1.08945,1.00,4.12
2016.06.02 11:14:28.482,1.08941,1.08945,1.12,2.11
2016.06.02 11:14:34.382,1.08939,1.08943,1.20,1.39
2016.06.02 11:14:34.899,1.08938,1.08944,2.62,2.25
2016.06.02 11:14:36.749,1.08939,1.08944,1.12,1.50
2016.06.02 11:14:36.953,1.08941,1.08946,1.20,3.26
2016.06.02 11:14:37.156,1.08942,1.08947,1.75,1.57
2016.06.02 11:14:37.644,1.08941,1.08947,2.62,3.37
2016.06.02 11:14:51.623,1.08941,1.08946,2.62,2.89
2016.06.02 11:14:56.641,1.08942,1.08946,1.12,1.29
2016.06.02 11:14:56.894,1.08944,1.08946,1.50,1.10
2016.06.02 11:14:57.418,1.08946,1.08947,2.70,1.00
2016.06.02 11:14:57.774,1.08946,1.08948,2.70,1.00
2016.06.02 11:14:57.876,1.08946,1.0895,2.70,1.57
2016.06.02 11:14:58.875,1.08944,1.08947,7.50,3.00
2016.06.02 11:14:59.180,1.08937,1.08938,1.25,1.00
2016.06.02 11:14:59.231,1.08935,1.08938,3.56,1.00
2016.06.02 11:14:59.383,1.08937,1.0894,1.12,2.81
2016.06.02 11:14:59.905,1.08936,1.08939,1.47,1.00
2016.06.02 11:15:00.411,1.08935,1.08939,1.12,1.00
2016.06.02 11:15:02.362,1.08934,1.08938,4.50,1.00
2016.06.02 11:15:03.270,1.08935,1.08939,1.87,1.50
2016.06.02 11:15:03.790,1.08937,1.08939,1.39,1.50
2016.06.02 11:15:03.842,1.0894,1.08942,1.57,1.00
2016.06.02 11:15:03.944,1.0894,1.08944,4.12,1.00
2016.06.02 11:15:04.450,1.08941,1.08946,1.20,2.25
2016.06.02 11:15:06.465,1.0894,1.08944,2.62,1.50
2016.06.02 11:15:06.617,1.0894,1.08942,1.00,1.84
2016.06.02 11:15:06.921,1.08935,1.08936,1.50,1.25
2016.06.02 11:15:07.073,1.08931,1.08934,1.39,1.00
2016.06.02 11:15:07.176,1.08931,1.08932,1.39,1.00
2016.06.02 11:15:07.708,1.08931,1.08933,1.62,1.10
2016.06.02 11:15:08.264,1.08931,1.08933,1.62,1.10
2016.06.02 11:15:08.783,1.08931,1.08932,1.31,1.00
2016.06.02 11:15:09.187,1.08929,1.08931,2.44,1.00
2016.06.02 11:15:09.292,1.08926,1.08927,2.81,1.87
2016.06.02 11:15:09.395,1.08923,1.08925,2.14,1.00
2016.06.02 11:15:09.599,1.08922,1.08927,2.81,1.95
2016.06.02 11:15:10.156,1.08923,1.08929,1.12,3.19
2016.06.02 11:15:10.501,1.08925,1.0893,1.87,2.14
2016.06.02 11:15:10.805,1.08927,1.08932,2.62,1.50
2016.06.02 11:15:11.111,1.08929,1.08934,1.87,1.47
2016.06.02 11:15:11.753,1.08929,1.08934,1.87,1.57
2016.06.02 11:15:12.614,1.0893,1.08935,1.12,2.89
2016.06.02 11:15:13.162,1.0893,1.08935,1.87,1.00
2016.06.02 11:15:15.796,1.0893,1.08935,1.87,1.10
2016.06.02 11:15:17.503,1.0893,1.08934,1.87,1.00
2016.06.02 11:15:17.808,1.08928,1.08933,1.31,3.75
2016.06.02 11:15:18.313,1.08928,1.08932,1.22,1.00
2016.06.02 11:15:18.917,1.08928,1.08931,1.22,1.00
2016.06.02 11:15:19.423,1.08928,1.08932,1.22,1.00
2016.06.02 11:15:21.239,1.08922,1.08929,18.56,6.00
2016.06.02 11:15:21.392,1.08918,1.0892,1.37,1.50
2016.06.02 11:15:21.545,1.08916,1.0892,3.64,1.50
2016.06.02 11:15:21.595,1.08916,1.0892,2.06,4.50
2016.06.02 11:15:21.898,1.08914,1.08918,1.29,1.87
2016.06.02 11:15:22.101,1.08914,1.08919,1.39,1.00
2016.06.02 11:15:22.507,1.08914,1.0892,2.81,1.95
2016.06.02 11:15:24.035,1.08914,1.0892,1.31,3.75
2016.06.02 11:15:30.976,1.08917,1.08923,1.12,3.94
2016.06.02 11:15:31.077,1.08918,1.08923,1.50,1.20
2016.06.02 11:15:35.966,1.0892,1.08923,1.00,1.10
2016.06.02 11:15:36.153,1.0892,1.08925,2.52,1.57
2016.06.02 11:15:36.661,1.08921,1.08926,1.47,1.12
2016.06.02 11:15:37.465,1.08921,1.08928,3.27,2.62
2016.06.02 11:15:37.745,1.08923,1.08928,1.37,1.87
2016.06.02 11:15:38.303,1.08922,1.08927,1.39,1.12
2016.06.02 11:15:38.818,1.08923,1.08929,1.39,1.87
2016.06.02 11:15:39.112,1.08923,1.08929,3.46,1.10
2016.06.02 11:15:40.515,1.08925,1.08931,1.31,1.47
2016.06.02 11:15:41.022,1.08925,1.08931,1.31,3.19
2016.06.02 11:15:43.620,1.08925,1.08931,2.33,1.12
2016.06.02 11:15:50.008,1.08927,1.08932,1.50,1.87
2016.06.02 11:15:50.720,1.08928,1.08932,2.03,1.87
2016.06.02 11:15:50.821,1.08929,1.08935,2.14,1.69
2016.06.02 11:15:51.414,1.0893,1.08935,1.50,1.87
2016.06.02 11:15:58.190,1.08929,1.08934,1.12,1.12
2016.06.02 11:15:59.830,1.08928,1.08929,2.06,1.00
2016.06.02 11:15:59.932,1.08927,1.0893,1.87,2.25
2016.06.02 11:16:00.035,1.08926,1.0893,1.25,1.87
2016.06.02 11:16:00.541,1.08924,1.0893,3.56,1.87
2016.06.02 11:16:14.000,1.08924,1.08927,2.81,1.00
2016.06.02 11:16:14.541,1.08928,1.08929,1.25,1.00
2016.06.02 11:16:14.598,1.08928,1.08933,2.89,1.47
2016.06.02 11:16:14.801,1.08932,1.08935,2.44,4.39
2016.06.02 11:16:14.852,1.08934,1.08935,4.12,1.10
2016.06.02 11:16:14.903,1.08936,1.08937,1.00,1.00
2016.06.02 11:16:14.954,1.08936,1.08938,1.00,1.00
2016.06.02 11:16:15.005,1.08937,1.08942,1.50,4.50
2016.06.02 11:16:15.609,1.08936,1.08941,2.14,1.10
2016.06.02 11:16:16.628,1.08936,1.08942,2.14,3.19
2016.06.02 11:16:23.150,1.08935,1.0894,3.19,4.50
2016.06.02 11:16:23.557,1.08935,1.08936,1.87,1.10
2016.06.02 11:16:23.862,1.08933,1.08936,1.00,1.69
2016.06.02 11:16:24.415,1.08933,1.08936,1.00,1.69
2016.06.02 11:16:24.516,1.08931,1.08936,1.12,1.69
2016.06.02 11:16:25.022,1.08932,1.08937,1.00,4.76
2016.06.02 11:16:26.229,1.0893,1.08935,2.14,1.12
2016.06.02 11:16:26.735,1.08931,1.08936,1.12,2.06
2016.06.02 11:16:27.957,1.08931,1.08936,1.20,1.12
2016.06.02 11:16:31.633,1.08934,1.08937,1.00,2.89
2016.06.02 11:16:31.684,1.08934,1.08937,1.10,1.87
2016.06.02 11:16:31.978,1.08935,1.08939,1.20,1.10
2016.06.02 11:16:32.703,1.08934,1.08938,2.44,1.50
2016.06.02 11:16:32.856,1.08932,1.08936,1.47,4.39
2016.06.02 11:16:33.185,1.08929,1.08931,9.19,2.89
2016.06.02 11:16:33.236,1.08927,1.08931,1.10,4.84
2016.06.02 11:16:33.297,1.08925,1.08927,1.69,1.00
2016.06.02 11:16:33.500,1.08922,1.08928,4.39,5.89
2016.06.02 11:16:33.653,1.08924,1.08929,1.29,4.01
2016.06.02 11:16:34.201,1.08923,1.08928,2.06,2.62
2016.06.02 11:16:36.041,1.08923,1.08929,2.81,3.82
2016.06.02 11:16:36.448,1.08922,1.08927,1.47,1.00
2016.06.02 11:16:37.354,1.08922,1.08927,1.39,3.37
2016.06.02 11:16:38.095,1.08922,1.08925,1.62,1.00
2016.06.02 11:16:40.703,1.08922,1.08924,1.62,1.00
2016.06.02 11:16:40.930,1.08918,1.08923,1.87,1.00
2016.06.02 11:16:41.438,1.08917,1.08924,6.37,2.32
2016.06.02 11:16:44.498,1.08917,1.08922,1.39,2.32
2016.06.02 11:16:45.108,1.08918,1.08922,1.37,1.10
2016.06.02 11:16:46.215,1.08918,1.08924,2.89,1.20
2016.06.02 11:16:47.177,1.08921,1.08925,1.00,3.37
2016.06.02 11:16:47.329,1.08921,1.08926,2.51,1.57
2016.06.02 11:16:47.804,1.08922,1.08928,2.89,1.10
2016.06.02 11:16:48.326,1.08922,1.08928,4.31,1.00
2016.06.02 11:16:48.831,1.08923,1.08929,1.87,1.39
2016.06.02 11:16:52.840,1.08927,1.0893,2.06,1.37
2016.06.02 11:16:52.891,1.08928,1.08933,1.39,1.09
2016.06.02 11:16:54.172,1.0893,1.08935,1.37,1.57
2016.06.02 11:16:54.678,1.0893,1.08935,1.37,1.57
2016.06.02 11:16:56.318,1.08931,1.08936,1.84,1.10
2016.06.02 11:16:56.621,1.08932,1.08938,1.47,5.89
2016.06.02 11:16:57.245,1.08932,1.08935,1.47,1.00
2016.06.02 11:16:57.550,1.08927,1.08931,2.06,5.52
2016.06.02 11:16:57.701,1.08926,1.08931,2.14,5.52
2016.06.02 11:17:01.630,1.08928,1.0893,2.25,1.69
2016.06.02 11:17:01.732,1.08929,1.08933,1.37,4.87
2016.06.02 11:17:02.037,1.08929,1.0893,1.12,1.50
2016.06.02 11:17:02.858,1.08929,1.08932,1.37,1.37
2016.06.02 11:17:03.126,1.08928,1.08931,1.20,1.12
2016.06.02 11:17:05.528,1.08928,1.08931,2.70,1.00
2016.06.02 11:17:06.246,1.08928,1.08932,1.50,1.00
2016.06.02 11:17:09.346,1.08927,1.0893,1.12,1.00
2016.06.02 11:17:11.055,1.08928,1.08932,1.87,1.00
2016.06.02 11:17:11.663,1.08928,1.08933,1.87,1.31
2016.06.02 11:17:11.764,1.08928,1.0893,1.50,1.00
2016.06.02 11:17:14.112,1.08927,1.08929,8.25,1.19
2016.06.02 11:17:14.290,1.08926,1.08928,2.25,1.25
2016.06.02 11:17:14.457,1.08922,1.08927,1.87,1.50
2016.06.02 11:17:14.862,1.08922,1.08925,1.87,1.00
2016.06.02 11:17:15.369,1.08923,1.08927,1.50,3.26
2016.06.02 11:17:17.339,1.08923,1.08927,1.00,1.69
2016.06.02 11:17:21.851,1.08924,1.08928,1.10,1.19
2016.06.02 11:17:21.903,1.08925,1.08929,1.37,1.10
2016.06.02 11:17:22.512,1.08925,1.0893,1.47,1.01
2016.06.02 11:17:24.993,1.08924,1.08931,2.25,4.69
2016.06.02 11:17:25.650,1.08928,1.08931,1.00,3.19
2016.06.02 11:17:25.954,1.08934,1.08937,1.87,1.19
2016.06.02 11:17:26.145,1.08933,1.08938,1.47,1.01
2016.06.02 11:17:27.387,1.08932,1.08935,1.46,1.50
2016.06.02 11:17:27.540,1.0893,1.08935,1.00,2.89
2016.06.02 11:17:28.046,1.08929,1.08934,1.47,1.00
2016.06.02 11:17:28.551,1.08929,1.08935,1.47,1.39
2016.06.02 11:17:33.998,1.08929,1.08936,2.14,1.69
2016.06.02 11:17:34.505,1.0893,1.08936,2.25,1.20
2016.06.02 11:17:37.359,1.08933,1.08937,1.00,2.81
2016.06.02 11:17:37.613,1.08935,1.08941,1.47,2.62
2016.06.02 11:17:38.161,1.08935,1.08939,1.37,1.10
2016.06.02 11:17:39.855,1.08935,1.08941,1.57,1.50
2016.06.02 11:17:40.715,1.08935,1.08939,1.47,1.00
2016.06.02 11:17:41.512,1.08935,1.08938,1.37,1.00
2016.06.02 11:17:41.614,1.08933,1.08936,1.69,1.00
2016.06.02 11:17:42.221,1.08932,1.08937,2.14,1.00
2016.06.02 11:17:43.165,1.08933,1.08937,1.94,1.12
2016.06.02 11:17:43.671,1.08934,1.08939,1.62,4.82
2016.06.02 11:17:45.036,1.08933,1.08938,1.56,1.10
2016.06.02 11:17:52.700,1.08932,1.08937,2.96,1.00
2016.06.02 11:17:52.751,1.08931,1.08937,1.87,1.50
2016.06.02 11:17:52.853,1.0893,1.08934,2.81,1.00
2016.06.02 11:17:53.363,1.08929,1.08934,4.50,1.00
2016.06.02 11:17:54.245,1.08929,1.08934,1.50,3.19
2016.06.02 11:17:54.296,1.08927,1.08932,4.12,1.00
2016.06.02 11:17:55.983,1.08929,1.08932,1.00,1.00
2016.06.02 11:17:56.493,1.08929,1.08933,1.01,1.00
2016.06.02 11:17:57.033,1.08929,1.08935,1.57,1.12
2016.06.02 11:17:57.438,1.08931,1.08935,1.12,1.12
2016.06.02 11:17:57.742,1.08935,1.0894,1.37,3.19
2016.06.02 11:17:58.264,1.08935,1.08941,1.37,4.50
2016.06.02 11:18:00.183,1.08933,1.0894,4.95,5.51
2016.06.02 11:18:00.638,1.08932,1.08937,2.32,1.00
2016.06.02 11:18:01.144,1.08932,1.08938,1.57,1.76
2016.06.02 11:18:02.699,1.08932,1.08937,1.20,2.25
2016.06.02 11:18:03.426,1.08932,1.08937,1.20,6.82
2016.06.02 11:18:04.291,1.08932,1.08936,1.20,1.00
2016.06.02 11:18:04.828,1.08933,1.08938,1.00,1.87
2016.06.02 11:18:05.342,1.08934,1.0894,1.87,4.87
2016.06.02 11:18:05.848,1.08935,1.0894,2.62,1.87
2016.06.02 11:18:06.373,1.08935,1.0894,3.37,1.00
2016.06.02 11:18:12.821,1.08935,1.0894,4.87,2.62
2016.06.02 11:18:13.440,1.08935,1.0894,3.45,4.27
2016.06.02 11:18:14.532,1.08935,1.08939,1.10,1.31
2016.06.02 11:18:14.836,1.08938,1.08941,2.06,1.12
2016.06.02 11:18:15.177,1.08941,1.08947,3.82,3.75
2016.06.02 11:18:15.684,1.08941,1.08947,6.37,2.14
2016.06.02 11:18:16.190,1.08943,1.08946,2.62,1.25
2016.06.02 11:18:17.077,1.08941,1.08947,4.58,2.40
2016.06.02 11:18:17.763,1.08944,1.08947,2.62,1.10
2016.06.02 11:18:17.865,1.08945,1.0895,4.84,1.10
2016.06.02 11:18:18.372,1.08945,1.0895,1.33,1.76
2016.06.02 11:18:18.881,1.08944,1.0895,3.64,3.34
2016.06.02 11:18:19.345,1.08944,1.08948,2.89,2.25
2016.06.02 11:18:19.447,1.08941,1.08946,1.87,1.87
2016.06.02 11:18:20.038,1.0894,1.08946,5.14,1.20
2016.06.02 11:18:21.949,1.08944,1.08947,3.75,1.12
2016.06.02 11:18:22.152,1.08947,1.08951,2.97,1.00
2016.06.02 11:18:22.894,1.08945,1.08949,1.50,1.00
2016.06.02 11:18:23.197,1.08944,1.08947,1.10,1.00
2016.06.02 11:18:23.703,1.08943,1.08948,4.47,1.39
2016.06.02 11:18:25.795,1.08943,1.08947,3.34,1.00
2016.06.02 11:18:31.458,1.08943,1.08946,2.11,1.00
2016.06.02 11:18:32.533,1.08942,1.08945,2.79,1.00
2016.06.02 11:18:32.837,1.0894,1.08944,3.05,1.00
2016.06.02 11:18:33.371,1.0894,1.08945,2.86,1.95
2016.06.02 11:18:36.743,1.0894,1.08943,3.24,1.00
2016.06.02 11:18:36.997,1.08938,1.08943,1.95,1.50
2016.06.02 11:18:37.504,1.08939,1.08943,2.70,1.50
2016.06.02 11:18:38.005,1.08939,1.08944,2.70,1.10
2016.06.02 11:18:38.540,1.0894,1.08945,1.37,1.50
2016.06.02 11:18:39.046,1.0894,1.08945,1.47,1.20
2016.06.02 11:18:43.648,1.0894,1.08943,2.54,3.00
2016.06.02 11:18:43.801,1.08937,1.08941,1.42,1.20
2016.06.02 11:18:44.307,1.08935,1.0894,4.42,1.10
2016.06.02 11:18:45.090,1.08935,1.0894,3.67,1.10
2016.06.02 11:18:45.596,1.08936,1.0894,2.09,1.20
2016.06.02 11:18:46.456,1.08937,1.08941,1.34,1.12
2016.06.02 11:18:47.166,1.08936,1.0894,1.00,3.82
2016.06.02 11:18:47.318,1.08935,1.08939,4.18,1.50
2016.06.02 11:18:50.219,1.08935,1.0894,2.68,1.50
2016.06.02 11:18:52.785,1.08934,1.08935,2.32,1.12
2016.06.02 11:18:53.134,1.08932,1.08934,3.05,1.12
2016.06.02 11:18:53.185,1.08932,1.08937,5.30,1.12
2016.06.02 11:18:53.238,1.08932,1.08936,5.30,1.12
2016.06.02 11:18:53.410,1.08934,1.08938,2.25,1.95
2016.06.02 11:18:53.916,1.08935,1.0894,3.05,3.19
2016.06.02 11:18:54.481,1.08936,1.08941,2.68,2.25
2016.06.02 11:18:54.987,1.08936,1.08941,1.12,1.87
2016.06.02 11:18:55.928,1.08935,1.0894,1.12,1.95
2016.06.02 11:19:02.710,1.08937,1.08942,1.00,3.94
2016.06.02 11:19:02.761,1.08938,1.08942,3.24,1.57
2016.06.02 11:19:02.913,1.08939,1.08943,1.37,1.20
2016.06.02 11:19:03.465,1.08941,1.08946,2.79,6.00
2016.06.02 11:19:03.971,1.08941,1.08947,3.99,2.81
2016.06.02 11:19:04.485,1.08941,1.08947,5.79,1.60
2016.06.02 11:19:04.789,1.08945,1.08951,3.54,5.25
2016.06.02 11:19:04.840,1.08945,1.08951,4.29,3.19
2016.06.02 11:19:05.346,1.08945,1.08951,5.11,2.89
2016.06.02 11:19:11.635,1.08945,1.08952,6.00,3.56
2016.06.02 11:19:14.590,1.08946,1.08951,1.10,1.39
2016.06.02 11:19:19.146,1.08946,1.08949,1.12,1.00
2016.06.02 11:19:19.652,1.08946,1.08951,1.12,1.31
2016.06.02 11:19:35.408,1.08946,1.08951,1.39,4.20
2016.06.02 11:19:38.311,1.08945,1.08947,3.56,1.00
2016.06.02 11:19:38.860,1.08945,1.08946,1.50,1.00
2016.06.02 11:19:38.911,1.08945,1.08946,1.00,1.00
2016.06.02 11:19:38.962,1.08942,1.08947,1.87,1.10
2016.06.02 11:19:39.468,1.08942,1.08947,2.32,1.50
2016.06.02 11:19:39.995,1.08942,1.08948,4.12,1.87
2016.06.02 11:19:40.223,1.08944,1.0895,1.65,3.00
2016.06.02 11:19:40.628,1.08945,1.08947,1.37,1.00
2016.06.02 11:19:40.730,1.08942,1.08946,3.56,1.00
2016.06.02 11:19:41.134,1.08942,1.08948,3.37,1.76
2016.06.02 11:19:41.433,1.08946,1.08951,2.62,1.75
2016.06.02 11:19:41.484,1.08946,1.08952,2.70,3.37
2016.06.02 11:19:41.738,1.08948,1.08952,1.37,1.50
2016.06.02 11:19:44.925,1.08947,1.08952,3.82,1.50
2016.06.02 11:19:47.333,1.08947,1.08952,1.37,4.39
2016.06.02 11:19:47.738,1.08945,1.08949,3.56,1.12
2016.06.02 11:19:47.840,1.08945,1.08946,1.69,1.00
2016.06.02 11:19:47.941,1.08942,1.08946,3.19,2.25
2016.06.02 11:19:48.485,1.08944,1.08947,1.20,1.00
2016.06.02 11:19:48.739,1.08944,1.0895,2.40,3.19
2016.06.02 11:19:48.841,1.08946,1.0895,1.37,1.20
2016.06.02 11:19:50.457,1.08946,1.08952,1.50,2.62
2016.06.02 11:19:51.197,1.08946,1.08951,1.50,2.14
2016.06.02 11:19:51.702,1.08946,1.08951,1.50,1.76
2016.06.02 11:19:52.359,1.08946,1.08951,1.50,3.64
2016.06.02 11:19:55.158,1.08946,1.08951,1.87,1.20
2016.06.02 11:19:55.496,1.08946,1.0895,1.50,2.81
2016.06.02 11:19:56.066,1.08945,1.08948,2.06,1.12
2016.06.02 11:19:56.320,1.08944,1.08948,2.70,2.06
2016.06.02 11:19:58.271,1.08943,1.08948,2.62,1.12
2016.06.02 11:20:00.590,1.08943,1.08948,1.20,1.20
2016.06.02 11:20:00.991,1.08943,1.08948,2.32,1.20
2016.06.02 11:20:02.081,1.08944,1.0895,2.32,4.12
2016.06.02 11:20:02.595,1.08945,1.0895,1.37,3.56
2016.06.02 11:20:06.084,1.08945,1.08949,1.37,3.26
2016.06.02 11:20:06.690,1.08945,1.08949,1.37,2.14
2016.06.02 11:20:07.494,1.08945,1.08949,1.37,3.26
2016.06.02 11:20:08.036,1.08945,1.08949,1.37,2.89
2016.06.02 11:20:10.179,1.08945,1.0895,1.47,1.10
2016.06.02 11:20:10.724,1.08945,1.0895,1.47,1.47
2016.06.02 11:20:11.028,1.08943,1.08947,2.51,1.37
2016.06.02 11:20:11.547,1.08943,1.08946,1.25,2.25
2016.06.02 11:20:12.085,1.08943,1.08946,1.00,1.00
2016.06.02 11:20:14.381,1.08943,1.08946,1.00,2.62
2016.06.02 11:20:14.584,1.0894,1.08945,2.14,4.57
2016.06.02 11:20:17.612,1.08939,1.08944,5.06,3.82
2016.06.02 11:20:19.028,1.08939,1.08943,2.89,1.57
2016.06.02 11:20:19.130,1.08939,1.08942,1.20,1.62
2016.06.02 11:20:19.333,1.08935,1.08939,1.95,1.39
2016.06.02 11:20:19.839,1.08937,1.08941,1.00,3.00
2016.06.02 11:20:21.296,1.08937,1.08941,1.10,1.00
2016.06.02 11:20:25.043,1.08937,1.08942,1.10,1.20
2016.06.02 11:20:25.843,1.08937,1.08942,1.10,2.89
2016.06.02 11:20:28.375,1.08937,1.08942,1.10,1.57
2016.06.02 11:20:28.771,1.08939,1.08942,3.75,1.10
2016.06.02 11:20:28.977,1.08941,1.08946,1.10,1.12
2016.06.02 11:20:29.489,1.08941,1.08947,1.50,3.37
2016.06.02 11:20:30.474,1.08944,1.08947,1.00,1.50
2016.06.02 11:20:30.626,1.08945,1.0895,1.87,1.50
2016.06.02 11:20:31.132,1.08945,1.08951,5.70,1.31
2016.06.02 11:20:33.448,1.08945,1.0895,4.50,2.32
2016.06.02 11:20:34.066,1.08945,1.0895,3.00,2.70
2016.06.02 11:20:34.753,1.08945,1.0895,2.25,1.76
2016.06.02 11:20:35.260,1.08945,1.0895,2.25,2.14
2016.06.02 11:20:36.972,1.08948,1.0895,1.00,1.10
2016.06.02 11:20:37.175,1.08951,1.08955,1.10,3.07
2016.06.02 11:20:37.277,1.0895,1.08953,3.37,2.25
2016.06.02 11:20:37.479,1.08948,1.08951,1.29,1.87
2016.06.02 11:20:37.581,1.08947,1.08952,2.32,3.56
2016.06.02 11:20:38.129,1.08948,1.08953,1.10,3.75
2016.06.02 11:20:38.666,1.08948,1.08954,2.70,3.45
2016.06.02 11:20:39.190,1.08949,1.08954,2.59,3.00
2016.06.02 11:20:39.475,1.08948,1.08952,2.32,1.10
2016.06.02 11:20:41.080,1.08947,1.08951,3.75,1.00
2016.06.02 11:20:43.396,1.08947,1.08952,4.87,2.51
2016.06.02 11:20:43.548,1.08947,1.08952,4.12,3.45
2016.06.02 11:20:43.852,1.08944,1.08947,3.45,1.12
2016.06.02 11:20:43.953,1.08944,1.08947,2.02,1.12
2016.06.02 11:20:44.343,1.08947,1.08949,1.00,2.62
2016.06.02 11:20:44.596,1.08945,1.0895,4.31,1.00
2016.06.02 11:20:45.103,1.08947,1.08951,1.10,3.07
2016.06.02 11:20:45.821,1.08947,1.08951,1.10,3.07
2016.06.02 11:20:47.085,1.08947,1.0895,1.10,3.19
2016.06.02 11:20:47.237,1.08945,1.08949,1.20,1.76
2016.06.02 11:20:48.734,1.08944,1.08949,6.64,2.51
2016.06.02 11:20:48.785,1.08947,1.08949,1.00,1.39
2016.06.02 11:20:50.427,1.08947,1.08951,1.10,2.70
2016.06.02 11:20:58.535,1.08947,1.08951,1.10,2.89
2016.06.02 11:20:58.636,1.08945,1.08948,3.37,1.37
2016.06.02 11:20:58.687,1.08944,1.08948,2.25,2.62
2016.06.02 11:20:58.987,1.08943,1.08946,1.10,1.00
2016.06.02 11:21:01.131,1.08943,1.08946,1.10,1.69
2016.06.02 11:21:01.695,1.08942,1.08945,1.10,1.00
2016.06.02 11:21:02.236,1.08942,1.08946,1.10,2.70
2016.06.02 11:21:02.745,1.08941,1.08946,3.37,3.82
2016.06.02 11:21:04.344,1.08941,1.08946,3.37,3.82
2016.06.02 11:21:04.694,1.0894,1.08945,2.70,5.62
2016.06.02 11:21:06.251,1.0894,1.08945,3.75,2.70
2016.06.02 11:21:06.504,1.08941,1.08946,3.37,1.00
2016.06.02 11:21:08.718,1.08945,1.08948,1.00,1.12
2016.06.02 11:21:08.819,1.08945,1.08951,3.82,4.50
2016.06.02 11:21:08.921,1.08946,1.08951,1.95,1.87
2016.06.02 11:21:09.467,1.08946,1.08951,1.20,2.25
2016.06.02 11:21:09.972,1.08946,1.08951,1.10,6.00
2016.06.02 11:21:10.659,1.08944,1.08947,2.77,1.00
2016.06.02 11:21:10.963,1.08942,1.08945,2.14,1.12
2016.06.02 11:21:11.579,1.08942,1.08946,2.14,1.20
2016.06.02 11:21:12.086,1.08942,1.08948,1.69,2.81
2016.06.02 11:21:12.596,1.08941,1.08946,3.75,1.10
2016.06.02 11:21:12.900,1.08945,1.0895,2.62,5.62
2016.06.02 11:21:12.952,1.08946,1.08951,1.50,4.57
2016.06.02 11:21:13.551,1.08946,1.08952,4.50,1.31
2016.06.02 11:21:18.032,1.08946,1.08951,2.62,1.84
2016.06.02 11:21:18.556,1.08946,1.08949,1.10,1.00
2016.06.02 11:21:19.062,1.08946,1.08951,1.57,3.37
2016.06.02 11:21:20.357,1.08946,1.08952,3.00,2.62
2016.06.02 11:21:21.348,1.08946,1.0895,4.50,1.12
2016.06.02 11:21:21.753,1.08946,1.0895,1.31,2.81
2016.06.02 11:21:23.529,1.08946,1.08952,1.57,4.50
2016.06.02 11:21:24.287,1.08946,1.08952,6.37,1.12
2016.06.02 11:21:27.163,1.08946,1.0895,5.62,1.50
2016.06.02 11:21:27.669,1.08946,1.08949,1.95,1.00
2016.06.02 11:21:30.484,1.08946,1.08951,1.95,2.25
2016.06.02 11:21:31.608,1.08947,1.08952,1.00,2.25
2016.06.02 11:21:32.275,1.08947,1.08952,1.20,1.12
2016.06.02 11:21:32.782,1.08948,1.08952,1.00,1.12
2016.06.02 11:21:33.187,1.08945,1.08949,3.94,1.12
2016.06.02 11:21:33.722,1.08945,1.08949,2.89,1.84
2016.06.02 11:21:37.510,1.08947,1.08952,1.10,2.06
2016.06.02 11:21:38.300,1.08947,1.08953,3.75,1.87
2016.06.02 11:21:38.351,1.08949,1.08953,1.31,1.12
2016.06.02 11:21:38.867,1.08949,1.08953,1.39,1.10
2016.06.02 11:21:41.831,1.08948,1.08953,1.69,1.10
2016.06.02 11:21:42.136,1.08947,1.08951,1.69,4.87
2016.06.02 11:21:42.430,1.08945,1.08949,1.22,1.00
2016.06.02 11:21:44.951,1.08945,1.0895,1.22,1.10
2016.06.02 11:21:48.980,1.08945,1.08949,1.39,2.51
2016.06.02 11:21:49.486,1.08944,1.08949,2.89,2.51
2016.06.02 11:21:50.648,1.08944,1.08949,2.44,3.34
2016.06.02 11:21:51.195,1.08944,1.08948,1.29,1.57
2016.06.02 11:21:53.430,1.08942,1.08947,3.56,1.00
2016.06.02 11:21:53.936,1.08942,1.08947,2.44,2.06
2016.06.02 11:21:54.442,1.08942,1.08946,1.31,2.81
2016.06.02 11:21:58.272,1.08942,1.08946,1.91,1.12
2016.06.02 11:21:58.424,1.08945,1.08949,1.00,1.50
2016.06.02 11:21:58.975,1.08945,1.08951,2.14,4.31
2016.06.02 11:22:00.930,1.08945,1.08949,1.31,2.44
2016.06.02 11:22:01.478,1.08944,1.08947,1.19,1.20
2016.06.02 11:22:01.986,1.08942,1.08948,2.44,4.20
2016.06.02 11:22:05.084,1.08942,1.08947,2.44,3.64
2016.06.02 11:22:08.247,1.08942,1.08946,1.20,1.57
2016.06.02 11:22:13.204,1.08942,1.08946,1.20,2.77
2016.06.02 11:22:13.549,1.08939,1.08941,7.87,1.31
2016.06.02 11:22:13.600,1.08939,1.08941,1.00,1.29
2016.06.02 11:22:13.954,1.08937,1.08942,1.20,3.37
2016.06.02 11:22:16.259,1.08937,1.0894,1.20,1.00
2016.06.02 11:22:18.851,1.08937,1.08942,1.20,1.60
2016.06.02 11:22:23.196,1.08939,1.08942,1.00,4.31
2016.06.02 11:22:23.298,1.0894,1.08944,1.50,2.62
2016.06.02 11:22:23.653,1.08943,1.08946,1.00,4.31
2016.06.02 11:22:24.010,1.08945,1.08946,1.12,1.25
2016.06.02 11:22:24.213,1.08945,1.08949,1.12,1.31
2016.06.02 11:22:24.972,1.08944,1.08949,1.65,1.76
2016.06.02 11:22:25.522,1.08943,1.08948,1.47,3.37
2016.06.02 11:22:26.763,1.08943,1.08947,1.47,1.47
2016.06.02 11:22:26.915,1.0894,1.08945,5.62,3.64
2016.06.02 11:22:27.421,1.08942,1.08946,1.12,2.25
2016.06.02 11:22:27.574,1.08944,1.08947,1.12,1.12
2016.06.02 11:22:27.877,1.08946,1.08949,1.00,1.29
2016.06.02 11:22:28.381,1.08947,1.08951,1.00,3.19
2016.06.02 11:22:29.652,1.08946,1.08949,1.00,1.37
2016.06.02 11:22:29.855,1.08943,1.08948,1.10,2.06
2016.06.02 11:22:30.160,1.08945,1.08948,1.00,1.31
2016.06.02 11:22:30.686,1.08944,1.08948,1.00,1.31
2016.06.02 11:22:31.499,1.08943,1.08948,1.10,3.56
2016.06.02 11:22:34.398,1.08942,1.08946,1.50,1.37
2016.06.02 11:22:34.584,1.08939,1.08944,1.50,1.20
2016.06.02 11:22:35.089,1.08939,1.08945,2.25,5.06
2016.06.02 11:22:35.494,1.0894,1.08945,3.45,1.20
2016.06.02 11:22:35.982,1.08941,1.08946,1.50,5.81
2016.06.02 11:22:36.236,1.08944,1.08948,1.00,1.95
2016.06.02 11:22:36.996,1.08945,1.08949,1.00,4.50
2016.06.02 11:22:37.692,1.08945,1.08949,1.10,1.10
2016.06.02 11:22:38.198,1.08944,1.08945,1.57,1.25
2016.06.02 11:22:38.483,1.08938,1.08944,2.40,9.37
2016.06.02 11:22:38.737,1.08939,1.08944,1.50,2.62
2016.06.02 11:22:40.357,1.08938,1.08944,2.62,3.82
2016.06.02 11:22:40.901,1.08938,1.08944,1.87,4.01
2016.06.02 11:22:49.334,1.08939,1.08944,1.37,1.12
2016.06.02 11:22:58.602,1.08939,1.08944,1.12,2.25
2016.06.02 11:22:59.108,1.08937,1.08942,2.89,1.01
2016.06.02 11:23:00.971,1.08937,1.08942,1.20,1.20
2016.06.02 11:23:02.868,1.08937,1.08941,1.20,1.50
2016.06.02 11:23:03.172,1.08935,1.0894,1.50,2.06
2016.06.02 11:23:03.679,1.08935,1.0894,1.20,2.81
2016.06.02 11:23:04.980,1.08934,1.0894,1.39,2.06
2016.06.02 11:23:10.400,1.08933,1.08938,1.69,1.57
2016.06.02 11:23:10.552,1.08931,1.08935,2.81,3.45
2016.06.02 11:23:10.806,1.08932,1.08935,1.50,1.47
2016.06.02 11:23:10.907,1.08935,1.08937,1.12,1.10
2016.06.02 11:23:11.010,1.08935,1.0894,2.81,3.00
2016.06.02 11:23:11.525,1.08934,1.0894,1.01,4.76
2016.06.02 11:23:15.924,1.08933,1.08939,3.19,1.84
2016.06.02 11:23:16.478,1.08933,1.08939,3.94,1.46
2016.06.02 11:23:16.843,1.08933,1.08938,2.89,1.12
2016.06.02 11:23:17.147,1.0893,1.08935,1.39,1.50
2016.06.02 11:23:18.380,1.08932,1.08934,1.50,1.10
2016.06.02 11:23:18.583,1.08934,1.08938,1.50,1.76
2016.06.02 11:23:19.125,1.08934,1.0894,3.26,1.50
2016.06.02 11:23:20.882,1.08935,1.08941,1.69,4.31
2016.06.02 11:23:24.181,1.08939,1.0894,1.00,1.00
2016.06.02 11:23:24.486,1.0894,1.08942,1.57,1.00
2016.06.02 11:23:24.994,1.08939,1.08942,3.19,1.00
2016.06.02 11:23:25.532,1.08939,1.08944,3.19,1.00
2016.06.02 11:23:26.442,1.08939,1.08945,3.94,2.32
2016.06.02 11:23:27.051,1.08941,1.08946,1.37,1.50
2016.06.02 11:23:27.603,1.08941,1.08946,1.50,1.10
2016.06.02 11:23:29.554,1.08941,1.08945,1.50,1.00
2016.06.02 11:23:31.161,1.08939,1.08945,3.37,2.70
2016.06.02 11:23:31.667,1.08939,1.08944,2.62,1.87
2016.06.02 11:23:32.217,1.08939,1.08943,2.62,1.00
2016.06.02 11:23:32.370,1.08935,1.0894,5.06,1.12
2016.06.02 11:23:32.471,1.08934,1.0894,4.69,1.57
2016.06.02 11:23:32.674,1.08936,1.08941,1.37,1.87
2016.06.02 11:23:33.205,1.08936,1.08941,1.50,1.10
2016.06.02 11:23:34.615,1.08937,1.08942,4.01,1.12
2016.06.02 11:23:34.716,1.08938,1.08943,1.84,1.10
2016.06.02 11:23:35.323,1.08938,1.08942,1.39,1.00
2016.06.02 11:23:35.917,1.08937,1.0894,1.22,1.00
2016.06.02 11:23:36.069,1.08935,1.08939,1.39,1.00
2016.06.02 11:23:36.951,1.08935,1.0894,1.20,1.20
2016.06.02 11:23:37.326,1.08935,1.08938,1.20,1.00
2016.06.02 11:23:37.832,1.08933,1.08938,5.06,1.00
2016.06.02 11:23:38.352,1.08935,1.08938,1.00,1.50
2016.06.02 11:23:39.183,1.08933,1.08938,2.44,2.62
2016.06.02 11:23:39.487,1.08929,1.08933,1.95,1.10
2016.06.02 11:23:41.755,1.08928,1.08933,2.06,1.47
2016.06.02 11:23:42.270,1.08928,1.08933,1.39,2.32
2016.06.02 11:23:42.787,1.08928,1.08932,1.39,1.87
2016.06.02 11:23:43.941,1.08928,1.08934,1.95,3.75
2016.06.02 11:23:45.007,1.08927,1.08934,6.75,2.44
2016.06.02 11:23:48.036,1.08927,1.08932,2.25,1.12
2016.06.02 11:23:48.549,1.08926,1.08932,4.39,1.20
2016.06.02 11:23:49.544,1.08926,1.08931,3.07,1.87
2016.06.02 11:23:49.646,1.08925,1.08929,1.20,1.50
2016.06.02 11:23:52.584,1.08926,1.08931,1.10,1.50
2016.06.02 11:23:52.736,1.08927,1.08933,1.37,2.44
2016.06.02 11:23:52.838,1.08927,1.08933,1.47,3.37
2016.06.02 11:23:53.344,1.08927,1.08931,1.47,1.00
2016.06.02 11:23:53.886,1.08927,1.08932,1.47,1.10
2016.06.02 11:23:54.645,1.08927,1.08931,1.47,1.00
2016.06.02 11:23:55.359,1.08927,1.08932,1.47,1.10
2016.06.02 11:23:56.887,1.08927,1.08933,2.51,2.70
2016.06.02 11:23:57.387,1.08928,1.08934,3.07,1.01
2016.06.02 11:24:00.926,1.08928,1.08933,1.50,1.56
2016.06.02 11:24:01.078,1.08927,1.08932,1.20,1.95
2016.06.02 11:24:01.606,1.08927,1.08933,4.12,1.57
2016.06.02 11:24:02.316,1.08926,1.08933,3.45,3.37
2016.06.02 11:24:05.062,1.08927,1.08932,1.47,1.10
2016.06.02 11:24:10.382,1.08927,1.08931,1.47,1.00
2016.06.02 11:24:10.433,1.08925,1.08928,6.16,2.06
2016.06.02 11:24:10.686,1.08921,1.08925,3.94,1.00
2016.06.02 11:24:10.889,1.08923,1.08927,1.12,1.01
2016.06.02 11:24:11.429,1.08924,1.08928,1.00,3.00
2016.06.02 11:24:11.935,1.08924,1.08928,1.00,1.20
2016.06.02 11:24:13.753,1.08923,1.08929,1.20,3.00
2016.06.02 11:24:14.541,1.08927,1.08929,1.69,1.12
2016.06.02 11:24:14.593,1.08927,1.08931,2.62,1.50
2016.06.02 11:24:14.847,1.08929,1.08935,5.86,2.70
2016.06.02 11:24:14.949,1.0893,1.08935,2.89,1.20
2016.06.02 11:24:15.253,1.08934,1.08939,1.50,1.00
2016.06.02 11:24:15.696,1.08934,1.08941,3.56,1.95
2016.06.02 11:24:16.152,1.08934,1.08941,2.25,6.56
2016.06.02 11:24:18.123,1.08932,1.08938,2.62,2.32
2016.06.02 11:24:18.226,1.08932,1.08937,1.20,1.10
2016.06.02 11:24:18.378,1.08932,1.08935,1.10,1.50
2016.06.02 11:24:18.479,1.08929,1.08935,1.69,1.57
2016.06.02 11:24:18.785,1.08928,1.08933,2.44,1.00
2016.06.02 11:24:20.626,1.08928,1.08934,1.50,1.39
2016.06.02 11:24:24.763,1.08933,1.08935,1.37,1.50
2016.06.02 11:24:25.027,1.08934,1.0894,1.95,1.31
2016.06.02 11:24:25.532,1.08934,1.08941,3.19,3.56
2016.06.02 11:24:30.144,1.08934,1.0894,1.95,1.39
2016.06.02 11:24:35.919,1.08934,1.08939,2.44,1.00
2016.06.02 11:24:36.576,1.08934,1.08941,2.62,4.12
2016.06.02 11:24:39.924,1.08934,1.08939,1.87,1.00
2016.06.02 11:24:40.568,1.08934,1.08939,1.47,1.10
2016.06.02 11:24:42.444,1.08935,1.08941,1.39,3.19
2016.06.02 11:24:43.802,1.08938,1.08942,2.44,1.87
2016.06.02 11:24:43.854,1.08939,1.08942,1.31,1.10
2016.06.02 11:24:44.006,1.08939,1.08945,5.70,1.47
2016.06.02 11:24:49.606,1.08938,1.08943,3.00,1.00
2016.06.02 11:24:50.111,1.08938,1.08944,2.62,1.10
2016.06.02 11:24:51.138,1.08938,1.08942,1.12,1.50
2016.06.02 11:24:51.444,1.08936,1.08941,2.44,1.01
2016.06.02 11:24:52.104,1.08936,1.08943,4.76,3.56
2016.06.02 11:24:52.645,1.08938,1.08942,1.47,1.01
2016.06.02 11:24:54.176,1.08938,1.08942,1.47,1.39
2016.06.02 11:24:54.328,1.08936,1.08941,1.66,2.62
2016.06.02 11:24:55.792,1.08936,1.08939,2.14,1.00
2016.06.02 11:24:56.310,1.08936,1.0894,1.95,1.10
2016.06.02 11:24:57.739,1.08934,1.08939,1.87,1.00
2016.06.02 11:24:58.246,1.08934,1.0894,2.32,1.12
2016.06.02 11:25:01.118,1.08934,1.0894,1.87,1.10
2016.06.02 11:25:01.421,1.08934,1.08938,1.50,1.00
2016.06.02 11:25:02.353,1.08934,1.0894,2.14,1.10
2016.06.02 11:25:03.331,1.08934,1.08939,3.64,1.00
2016.06.02 11:25:05.034,1.08933,1.08939,2.44,1.10
2016.06.02 11:25:06.403,1.08936,1.0894,1.00,2.44
2016.06.02 11:25:06.656,1.08936,1.08941,2.25,1.10
2016.06.02 11:25:12.109,1.08935,1.08939,3.37,1.00
2016.06.02 11:25:12.261,1.08934,1.08939,1.50,1.10
2016.06.02 11:25:16.328,1.08936,1.0894,1.00,1.50
2016.06.02 11:25:18.536,1.08936,1.08941,1.10,1.76
2016.06.02 11:25:19.063,1.08936,1.08941,1.10,1.95
2016.06.02 11:25:19.842,1.08936,1.08941,1.10,1.76
2016.06.02 11:25:20.380,1.08936,1.08941,1.95,2.14
2016.06.02 11:25:20.891,1.08936,1.08939,1.10,1.50
2016.06.02 11:25:20.942,1.08934,1.08939,1.20,2.81
2016.06.02 11:25:24.901,1.08932,1.08938,1.95,8.25
2016.06.02 11:25:25.408,1.0893,1.08935,3.00,1.10
2016.06.02 11:25:25.917,1.08929,1.08935,1.39,1.69
2016.06.02 11:25:30.171,1.08929,1.08935,1.62,4.12
2016.06.02 11:25:30.972,1.08928,1.08931,2.51,2.25
2016.06.02 11:25:31.276,1.08926,1.08929,1.00,3.56
2016.06.02 11:25:31.834,1.08926,1.08929,1.00,4.95
2016.06.02 11:25:31.999,1.08923,1.08928,2.44,1.50
2016.06.02 11:25:33.405,1.08923,1.08928,1.25,2.25
2016.06.02 11:25:43.397,1.08921,1.08926,1.50,1.00
2016.06.02 11:25:43.908,1.08921,1.08925,1.47,1.00
2016.06.02 11:25:45.371,1.0892,1.08925,4.57,1.00
2016.06.02 11:25:47.505,1.0892,1.08923,1.69,1.00
2016.06.02 11:25:47.984,1.08921,1.08925,1.12,1.10
2016.06.02 11:25:48.493,1.08921,1.08927,3.37,3.75
2016.06.02 11:25:49.335,1.08921,1.08926,1.20,1.50
2016.06.02 11:25:52.040,1.08919,1.08925,4.69,1.95
2016.06.02 11:25:52.582,1.08919,1.08925,4.31,3.37
2016.06.02 11:25:56.378,1.08921,1.08925,1.00,1.87
2016.06.02 11:25:56.429,1.08921,1.08925,1.69,1.50
2016.06.02 11:25:56.581,1.08923,1.08927,1.00,1.10
2016.06.02 11:25:57.085,1.08922,1.08926,1.12,1.00
2016.06.02 11:25:57.641,1.08922,1.08926,1.10,1.00
2016.06.02 11:26:02.705,1.0892,1.08926,4.50,1.65
2016.06.02 11:26:03.213,1.0892,1.08925,1.12,3.37
2016.06.02 11:26:03.668,1.08918,1.08924,6.94,4.12
2016.06.02 11:26:04.174,1.08918,1.08924,7.01,1.87
2016.06.02 11:26:05.278,1.08919,1.08924,1.39,1.12
2016.06.02 11:26:05.582,1.08921,1.08924,1.50,1.12
2016.06.02 11:26:05.735,1.08922,1.08925,1.95,1.57
2016.06.02 11:26:05.887,1.08923,1.08927,2.81,1.12
2016.06.02 11:26:06.402,1.08923,1.08927,2.89,1.10
2016.06.02 11:26:07.334,1.08922,1.08927,1.69,1.10
2016.06.02 11:26:07.929,1.08923,1.08927,1.12,1.00
2016.06.02 11:26:16.093,1.08922,1.08926,1.69,1.00
2016.06.02 11:26:16.498,1.08921,1.08925,4.69,1.00
2016.06.02 11:26:17.700,1.08921,1.08923,1.57,1.00
2016.06.02 11:26:17.902,1.08918,1.08922,2.81,1.10
2016.06.02 11:26:25.840,1.08922,1.08924,1.00,1.87
2016.06.02 11:26:25.943,1.08922,1.08926,1.10,1.10
2016.06.02 11:26:26.451,1.08923,1.08926,1.10,1.00
2016.06.02 11:26:26.704,1.08925,1.08926,1.00,1.00
2016.06.02 11:26:26.956,1.08927,1.0893,1.57,1.25
2016.06.02 11:26:27.666,1.08927,1.08931,3.26,1.00
2016.06.02 11:26:34.041,1.08928,1.08931,1.00,1.10
2016.06.02 11:26:34.548,1.08929,1.08933,1.10,1.01
2016.06.02 11:26:35.819,1.08927,1.08932,3.37,1.00
2016.06.02 11:26:36.325,1.08926,1.08932,1.37,3.45
2016.06.02 11:26:36.677,1.08925,1.08932,4.69,3.75
2016.06.02 11:26:40.797,1.08926,1.08932,3.75,1.01
2016.06.02 11:26:41.334,1.08927,1.08934,3.94,10.12
2016.06.02 11:26:41.638,1.08927,1.08932,1.50,3.56
2016.06.02 11:26:42.143,1.08926,1.08931,2.62,1.25
2016.06.02 11:26:43.010,1.08926,1.08928,1.12,1.25
2016.06.02 11:26:43.111,1.08923,1.08927,1.87,1.00
2016.06.02 11:26:43.617,1.08923,1.08928,1.10,1.31
2016.06.02 11:26:46.145,1.08926,1.08928,1.84,2.06
2016.06.02 11:26:46.348,1.0893,1.08933,1.00,3.19
2016.06.02 11:26:46.640,1.08933,1.08934,1.69,1.76
2016.06.02 11:26:46.691,1.08933,1.08935,1.69,3.19
2016.06.02 11:26:46.843,1.08934,1.08937,1.20,1.69
2016.06.02 11:26:47.349,1.08934,1.08937,2.25,1.19
2016.06.02 11:26:52.761,1.08934,1.08938,1.12,1.69
2016.06.02 11:26:54.963,1.08933,1.08937,6.00,1.69
2016.06.02 11:26:55.468,1.08933,1.08938,3.00,2.70
2016.06.02 11:26:56.668,1.08932,1.08935,1.37,3.37
2016.06.02 11:26:56.740,1.08931,1.08935,1.57,4.39
2016.06.02 11:26:57.299,1.08931,1.08935,1.12,1.69
2016.06.02 11:26:59.209,1.08929,1.08934,5.41,1.69
2016.06.02 11:27:02.841,1.08929,1.08934,2.25,3.56
2016.06.02 11:27:06.912,1.08929,1.08935,2.06,4.39
2016.06.02 11:27:07.434,1.08932,1.08935,1.10,2.06
2016.06.02 11:27:07.944,1.08931,1.08935,1.12,3.75
2016.06.02 11:27:08.481,1.08931,1.08935,1.10,3.45
2016.06.02 11:27:14.133,1.0893,1.08935,1.87,1.00
2016.06.02 11:27:15.108,1.08931,1.08936,1.87,1.95
2016.06.02 11:27:15.817,1.0893,1.08935,1.50,1.00
2016.06.02 11:27:17.068,1.08929,1.08935,1.31,5.52
2016.06.02 11:27:17.579,1.08929,1.08935,2.81,7.84
2016.06.02 11:27:18.085,1.0893,1.08935,1.50,5.51
2016.06.02 11:27:25.109,1.0893,1.08934,1.39,2.06
2016.06.02 11:27:25.615,1.08929,1.08934,1.32,2.06
2016.06.02 11:27:26.122,1.0893,1.08934,1.69,1.10
2016.06.02 11:27:26.624,1.0893,1.08935,1.24,1.39
2016.06.02 11:27:29.609,1.0893,1.08935,1.72,1.76
2016.06.02 11:27:30.317,1.0893,1.08936,2.85,2.51
2016.06.02 11:27:31.279,1.08932,1.08938,2.32,4.39
2016.06.02 11:27:31.634,1.08933,1.08938,5.25,1.00
2016.06.02 11:27:33.488,1.08934,1.0894,1.87,3.23
2016.06.02 11:27:34.035,1.08934,1.0894,1.75,2.52
2016.06.02 11:27:41.547,1.08934,1.0894,1.37,3.45
2016.06.02 11:27:42.103,1.08934,1.08939,1.37,1.00
2016.06.02 11:27:43.213,1.08935,1.0894,1.50,1.20
2016.06.02 11:27:43.757,1.08936,1.0894,1.12,1.00
2016.06.02 11:27:50.299,1.08935,1.08939,1.37,1.00
2016.06.02 11:27:50.825,1.08934,1.08939,1.87,1.50
2016.06.02 11:27:51.332,1.08934,1.0894,3.37,1.10
2016.06.02 11:27:51.852,1.08935,1.08941,1.87,3.07
2016.06.02 11:27:53.120,1.08939,1.08941,1.00,1.10
2016.06.02 11:27:53.221,1.08938,1.08943,1.12,1.10
2016.06.02 11:27:53.741,1.08937,1.08942,2.81,1.00
2016.06.02 11:27:54.248,1.08937,1.08943,4.09,1.10
2016.06.02 11:27:55.459,1.08937,1.08942,4.46,1.00
2016.06.02 11:27:55.560,1.08936,1.08942,2.74,3.75
2016.06.02 11:27:55.611,1.08936,1.08941,1.61,1.47
2016.06.02 11:27:56.195,1.08934,1.08939,1.87,1.00
2016.06.02 11:27:56.702,1.08933,1.08939,2.06,1.01
2016.06.02 11:27:57.208,1.08933,1.08938,2.62,1.31
2016.06.02 11:27:58.447,1.08932,1.08937,3.11,1.37
2016.06.02 11:27:58.549,1.08932,1.08936,1.12,2.25
2016.06.02 11:27:59.195,1.08931,1.08937,2.62,2.62
2016.06.02 11:28:00.555,1.08931,1.08938,3.75,8.21
2016.06.02 11:28:01.062,1.08931,1.08937,3.00,1.12
2016.06.02 11:28:03.923,1.08931,1.08936,2.25,1.00
2016.06.02 11:28:07.206,1.08931,1.08937,1.50,6.19
2016.06.02 11:28:07.735,1.08931,1.08936,1.50,1.00
2016.06.02 11:28:10.133,1.08931,1.08937,3.00,1.31
2016.06.02 11:28:12.850,1.08931,1.08936,3.75,1.00
2016.06.02 11:28:21.616,1.08932,1.08937,1.95,2.62
2016.06.02 11:28:22.072,1.08931,1.08934,3.00,1.12
2016.06.02 11:28:22.225,1.08929,1.08933,2.62,1.25
2016.06.02 11:28:22.528,1.0893,1.08935,1.22,5.89
2016.06.02 11:28:23.840,1.0893,1.08934,1.22,1.00
2016.06.02 11:28:24.370,1.0893,1.08935,1.22,5.14
2016.06.02 11:28:31.706,1.08932,1.08935,1.10,1.00
2016.06.02 11:28:31.858,1.08932,1.08937,2.32,1.10
2016.06.02 11:28:32.216,1.08934,1.0894,1.57,6.07
2016.06.02 11:28:35.686,1.08933,1.08939,1.87,5.14
2016.06.02 11:28:35.990,1.08934,1.0894,2.25,2.51
2016.06.02 11:28:36.789,1.08936,1.0894,1.00,1.10
2016.06.02 11:28:36.890,1.08938,1.0894,1.50,1.50
2016.06.02 11:28:37.093,1.08939,1.08945,3.75,2.44
2016.06.02 11:28:37.638,1.0894,1.08945,1.50,4.95
2016.06.02 11:28:37.993,1.08938,1.08943,1.95,1.87
2016.06.02 11:28:38.196,1.08936,1.08941,1.50,3.37
2016.06.02 11:28:38.893,1.08936,1.08941,1.87,1.00
2016.06.02 11:28:39.401,1.08936,1.0894,1.12,1.00
2016.06.02 11:28:39.932,1.08936,1.08939,1.00,1.50
2016.06.02 11:28:41.556,1.08936,1.0894,1.00,3.26
2016.06.02 11:28:42.063,1.08934,1.0894,1.87,2.32
2016.06.02 11:28:44.504,1.08936,1.0894,1.12,1.57
2016.06.02 11:28:44.707,1.08939,1.08943,1.00,3.00
2016.06.02 11:28:44.758,1.08939,1.08943,1.20,1.57
2016.06.02 11:28:45.265,1.08939,1.08945,1.95,6.37
2016.06.02 11:28:45.577,1.0894,1.08945,1.57,3.82
2016.06.02 11:28:46.101,1.0894,1.08945,1.10,5.32
2016.06.02 11:28:46.659,1.08939,1.08944,3.37,1.00
2016.06.02 11:28:47.257,1.08939,1.08945,3.37,3.64
2016.06.02 11:28:47.764,1.08939,1.08944,3.37,1.00
2016.06.02 11:28:48.314,1.08939,1.08945,3.37,3.26
2016.06.02 11:28:50.421,1.08941,1.08945,1.00,1.10
2016.06.02 11:28:50.927,1.08939,1.08944,3.00,1.00
2016.06.02 11:28:51.430,1.08939,1.08944,2.25,5.25
2016.06.02 11:28:51.784,1.0894,1.08941,1.00,1.12
2016.06.02 11:28:51.937,1.08936,1.0894,2.62,3.56
2016.06.02 11:28:52.479,1.08936,1.08942,4.80,2.81
2016.06.02 11:28:52.631,1.08938,1.08943,3.15,1.87
2016.06.02 11:28:53.137,1.08937,1.08943,1.87,4.12
2016.06.02 11:28:53.906,1.08938,1.08943,1.57,2.62
2016.06.02 11:28:54.311,1.08938,1.08939,1.00,1.25
2016.06.02 11:28:54.463,1.08936,1.08937,1.20,1.12
2016.06.02 11:28:54.867,1.08936,1.08939,1.10,1.87
2016.06.02 11:28:55.375,1.08936,1.0894,1.12,1.50
2016.06.02 11:28:55.880,1.08936,1.08941,1.50,1.01
2016.06.02 11:28:57.747,1.08935,1.0894,2.62,1.00
2016.06.02 11:28:58.310,1.08935,1.08939,2.25,1.00
2016.06.02 11:28:58.378,1.08936,1.08939,1.76,1.00
2016.06.02 11:28:58.531,1.08938,1.08943,2.32,2.25
2016.06.02 11:28:59.037,1.08939,1.08944,2.14,5.06
2016.06.02 11:29:01.522,1.08939,1.08943,2.14,1.95
2016.06.02 11:29:01.776,1.08937,1.0894,1.69,1.12
2016.06.02 11:29:02.326,1.08937,1.0894,1.00,3.26
2016.06.02 11:29:02.832,1.08935,1.0894,1.95,1.41
2016.06.02 11:29:04.245,1.08936,1.0894,5.21,1.41
2016.06.02 11:29:04.346,1.08939,1.08942,1.00,1.20
2016.06.02 11:29:04.650,1.08941,1.08946,1.12,4.50
2016.06.02 11:29:05.046,1.08941,1.08946,2.62,1.20
2016.06.02 11:29:06.208,1.08942,1.08947,2.62,1.10
2016.06.02 11:29:06.318,1.08944,1.08949,1.37,5.06
2016.06.02 11:29:06.515,1.08946,1.08951,1.00,3.00
2016.06.02 11:29:07.021,1.08946,1.08951,1.47,4.84
2016.06.02 11:29:07.526,1.08946,1.0895,1.37,2.25
2016.06.02 11:29:10.939,1.08946,1.0895,5.21,2.44
2016.06.02 11:29:11.142,1.0895,1.08952,3.90,1.10
2016.06.02 11:29:11.193,1.08951,1.08954,1.58,1.50
2016.06.02 11:29:11.295,1.08952,1.08956,1.25,1.10
2016.06.02 11:29:13.044,1.08951,1.08955,1.20,1.87
2016.06.02 11:29:13.475,1.08949,1.08951,1.02,1.62
2016.06.02 11:29:13.576,1.08947,1.0895,1.00,2.70
2016.06.02 11:29:14.081,1.08945,1.08949,4.02,1.00
2016.06.02 11:29:14.870,1.08945,1.08949,3.19,3.00
2016.06.02 11:29:15.457,1.08946,1.08949,3.37,1.95
2016.06.02 11:29:15.660,1.08949,1.08951,1.31,1.00
2016.06.02 11:29:15.711,1.08949,1.08954,2.41,3.00
2016.06.02 11:29:15.943,1.08951,1.08956,1.25,1.69
2016.06.02 11:29:16.449,1.08951,1.08956,2.25,1.10
2016.06.02 11:29:18.783,1.08951,1.08956,1.12,1.87
2016.06.02 11:29:19.745,1.0895,1.08953,5.22,1.00
2016.06.02 11:29:20.236,1.0895,1.08955,1.47,2.51
2016.06.02 11:29:20.388,1.08952,1.08958,1.87,4.21
2016.06.02 11:29:21.046,1.08952,1.08959,1.95,8.89
2016.06.02 11:29:23.590,1.08953,1.08959,2.32,2.52
2016.06.02 11:29:23.894,1.08955,1.0896,2.25,1.58
2016.06.02 11:29:24.401,1.08955,1.08961,1.95,2.14
2016.06.02 11:29:24.962,1.08955,1.08961,3.94,3.83
2016.06.02 11:29:28.351,1.08954,1.08961,3.56,2.62
2016.06.02 11:29:28.873,1.08955,1.08961,1.95,1.37
2016.06.02 11:29:29.375,1.08957,1.08962,1.00,3.94
2016.06.02 11:29:29.779,1.08958,1.08961,2.25,1.22
2016.06.02 11:29:29.931,1.0896,1.08963,1.50,1.10
2016.06.02 11:29:30.083,1.08963,1.08966,2.62,1.00
2016.06.02 11:29:30.134,1.08963,1.08968,4.87,3.00
2016.06.02 11:29:30.473,1.08964,1.08969,1.47,1.10
2016.06.02 11:29:30.677,1.08965,1.08971,2.25,1.75
2016.06.02 11:29:31.184,1.08966,1.08971,1.87,1.87
2016.06.02 11:29:31.734,1.08965,1.08969,1.00,1.87
2016.06.02 11:29:33.699,1.08964,1.08969,1.47,1.20
2016.06.02 11:29:34.654,1.08964,1.08969,1.31,1.95
2016.06.02 11:29:35.010,1.08962,1.08966,1.87,1.37
2016.06.02 11:29:35.551,1.08961,1.08966,2.32,1.87
2016.06.02 11:29:36.309,1.08961,1.08966,3.56,1.12
2016.06.02 11:29:36.643,1.08964,1.0897,3.75,1.50
2016.06.02 11:29:36.694,1.08964,1.0897,6.18,1.50
2016.06.02 11:29:39.946,1.08965,1.0897,1.85,1.87
2016.06.02 11:29:42.003,1.08966,1.08971,1.87,1.87
2016.06.02 11:29:44.162,1.08964,1.0897,4.98,1.12
2016.06.02 11:29:46.152,1.08966,1.0897,1.34,1.12
2016.06.02 11:29:47.419,1.08965,1.0897,2.17,1.12
2016.06.02 11:29:47.952,1.08964,1.08968,1.42,1.10
2016.06.02 11:29:49.669,1.08962,1.08968,2.62,1.87
2016.06.02 11:29:52.326,1.08961,1.08967,1.20,2.40
2016.06.02 11:29:52.631,1.08961,1.08965,1.00,2.62
2016.06.02 11:29:53.138,1.08961,1.08967,3.75,1.95
2016.06.02 11:29:53.479,1.08964,1.08969,1.00,1.69
2016.06.02 11:29:53.986,1.08963,1.0897,2.25,2.62
2016.06.02 11:29:54.559,1.08961,1.08964,1.37,1.00
2016.06.02 11:29:54.967,1.08961,1.08967,3.82,1.12
2016.06.02 11:29:55.484,1.08962,1.08968,1.00,1.50
2016.06.02 11:29:56.609,1.08963,1.08968,1.00,1.50
2016.06.02 11:29:56.812,1.08965,1.08971,1.50,1.31
2016.06.02 11:29:57.316,1.08966,1.08971,1.12,4.50
2016.06.02 11:29:58.277,1.08964,1.08971,3.37,9.59
2016.06.02 11:29:58.823,1.08962,1.08968,1.87,1.10
2016.06.02 11:29:59.581,1.08962,1.08968,1.50,1.12
2016.06.02 11:30:00.151,1.08962,1.08966,2.25,1.00
2016.06.02 11:30:00.657,1.08961,1.08967,2.70,2.32
2016.06.02 11:30:02.222,1.0896,1.08965,3.07,1.00
2016.06.02 11:30:03.240,1.0896,1.08966,2.32,2.06
2016.06.02 11:30:04.614,1.08959,1.08965,2.62,1.76
2016.06.02 11:30:05.120,1.0896,1.08964,1.37,1.76
2016.06.02 11:30:15.047,1.0896,1.08965,3.16,6.19
2016.06.02 11:30:15.755,1.08958,1.08965,3.00,6.94
2016.06.02 11:30:17.132,1.0896,1.08964,1.00,1.01
2016.06.02 11:30:18.065,1.08959,1.08964,1.10,3.64
2016.06.02 11:30:18.168,1.08958,1.08961,1.12,1.87
2016.06.02 11:30:18.423,1.08954,1.08958,1.50,1.20
2016.06.02 11:30:18.696,1.08952,1.08956,1.50,1.19
2016.06.02 11:30:19.563,1.08952,1.08957,1.12,1.76
2016.06.02 11:30:20.000,1.08949,1.08953,1.57,4.31
2016.06.02 11:30:20.055,1.08947,1.08952,3.07,2.06
2016.06.02 11:30:20.409,1.08949,1.08953,1.37,3.19
2016.06.02 11:30:20.562,1.08951,1.08953,1.12,1.00
2016.06.02 11:30:20.664,1.08951,1.08956,2.62,1.12
2016.06.02 11:30:21.372,1.08951,1.08957,1.95,4.12
2016.06.02 11:30:21.879,1.08951,1.08957,1.95,4.69
2016.06.02 11:30:24.729,1.08951,1.08956,2.32,1.29
2016.06.02 11:30:25.236,1.08951,1.08956,2.70,1.29
2016.06.02 11:30:25.717,1.08947,1.08953,3.37,4.31
2016.06.02 11:30:26.223,1.08947,1.08951,1.20,3.07
2016.06.02 11:30:26.775,1.08947,1.08951,1.12,2.81
2016.06.02 11:30:27.837,1.08947,1.08953,1.57,4.20
2016.06.02 11:30:28.384,1.08946,1.08951,1.47,2.06
2016.06.02 11:30:29.764,1.08948,1.08952,1.00,1.37
2016.06.02 11:30:30.018,1.08945,1.08952,7.31,3.00
2016.06.02 11:30:30.220,1.08947,1.08951,1.47,1.10
2016.06.02 11:30:30.767,1.08945,1.08951,4.01,1.95
2016.06.02 11:30:32.337,1.08949,1.08954,1.47,3.00
2016.06.02 11:30:32.849,1.0895,1.08956,1.57,4.01
2016.06.02 11:30:42.563,1.0895,1.08956,2.32,2.25
2016.06.02 11:30:42.665,1.08951,1.08956,3.45,1.10
2016.06.02 11:30:42.867,1.08953,1.08958,1.95,1.12
2016.06.02 11:30:43.257,1.08956,1.08958,1.50,1.12
2016.06.02 11:30:43.468,1.08958,1.08964,1.10,3.37
2016.06.02 11:30:43.671,1.08957,1.08962,1.57,1.12
2016.06.02 11:30:44.179,1.08957,1.08963,2.32,1.50
2016.06.02 11:30:44.857,1.08957,1.0896,1.47,1.37
2016.06.02 11:30:45.009,1.08955,1.0896,1.37,1.87
2016.06.02 11:30:45.060,1.08954,1.0896,1.95,3.00
2016.06.02 11:30:45.900,1.08954,1.08959,1.10,1.47
2016.06.02 11:30:46.406,1.08953,1.08959,4.95,1.31
2016.06.02 11:30:47.369,1.08953,1.08959,5.70,1.31
2016.06.02 11:30:47.470,1.08956,1.08959,4.50,1.12
2016.06.02 11:30:47.622,1.08961,1.08963,1.50,1.10
2016.06.02 11:30:48.171,1.08961,1.08965,1.50,4.50
2016.06.02 11:30:49.614,1.08964,1.08968,1.50,2.62
2016.06.02 11:30:49.715,1.08964,1.08968,1.50,1.20
2016.06.02 11:30:49.969,1.08963,1.08966,1.10,1.37
2016.06.02 11:30:50.121,1.08961,1.08964,1.00,1.50
2016.06.02 11:30:51.184,1.0896,1.08964,1.95,1.50
2016.06.02 11:30:52.296,1.08961,1.08964,1.00,1.50
2016.06.02 11:30:52.896,1.08961,1.08964,1.00,1.50
2016.06.02 11:30:53.434,1.08961,1.08964,1.00,1.50
2016.06.02 11:30:53.954,1.08959,1.08964,2.44,1.12
2016.06.02 11:30:54.459,1.0896,1.08965,1.20,1.20
2016.06.02 11:30:57.295,1.08961,1.08965,1.19,1.20
2016.06.02 11:30:57.547,1.08965,1.08969,2.06,1.47
2016.06.02 11:30:58.064,1.08965,1.08969,2.81,1.10
2016.06.02 11:30:58.571,1.08966,1.0897,1.00,1.39
2016.06.02 11:30:59.370,1.08965,1.0897,1.10,1.20
2016.06.02 11:31:00.846,1.08964,1.08969,2.25,1.00
2016.06.02 11:31:01.352,1.08963,1.0897,7.84,3.19
2016.06.02 11:31:03.411,1.08964,1.0897,4.47,3.37
2016.06.02 11:31:03.462,1.08967,1.0897,3.00,1.12
2016.06.02 11:31:03.564,1.08968,1.08971,2.14,1.00
2016.06.02 11:31:04.020,1.08968,1.08975,3.71,6.24
2016.06.02 11:31:04.219,1.08966,1.0897,6.00,1.00
2016.06.02 11:31:04.270,1.08966,1.0897,1.10,1.10
2016.06.02 11:31:04.784,1.08966,1.08971,1.00,1.50
2016.06.02 11:31:05.290,1.08965,1.0897,1.10,1.87
2016.06.02 11:31:05.606,1.08968,1.08971,2.06,2.62
2016.06.02 11:31:05.658,1.08969,1.08974,1.54,1.87
2016.06.02 11:31:06.166,1.0897,1.08975,1.00,1.31
2016.06.02 11:31:08.783,1.0897,1.08976,4.39,5.25
2016.06.02 11:31:12.214,1.0897,1.08976,1.00,4.12
2016.06.02 11:31:17.018,1.0897,1.08976,1.50,4.87
2016.06.02 11:31:17.529,1.0897,1.08976,1.12,6.00
2016.06.02 11:31:19.128,1.08969,1.08974,1.95,1.10
2016.06.02 11:31:19.281,1.08967,1.08972,1.12,2.25
2016.06.02 11:31:19.585,1.08964,1.08969,1.87,1.10
2016.06.02 11:31:23.001,1.08966,1.08969,1.87,1.09
2016.06.02 11:31:23.305,1.08969,1.08974,1.69,2.33
2016.06.02 11:31:23.406,1.08969,1.08974,1.76,2.89
2016.06.02 11:31:25.691,1.08968,1.08972,3.07,1.12
2016.06.02 11:31:25.873,1.08967,1.0897,1.10,3.75
2016.06.02 11:31:26.393,1.08966,1.08969,1.12,1.20
2016.06.02 11:31:27.703,1.08965,1.08968,1.47,1.00
2016.06.02 11:31:28.216,1.08965,1.08969,1.47,2.22
2016.06.02 11:31:28.750,1.08967,1.0897,1.37,1.12
2016.06.02 11:31:28.990,1.08969,1.08974,3.37,1.10
2016.06.02 11:31:29.498,1.08969,1.08974,3.00,2.70
2016.06.02 11:31:34.163,1.08969,1.08973,3.37,1.69
2016.06.02 11:31:34.214,1.08969,1.08972,3.00,2.62
2016.06.02 11:31:34.461,1.08965,1.0897,1.87,4.20
2016.06.02 11:31:35.887,1.08967,1.0897,1.00,2.32
2016.06.02 11:31:36.626,1.08968,1.0897,2.32,1.10
2016.06.02 11:31:36.729,1.08969,1.08975,3.75,2.62
2016.06.02 11:31:37.235,1.0897,1.08975,1.00,3.37
2016.06.02 11:31:41.251,1.08968,1.08974,3.45,3.07
2016.06.02 11:31:41.453,1.08968,1.08973,1.10,2.52
2016.06.02 11:31:43.634,1.08967,1.08971,1.50,1.12
2016.06.02 11:31:43.786,1.08966,1.0897,1.12,1.95
2016.06.02 11:31:45.190,1.08965,1.0897,1.57,1.95
2016.06.02 11:31:45.847,1.08965,1.0897,1.57,1.57
2016.06.02 11:31:46.389,1.08967,1.0897,1.00,1.10
2016.06.02 11:31:46.592,1.08965,1.0897,1.57,1.10
2016.06.02 11:31:47.112,1.08965,1.0897,1.57,1.10
2016.06.02 11:31:47.614,1.08966,1.0897,1.37,1.10
2016.06.02 11:31:48.997,1.08966,1.0897,1.12,1.10
2016.06.02 11:31:52.124,1.08967,1.0897,1.00,1.10
2016.06.02 11:31:54.669,1.08966,1.0897,1.12,1.10
2016.06.02 11:31:55.277,1.08965,1.0897,3.45,1.10
2016.06.02 11:31:55.783,1.08967,1.08972,1.10,2.62
2016.06.02 11:31:56.320,1.08968,1.08972,1.65,1.50
2016.06.02 11:31:56.574,1.08966,1.0897,2.25,1.00
2016.06.02 11:31:56.625,1.08965,1.0897,1.87,1.10
2016.06.02 11:31:57.132,1.08965,1.08969,1.12,1.50
2016.06.02 11:31:58.073,1.08964,1.08969,2.62,2.22
2016.06.02 11:31:59.279,1.08964,1.08969,1.10,1.39
2016.06.02 11:32:00.302,1.08965,1.08969,1.20,1.20
2016.06.02 11:32:00.834,1.08966,1.08969,1.10,1.00
2016.06.02 11:32:01.037,1.08967,1.08972,1.87,2.59
2016.06.02 11:32:01.392,1.08968,1.08973,2.62,2.70
2016.06.02 11:32:01.698,1.08968,1.08971,1.12,1.12
2016.06.02 11:32:02.217,1.08967,1.08971,1.12,1.00
2016.06.02 11:32:05.004,1.08966,1.08972,2.44,1.20
2016.06.02 11:32:07.358,1.08967,1.08971,1.12,1.00
2016.06.02 11:32:07.864,1.08967,1.08972,1.50,1.09
2016.06.02 11:32:08.555,1.08967,1.08972,4.87,1.09
2016.06.02 11:32:09.061,1.08968,1.08974,1.50,4.50
2016.06.02 11:32:11.664,1.08967,1.08972,1.87,1.00
2016.06.02 11:32:12.171,1.08967,1.08973,2.25,3.64
2016.06.02 11:32:13.492,1.08968,1.08973,1.87,2.52
2016.06.02 11:32:23.852,1.08968,1.08972,1.87,1.00
2016.06.02 11:32:24.153,1.08967,1.08971,1.12,1.77
2016.06.02 11:32:25.824,1.08969,1.08971,1.00,1.12
2016.06.02 11:32:25.976,1.0897,1.08973,1.12,1.10
2016.06.02 11:32:26.481,1.0897,1.08974,1.50,1.39
2016.06.02 11:32:28.686,1.08969,1.08972,1.95,2.14
2016.06.02 11:32:28.788,1.08969,1.0897,1.00,1.87
2016.06.02 11:32:28.889,1.08966,1.08969,1.12,1.00
2016.06.02 11:32:29.396,1.08965,1.0897,1.37,3.46
2016.06.02 11:32:29.910,1.08964,1.08969,2.62,1.77
2016.06.02 11:32:31.875,1.08965,1.08969,1.12,4.12
2016.06.02 11:32:32.178,1.08963,1.08968,1.50,1.00
2016.06.02 11:32:34.770,1.08964,1.08969,1.20,3.82
2016.06.02 11:32:35.025,1.08965,1.0897,1.12,4.35
2016.06.02 11:32:37.220,1.08964,1.0897,2.25,1.37
2016.06.02 11:32:37.726,1.08965,1.0897,1.12,2.62
2016.06.02 11:32:44.799,1.08966,1.0897,1.10,2.62
2016.06.02 11:32:45.350,1.08963,1.08968,1.37,3.00
2016.06.02 11:32:45.504,1.08961,1.08966,1.12,1.95
2016.06.02 11:32:46.011,1.08961,1.08965,1.12,3.75
2016.06.02 11:32:47.007,1.08961,1.08966,4.50,1.20
2016.06.02 11:32:47.160,1.08963,1.08968,1.47,2.32
2016.06.02 11:32:47.312,1.08964,1.08968,2.51,1.12
2016.06.02 11:32:47.771,1.08965,1.0897,1.01,4.01
2016.06.02 11:32:48.529,1.08965,1.0897,2.32,1.57
2016.06.02 11:32:49.064,1.08967,1.08971,1.00,1.47
2016.06.02 11:32:49.567,1.08967,1.08971,1.12,1.37
2016.06.02 11:32:52.069,1.08965,1.08968,1.10,1.37
2016.06.02 11:32:52.574,1.08964,1.08968,1.10,1.37
2016.06.02 11:32:53.818,1.08964,1.08967,1.10,3.45
2016.06.02 11:32:54.779,1.08963,1.08967,1.10,2.32
2016.06.02 11:32:55.794,1.08963,1.08967,1.10,1.20
2016.06.02 11:32:56.817,1.08963,1.08968,2.62,2.14
2016.06.02 11:32:57.475,1.08963,1.08968,1.50,2.32
2016.06.02 11:32:58.433,1.08963,1.08968,1.87,2.14
2016.06.02 11:32:58.939,1.08962,1.08967,1.50,2.62
2016.06.02 11:32:59.482,1.08965,1.08968,3.64,1.12
2016.06.02 11:32:59.634,1.08966,1.08971,1.22,2.51
2016.06.02 11:33:00.190,1.08968,1.08972,1.00,1.57
2016.06.02 11:33:00.696,1.08967,1.08972,1.50,1.50
2016.06.02 11:33:01.566,1.08967,1.08972,1.50,1.31
2016.06.02 11:33:02.327,1.08968,1.08973,1.87,2.44
2016.06.02 11:33:02.833,1.08968,1.08973,1.50,3.00
2016.06.02 11:33:04.411,1.0897,1.08973,1.12,1.50
2016.06.02 11:33:04.563,1.08971,1.08975,1.10,1.50
2016.06.02 11:33:06.217,1.08972,1.08975,1.00,2.25
2016.06.02 11:33:06.727,1.08971,1.08975,1.10,1.00
2016.06.02 11:33:07.471,1.08972,1.08975,1.00,1.00
2016.06.02 11:33:07.977,1.08971,1.08975,1.10,1.00
2016.06.02 11:33:10.340,1.08972,1.08975,1.00,2.25
2016.06.02 11:33:10.846,1.08971,1.08975,1.10,1.00
2016.06.02 11:33:11.250,1.08972,1.08976,1.22,1.95
2016.06.02 11:33:15.454,1.08973,1.08976,1.95,1.57
2016.06.02 11:33:15.607,1.08974,1.08978,2.51,1.31
2016.06.02 11:33:15.961,1.08973,1.08976,1.64,1.47
2016.06.02 11:33:16.013,1.08971,1.08976,1.50,2.32
2016.06.02 11:33:16.064,1.0897,1.08976,5.32,2.25
2016.06.02 11:33:16.602,1.0897,1.08975,2.25,3.00
2016.06.02 11:33:18.797,1.08971,1.08976,1.12,1.87
2016.06.02 11:33:19.476,1.08972,1.08976,1.00,1.87
2016.06.02 11:33:19.981,1.08971,1.08976,1.12,2.62
2016.06.02 11:33:20.531,1.08972,1.08976,1.00,1.87
2016.06.02 11:33:21.339,1.08972,1.08977,1.00,1.87
2016.06.02 11:33:32.491,1.0897,1.08976,6.45,1.50
2016.06.02 11:33:33.302,1.08972,1.08976,1.00,1.12
2016.06.02 11:33:34.488,1.08971,1.08976,2.25,1.50
2016.06.02 11:33:35.095,1.08972,1.08976,1.00,1.50
2016.06.02 11:33:38.962,1.08972,1.08977,1.00,1.50
2016.06.02 11:33:46.134,1.08971,1.08977,2.70,2.25
2016.06.02 11:33:46.656,1.08972,1.08977,3.00,2.25
2016.06.02 11:33:47.162,1.08972,1.08977,2.25,2.25
2016.06.02 11:33:48.271,1.08972,1.08977,1.12,1.69
2016.06.02 11:33:52.152,1.08971,1.08977,1.57,2.14
2016.06.02 11:33:53.212,1.08972,1.08976,1.00,1.20
2016.06.02 11:34:02.137,1.08971,1.08976,1.20,1.95
2016.06.02 11:34:02.893,1.08972,1.08976,1.00,1.20
2016.06.02 11:34:06.261,1.08971,1.08976,2.32,1.20
2016.06.02 11:34:06.514,1.08973,1.08978,1.37,4.69
2016.06.02 11:34:07.021,1.08975,1.08978,1.50,1.69
2016.06.02 11:34:07.568,1.08973,1.08978,3.26,2.06
2016.06.02 11:34:08.075,1.08972,1.08976,4.95,1.00
2016.06.02 11:34:10.638,1.08973,1.08976,1.27,1.00
2016.06.02 11:34:11.181,1.08975,1.08979,1.00,5.62
2016.06.02 11:34:11.739,1.08973,1.08978,3.07,1.12
2016.06.02 11:34:13.040,1.08973,1.08979,3.15,6.56
2016.06.02 11:34:15.142,1.08974,1.08979,1.57,5.06
2016.06.02 11:34:18.454,1.08973,1.08978,1.20,2.62
2016.06.02 11:34:34.843,1.08972,1.08975,5.44,1.50
2016.06.02 11:34:34.944,1.08972,1.08977,4.50,1.57
2016.06.02 11:34:34.995,1.08971,1.08974,2.62,1.00
2016.06.02 11:34:35.501,1.08972,1.08974,1.12,1.00
2016.06.02 11:34:35.603,1.08972,1.08976,1.87,1.10
2016.06.02 11:34:38.405,1.08973,1.08976,1.00,1.00
2016.06.02 11:34:38.910,1.08972,1.08978,2.70,2.79
2016.06.02 11:34:40.834,1.08972,1.08977,1.20,2.32
2016.06.02 11:34:41.038,1.08971,1.08977,2.25,1.20
2016.06.02 11:34:41.241,1.08971,1.08977,1.50,2.32
2016.06.02 11:34:41.342,1.08972,1.08977,1.10,1.20
2016.06.02 11:34:42.134,1.08973,1.08977,1.00,1.20
2016.06.02 11:34:43.721,1.08974,1.08977,1.00,1.20
2016.06.02 11:34:44.718,1.08973,1.08977,2.81,1.20
2016.06.02 11:34:47.658,1.08974,1.08977,1.00,1.20
2016.06.02 11:34:48.170,1.08975,1.08977,1.87,1.20
2016.06.02 11:34:48.326,1.08977,1.08978,1.12,1.87
2016.06.02 11:34:48.397,1.08978,1.0898,1.00,1.00
2016.06.02 11:34:48.499,1.08978,1.08982,1.37,2.14
2016.06.02 11:34:49.055,1.08982,1.08984,2.50,2.25
2016.06.02 11:34:49.156,1.08984,1.08987,1.00,1.12
2016.06.02 11:34:49.686,1.08984,1.08988,1.00,2.25
2016.06.02 11:34:51.105,1.08983,1.08987,1.12,1.10
2016.06.02 11:34:51.652,1.08982,1.08986,1.50,1.20
2016.06.02 11:34:56.470,1.08982,1.08986,1.00,1.95
2016.06.02 11:34:56.761,1.0898,1.08985,1.50,2.81
2016.06.02 11:34:56.812,1.08979,1.08983,1.50,1.47
2016.06.02 11:34:57.066,1.08977,1.08982,1.50,3.56
2016.06.02 11:34:57.269,1.08975,1.08979,3.00,1.50
2016.06.02 11:34:57.471,1.08973,1.08977,1.00,1.20
2016.06.02 11:34:58.101,1.08974,1.08977,1.00,2.70
2016.06.02 11:34:58.611,1.08975,1.08978,1.00,1.10
2016.06.02 11:35:00.067,1.08974,1.08978,1.12,1.10
2016.06.02 11:35:00.583,1.08975,1.08978,1.00,1.10
2016.06.02 11:35:01.135,1.08976,1.08978,1.00,1.10
2016.06.02 11:35:02.212,1.08974,1.08978,2.25,1.00
2016.06.02 11:35:02.767,1.08975,1.08979,1.87,1.87
2016.06.02 11:35:03.920,1.08975,1.08979,1.12,1.12
2016.06.02 11:35:05.064,1.08975,1.08979,1.87,1.87
2016.06.02 11:35:05.874,1.08975,1.08979,1.12,1.87
2016.06.02 11:35:06.883,1.08975,1.08978,1.87,1.10
2016.06.02 11:35:06.984,1.08973,1.08977,1.62,3.00
2016.06.02 11:35:07.518,1.08973,1.08977,1.12,1.95
2016.06.02 11:35:08.024,1.08974,1.08978,1.00,2.62
2016.06.02 11:35:08.530,1.08975,1.08979,1.00,1.12
2016.06.02 11:35:08.739,1.08976,1.08981,1.00,2.44
2016.06.02 11:35:08.789,1.08978,1.08981,1.00,3.19
2016.06.02 11:35:09.043,1.08978,1.08982,1.00,1.39
2016.06.02 11:35:09.549,1.08978,1.08982,1.00,2.51
2016.06.02 11:35:09.701,1.08976,1.08982,1.20,4.12
2016.06.02 11:35:10.099,1.08975,1.08979,1.12,1.00
2016.06.02 11:35:10.150,1.08974,1.08978,1.10,1.20
2016.06.02 11:35:10.201,1.08973,1.08978,1.12,1.47
2016.06.02 11:35:10.706,1.08972,1.08978,1.20,2.89
2016.06.02 11:35:11.112,1.08971,1.08974,1.00,1.00
2016.06.02 11:35:11.510,1.08974,1.08975,1.00,1.12
2016.06.02 11:35:11.916,1.08974,1.08977,1.00,1.10
2016.06.02 11:35:12.440,1.08973,1.08977,1.57,1.00
2016.06.02 11:35:13.011,1.08973,1.08977,1.00,2.25
2016.06.02 11:35:13.518,1.08972,1.08977,1.00,1.69
2016.06.02 11:35:16.623,1.08971,1.08976,1.20,1.20
2016.06.02 11:35:17.163,1.08972,1.08977,1.00,3.26
2016.06.02 11:35:17.413,1.08974,1.08977,1.00,3.00
2016.06.02 11:35:17.716,1.08976,1.08979,1.00,1.87
2016.06.02 11:35:18.222,1.08975,1.08979,1.00,1.87
2016.06.02 11:35:18.821,1.08977,1.0898,1.00,2.44
2016.06.02 11:35:18.973,1.08978,1.0898,1.00,1.10
2016.06.02 11:35:19.226,1.08976,1.08981,1.00,1.50
2016.06.02 11:35:19.919,1.08976,1.08979,1.00,1.00
2016.06.02 11:35:20.830,1.08977,1.08979,1.00,1.00
2016.06.02 11:35:21.374,1.08976,1.08981,1.31,1.96
2016.06.02 11:35:21.880,1.08977,1.08981,1.00,5.33
2016.06.02 11:35:23.006,1.08976,1.08981,1.00,5.14
2016.06.02 11:35:23.511,1.08975,1.08979,1.10,1.00
2016.06.02 11:35:24.336,1.08976,1.08979,1.00,1.00
2016.06.02 11:35:24.892,1.08977,1.08979,1.00,1.00
2016.06.02 11:35:25.802,1.08976,1.08979,1.12,1.00
2016.06.02 11:35:26.345,1.08976,1.08981,1.00,5.14
2016.06.02 11:35:27.520,1.08977,1.08981,1.00,3.64
2016.06.02 11:35:28.026,1.08978,1.08981,1.50,1.57
2016.06.02 11:35:28.128,1.08981,1.08983,1.00,1.69
2016.06.02 11:35:28.179,1.08981,1.08983,1.00,1.00
2016.06.02 11:35:28.427,1.08982,1.08986,1.00,7.96
2016.06.02 11:35:28.959,1.08982,1.08985,1.00,3.34
2016.06.02 11:35:29.504,1.08982,1.08986,1.00,3.19
2016.06.02 11:35:30.011,1.08982,1.08985,1.00,4.47
2016.06.02 11:35:30.518,1.08981,1.08985,1.00,1.47
2016.06.02 11:35:31.041,1.08982,1.08986,1.00,3.00
2016.06.02 11:35:31.345,1.0898,1.08984,1.20,1.00
2016.06.02 11:35:33.764,1.0898,1.08983,1.20,1.50
2016.06.02 11:35:34.120,1.08983,1.08985,1.00,1.10
2016.06.02 11:35:34.171,1.08984,1.08986,1.00,1.31
2016.06.02 11:35:34.684,1.08983,1.08986,1.00,1.01
2016.06.02 11:35:35.465,1.08983,1.08987,1.00,2.71
2016.06.02 11:35:36.072,1.08982,1.08986,1.10,1.01
2016.06.02 11:35:38.871,1.08982,1.08985,1.10,1.00
2016.06.02 11:35:40.180,1.08981,1.08986,2.06,1.01
2016.06.02 11:35:44.296,1.08981,1.08986,1.39,1.69
2016.06.02 11:35:45.626,1.0898,1.08985,1.87,2.70
2016.06.02 11:35:45.779,1.08979,1.08984,1.95,1.12
2016.06.02 11:35:46.328,1.08977,1.08982,2.32,1.95
2016.06.02 11:35:47.995,1.08977,1.08981,1.10,1.00
2016.06.02 11:35:48.097,1.08975,1.08981,2.25,5.51
2016.06.02 11:35:48.604,1.08976,1.08979,1.20,1.00
2016.06.02 11:35:49.621,1.08975,1.08978,3.26,1.00
2016.06.02 11:35:49.925,1.08972,1.08977,1.12,1.60
2016.06.02 11:35:50.321,1.08975,1.08977,1.00,1.10
2016.06.02 11:35:50.373,1.08976,1.08979,1.00,3.37
2016.06.02 11:35:51.031,1.08977,1.0898,1.00,1.31
2016.06.02 11:35:51.486,1.08978,1.08981,1.00,1.50
2016.06.02 11:35:52.622,1.08979,1.08982,1.00,1.50
2016.06.02 11:35:52.724,1.0898,1.08982,1.00,1.20
2016.06.02 11:35:53.230,1.0898,1.08983,1.00,1.20
2016.06.02 11:35:53.812,1.0898,1.08983,1.00,1.47
2016.06.02 11:35:58.740,1.08981,1.08984,1.00,4.50
2016.06.02 11:35:59.289,1.0898,1.08984,1.00,5.70
2016.06.02 11:36:00.081,1.0898,1.08984,1.00,6.45
2016.06.02 11:36:00.647,1.08979,1.08983,1.00,2.21
2016.06.02 11:36:01.152,1.08979,1.08982,1.00,1.50
2016.06.02 11:36:01.860,1.08979,1.08982,1.00,1.87
2016.06.02 11:36:03.052,1.0898,1.08982,1.00,1.87
2016.06.02 11:36:03.685,1.0898,1.08983,1.00,1.12
2016.06.02 11:36:07.173,1.08979,1.08983,1.00,1.12
2016.06.02 11:36:09.767,1.08979,1.08984,1.50,2.06
2016.06.02 11:36:09.985,1.08977,1.08982,2.32,1.69
2016.06.02 11:36:10.187,1.08976,1.0898,1.20,1.10
2016.06.02 11:36:10.694,1.08977,1.08982,1.00,3.75
2016.06.02 11:36:13.576,1.08978,1.08982,1.00,1.12
2016.06.02 11:36:14.126,1.08979,1.08982,1.00,1.37
2016.06.02 11:36:14.380,1.0898,1.08983,1.00,1.20
2016.06.02 11:36:14.919,1.08981,1.08984,1.00,1.12
2016.06.02 11:36:17.638,1.0898,1.08984,1.00,1.12
2016.06.02 11:36:18.868,1.08979,1.08983,1.50,1.95
2016.06.02 11:36:21.357,1.08979,1.08983,1.00,1.57
2016.06.02 11:36:21.895,1.08979,1.08984,1.00,3.27
2016.06.02 11:36:25.756,1.08981,1.08984,1.00,2.06
2016.06.02 11:36:26.303,1.08981,1.08984,1.00,1.10
2016.06.02 11:36:27.874,1.0898,1.08985,1.12,2.89
2016.06.02 11:36:29.874,1.08979,1.08983,1.20,1.00
2016.06.02 11:36:31.651,1.08978,1.08983,2.62,2.25
2016.06.02 11:36:32.173,1.08977,1.08982,1.95,1.95
2016.06.02 11:36:32.781,1.08978,1.08982,1.12,1.20
2016.06.02 11:36:33.793,1.08977,1.08982,1.20,2.32
2016.06.02 11:36:34.307,1.08977,1.08982,1.20,2.32
2016.06.02 11:36:34.830,1.08978,1.08982,1.00,1.20
2016.06.02 11:36:35.133,1.08979,1.08982,1.37,1.10
2016.06.02 11:36:35.633,1.0898,1.08984,1.95,1.10
2016.06.02 11:36:36.141,1.08981,1.08984,2.89,1.00
2016.06.02 11:36:36.680,1.08982,1.08986,1.00,2.25
2016.06.02 11:36:39.146,1.08982,1.08985,1.00,1.12
2016.06.02 11:36:39.695,1.08982,1.08986,1.10,2.06
2016.06.02 11:36:42.890,1.08981,1.08985,1.76,1.87
2016.06.02 11:36:44.010,1.08981,1.08986,2.89,2.00
2016.06.02 11:36:44.061,1.08981,1.08986,3.56,1.01
2016.06.02 11:36:44.214,1.08983,1.08986,1.62,1.10
2016.06.02 11:36:44.516,1.08986,1.0899,4.12,1.75
2016.06.02 11:36:44.618,1.08987,1.08991,1.57,1.10
2016.06.02 11:36:44.770,1.08989,1.08991,1.00,1.57
2016.06.02 11:36:45.276,1.08989,1.08993,1.25,1.39
2016.06.02 11:36:45.819,1.08988,1.08993,1.00,5.89
2016.06.02 11:36:46.123,1.08985,1.08989,2.62,1.00
2016.06.02 11:36:46.326,1.08984,1.08989,1.10,2.25
2016.06.02 11:36:47.828,1.08984,1.08989,1.95,1.87
2016.06.02 11:36:49.837,1.08983,1.08988,2.62,1.01
2016.06.02 11:36:51.462,1.08983,1.08988,1.50,1.01
2016.06.02 11:36:51.968,1.08983,1.08988,1.50,1.76
2016.06.02 11:36:55.849,1.08983,1.08987,1.50,1.19
2016.06.02 11:36:56.397,1.08982,1.08987,1.95,3.45
2016.06.02 11:36:56.753,1.08981,1.08986,1.20,1.10
2016.06.02 11:36:57.057,1.0898,1.08986,1.95,4.95
2016.06.02 11:36:57.502,1.08979,1.08984,1.20,1.87
2016.06.02 11:36:59.391,1.08977,1.08982,3.37,1.12
2016.06.02 11:37:00.002,1.08977,1.08982,2.25,1.47
2016.06.02 11:37:03.565,1.08976,1.0898,1.37,1.12
2016.06.02 11:37:03.787,1.08975,1.08979,3.75,3.82
2016.06.02 11:37:03.890,1.08972,1.08977,1.50,1.57
2016.06.02 11:37:03.941,1.08972,1.08976,1.50,1.19
2016.06.02 11:37:04.299,1.08972,1.08977,1.50,1.10
2016.06.02 11:37:04.817,1.08973,1.08979,1.47,3.82
2016.06.02 11:37:08.332,1.08973,1.08978,1.10,1.60
2016.06.02 11:37:11.776,1.08974,1.08979,1.00,6.07
2016.06.02 11:37:12.080,1.08972,1.08976,1.20,1.20
2016.06.02 11:37:13.543,1.08971,1.08976,1.95,1.12
2016.06.02 11:37:14.353,1.08976,1.08977,2.25,1.50
2016.06.02 11:37:14.590,1.08979,1.08982,1.12,2.06
2016.06.02 11:37:14.692,1.08977,1.08981,1.12,1.12
2016.06.02 11:37:15.205,1.08976,1.0898,1.37,1.69
2016.06.02 11:37:15.306,1.08974,1.08978,1.47,1.20
2016.06.02 11:37:15.610,1.08972,1.08976,2.62,1.00
2016.06.02 11:37:15.662,1.08972,1.08976,1.20,1.00
2016.06.02 11:37:15.895,1.08971,1.08976,1.37,4.12
2016.06.02 11:37:16.401,1.08975,1.08977,1.37,1.12
2016.06.02 11:37:16.502,1.08977,1.08979,1.00,1.50
2016.06.02 11:37:17.143,1.08976,1.08981,1.95,2.81
2016.06.02 11:37:19.167,1.08976,1.08981,1.20,1.50
2016.06.02 11:37:20.666,1.08976,1.08981,1.57,1.50
2016.06.02 11:37:21.292,1.08978,1.08981,1.00,1.10
2016.06.02 11:37:21.795,1.08979,1.08982,1.00,1.22
2016.06.02 11:37:23.086,1.08978,1.08982,1.00,1.69
2016.06.02 11:37:23.761,1.08979,1.08982,1.00,1.22
2016.06.02 11:37:24.973,1.0898,1.08983,1.00,7.95
2016.06.02 11:37:25.075,1.08982,1.08983,1.00,2.62
2016.06.02 11:37:25.582,1.08981,1.08983,1.12,2.32
2016.06.02 11:37:25.886,1.08978,1.08982,1.12,1.12
2016.06.02 11:37:25.988,1.08976,1.08981,2.25,1.10
2016.06.02 11:37:26.495,1.08977,1.08981,1.12,1.12
2016.06.02 11:37:28.791,1.08976,1.08981,1.10,2.62
2016.06.02 11:37:29.322,1.08976,1.0898,1.95,1.10
2016.06.02 11:37:31.692,1.08976,1.08981,1.87,1.69
2016.06.02 11:37:34.190,1.08976,1.08981,1.50,2.06
2016.06.02 11:37:34.923,1.08977,1.08981,1.00,1.50
2016.06.02 11:37:35.226,1.08979,1.08982,1.00,2.81
2016.06.02 11:37:35.770,1.08979,1.08983,1.00,2.25
2016.06.02 11:37:37.093,1.08978,1.08983,1.87,2.25
2016.06.02 11:37:37.396,1.0898,1.08983,1.00,1.12
2016.06.02 11:37:37.701,1.08978,1.08981,1.12,1.00
2016.06.02 11:37:38.005,1.08976,1.0898,1.95,1.10
2016.06.02 11:37:42.395,1.08977,1.0898,1.00,1.10
2016.06.02 11:37:42.699,1.08979,1.08981,1.00,1.12
2016.06.02 11:37:43.206,1.08976,1.08982,2.70,3.19
2016.06.02 11:37:45.234,1.08979,1.08983,1.00,4.31
2016.06.02 11:37:45.336,1.0898,1.08983,1.00,3.00
2016.06.02 11:37:45.792,1.08978,1.08983,1.50,1.50
2016.06.02 11:37:47.178,1.08977,1.08982,2.70,1.95
2016.06.02 11:37:47.683,1.08977,1.08982,1.12,1.31
2016.06.02 11:37:49.589,1.08977,1.08983,1.20,3.37
2016.06.02 11:37:50.095,1.08977,1.08981,1.00,1.87
2016.06.02 11:37:50.641,1.08976,1.08981,1.95,1.87
2016.06.02 11:37:50.995,1.08978,1.08981,1.00,1.12
2016.06.02 11:37:51.543,1.08978,1.08981,1.00,1.10
2016.06.02 11:37:52.073,1.08977,1.08981,1.20,1.10
2016.06.02 11:37:53.157,1.08977,1.08983,1.12,4.95
2016.06.02 11:37:54.236,1.08976,1.08982,1.37,4.39
2016.06.02 11:37:54.762,1.08975,1.08982,5.32,5.44
2016.06.02 11:37:57.882,1.08975,1.08982,5.89,4.12
2016.06.02 11:38:00.192,1.08976,1.08982,1.57,4.12
2016.06.02 11:38:00.730,1.08975,1.08981,5.14,1.12
2016.06.02 11:38:01.236,1.08975,1.08981,4.09,1.50
2016.06.02 11:38:01.986,1.08976,1.08981,1.37,1.50
2016.06.02 11:38:02.745,1.08978,1.08982,1.00,3.00
2016.06.02 11:38:02.847,1.08978,1.08982,1.12,2.32
2016.06.02 11:38:05.371,1.08978,1.08983,1.20,1.10
2016.06.02 11:38:09.322,1.08979,1.08983,1.00,1.10
2016.06.02 11:38:09.568,1.08981,1.08986,1.20,1.87
2016.06.02 11:38:10.074,1.08981,1.08986,1.95,1.87
2016.06.02 11:38:12.565,1.08982,1.08986,1.20,1.10
2016.06.02 11:38:12.872,1.08985,1.08987,1.47,1.00
2016.06.02 11:38:13.126,1.08985,1.08989,1.47,1.10
2016.06.02 11:38:14.455,1.08985,1.08989,1.47,1.47
2016.06.02 11:38:14.556,1.08983,1.08986,2.62,1.00
2016.06.02 11:38:14.658,1.08983,1.08986,1.00,1.57
2016.06.02 11:38:15.012,1.0898,1.08985,1.95,1.10
2016.06.02 11:38:15.549,1.08982,1.08987,1.10,1.87
2016.06.02 11:38:16.395,1.08983,1.08988,1.37,1.69
2016.06.02 11:38:16.745,1.08986,1.08988,1.10,1.10
2016.06.02 11:38:16.796,1.08983,1.08989,1.50,3.56
2016.06.02 11:38:19.128,1.08984,1.08989,1.37,1.00
2016.06.02 11:38:23.550,1.08983,1.08989,2.62,3.26
2016.06.02 11:38:24.445,1.08987,1.0899,1.12,2.62
2016.06.02 11:38:24.546,1.08987,1.08992,3.75,1.50
2016.06.02 11:38:25.053,1.08987,1.08992,1.87,1.00
2016.06.02 11:38:25.559,1.08987,1.08991,1.87,1.00
2016.06.02 11:38:27.628,1.08986,1.0899,1.57,1.00
2016.06.02 11:38:28.836,1.08986,1.08989,1.57,2.25
2016.06.02 11:38:28.939,1.08983,1.08986,3.37,1.00
2016.06.02 11:38:29.466,1.08982,1.08986,1.87,1.00
2016.06.02 11:38:30.376,1.08981,1.08986,2.25,2.25
2016.06.02 11:38:30.901,1.08981,1.08985,2.25,1.00
2016.06.02 11:38:31.407,1.08982,1.08986,1.87,1.50
2016.06.02 11:38:32.569,1.08981,1.08985,2.25,1.00
2016.06.02 11:38:33.075,1.0898,1.08984,2.70,1.00
2016.06.02 11:38:33.587,1.08982,1.08985,4.20,1.00
2016.06.02 11:38:33.689,1.08984,1.08989,1.12,2.62
2016.06.02 11:38:33.932,1.08987,1.08991,3.00,1.12
2016.06.02 11:38:33.983,1.08987,1.08993,4.12,4.12
2016.06.02 11:38:34.489,1.08988,1.08992,1.47,1.10
2016.06.02 11:38:36.092,1.08988,1.08994,2.25,2.70
2016.06.02 11:38:38.373,1.0899,1.08994,1.00,2.70
2016.06.02 11:38:38.434,1.08995,1.08996,1.00,2.25
2016.06.02 11:38:38.485,1.08995,1.08997,1.25,1.00
2016.06.02 11:38:38.536,1.08997,1.09,1.50,2.81
