2016.06.21 08:00:00.001,1.04471,1.04473,1.25,2.25
2016.06.21 08:00:00.153,1.0447,1.04471,1.69,1.00
2016.06.21 08:00:00.452,1.0447,1.04474,1.69,1.00
2016.06.21 08:00:00.655,1.0447,1.04472,1.19,1.00
2016.06.21 08:00:00.959,1.0447,1.04475,1.69,4.12
2016.06.21 08:00:01.112,1.04472,1.04475,1.69,1.50
2016.06.21 08:00:01.272,1.04475,1.04478,1.69,1.50
2016.06.21 08:00:01.324,1.04478,1.04479,1.00,1.00
2016.06.21 08:00:01.484,1.04478,1.04481,1.50,3.00
2016.06.21 08:00:01.891,1.0448,1.04482,1.00,1.00
2016.06.21 08:00:02.410,1.04478,1.04481,1.19,1.00
2016.06.21 08:00:04.596,1.04478,1.0448,1.19,1.00
2016.06.21 08:00:04.749,1.04477,1.0448,1.25,1.50
2016.06.21 08:00:05.263,1.04476,1.04479,1.19,1.00
2016.06.21 08:00:05.364,1.04476,1.04478,1.25,1.00
2016.06.21 08:00:05.678,1.04474,1.04475,2.44,1.00
2016.06.21 08:00:06.186,1.04477,1.04478,1.39,1.00
2016.06.21 08:00:06.288,1.04477,1.04481,5.14,4.12
2016.06.21 08:00:06.339,1.04477,1.04481,5.14,1.50
2016.06.21 08:00:07.270,1.04478,1.04482,1.69,3.00
2016.06.21 08:00:07.781,1.04478,1.04481,1.69,1.00
2016.06.21 08:00:08.675,1.04478,1.04482,1.25,3.00
2016.06.21 08:00:09.194,1.04478,1.0448,1.69,1.00
2016.06.21 08:00:10.309,1.04478,1.04481,1.25,1.00
2016.06.21 08:00:10.815,1.04478,1.04482,1.00,3.75
2016.06.21 08:00:11.279,1.0448,1.04482,1.00,1.50
2016.06.21 08:00:11.483,1.0448,1.04484,1.25,1.50
2016.06.21 08:00:11.635,1.04479,1.04482,1.50,1.00
2016.06.21 08:00:12.140,1.04478,1.04482,1.25,1.50
2016.06.21 08:00:13.544,1.04477,1.04481,5.14,1.12
2016.06.21 08:00:13.849,1.04477,1.04479,4.12,1.00
2016.06.21 08:00:14.002,1.04477,1.04481,4.12,1.50
2016.06.21 08:00:14.815,1.04476,1.04477,1.76,2.55
2016.06.21 08:00:15.018,1.04471,1.04472,1.00,1.00
2016.06.21 08:00:15.272,1.04469,1.04474,1.69,1.57
2016.06.21 08:00:15.597,1.0447,1.04472,1.00,1.00
2016.06.21 08:00:15.749,1.04468,1.04472,1.50,1.00
2016.06.21 08:00:16.255,1.04467,1.04472,1.69,2.65
2016.06.21 08:00:18.326,1.04467,1.04472,1.69,2.68
2016.06.21 08:00:18.529,1.04466,1.04469,1.76,1.15
2016.06.21 08:00:18.631,1.04464,1.04467,1.25,1.12
2016.06.21 08:00:18.783,1.04463,1.04465,1.50,1.00
2016.06.21 08:00:19.334,1.04464,1.04466,1.00,1.00
2016.06.21 08:00:19.879,1.04463,1.04466,1.00,1.00
2016.06.21 08:00:20.825,1.04463,1.04465,1.12,1.00
2016.06.21 08:00:21.340,1.04463,1.04466,1.12,1.00
2016.06.21 08:00:21.644,1.04461,1.04464,1.00,2.25
2016.06.21 08:00:21.695,1.04459,1.04464,1.57,2.25
2016.06.21 08:00:21.746,1.04463,1.04465,1.50,3.75
2016.06.21 08:00:21.949,1.04462,1.04465,1.00,1.00
2016.06.21 08:00:22.152,1.0446,1.04464,2.06,1.00
2016.06.21 08:00:22.458,1.04458,1.04463,1.57,1.00
2016.06.21 08:00:23.747,1.04458,1.04464,1.57,3.00
2016.06.21 08:00:24.556,1.04459,1.04464,1.00,3.00
2016.06.21 08:00:25.101,1.04458,1.04463,1.57,1.00
2016.06.21 08:00:25.808,1.04458,1.04462,1.00,1.00
2016.06.21 08:00:25.961,1.04457,1.0446,1.20,1.00
2016.06.21 08:00:26.113,1.04455,1.04459,1.00,1.00
2016.06.21 08:00:26.643,1.04454,1.04459,1.00,2.25
2016.06.21 08:00:27.149,1.04455,1.0446,1.31,1.50
2016.06.21 08:00:28.039,1.0446,1.04462,1.00,4.12
2016.06.21 08:00:28.242,1.04462,1.04466,1.25,1.50
2016.06.21 08:00:28.749,1.04463,1.04467,1.00,2.25
2016.06.21 08:00:29.698,1.04463,1.04465,1.31,1.00
2016.06.21 08:00:29.901,1.04458,1.04463,3.19,1.00
2016.06.21 08:00:35.229,1.04458,1.04462,1.49,1.00
2016.06.21 08:00:35.897,1.04458,1.04462,1.00,1.00
2016.06.21 08:00:36.000,1.04457,1.0446,2.14,1.00
2016.06.21 08:00:36.203,1.04454,1.04458,1.00,1.00
2016.06.21 08:00:36.608,1.04453,1.04456,1.56,1.00
2016.06.21 08:00:36.913,1.04451,1.04454,2.06,1.00
2016.06.21 08:00:37.445,1.04452,1.04455,1.62,1.00
2016.06.21 08:00:38.474,1.04452,1.04456,1.62,1.00
2016.06.21 08:00:39.878,1.04452,1.04457,1.61,2.25
2016.06.21 08:00:40.416,1.04453,1.04457,1.54,1.50
2016.06.21 08:00:44.535,1.04453,1.04456,1.31,1.12
2016.06.21 08:00:45.042,1.04451,1.04455,5.31,1.00
2016.06.21 08:00:45.854,1.04451,1.04453,5.31,1.00
2016.06.21 08:00:46.462,1.04451,1.04453,1.69,1.00
2016.06.21 08:00:46.971,1.0445,1.04453,1.00,1.87
2016.06.21 08:00:47.327,1.04448,1.04451,3.94,1.00
2016.06.21 08:00:47.838,1.04448,1.04452,1.69,1.50
2016.06.21 08:00:48.419,1.04448,1.04451,1.69,1.00
2016.06.21 08:00:48.521,1.04446,1.04449,1.01,1.00
2016.06.21 08:00:48.725,1.04444,1.04448,1.39,1.00
2016.06.21 08:00:48.877,1.04444,1.04446,1.39,1.00
2016.06.21 08:00:49.111,1.04444,1.04448,1.50,1.87
2016.06.21 08:00:49.314,1.04445,1.0445,2.62,2.93
2016.06.21 08:00:49.619,1.04447,1.04451,1.00,2.25
2016.06.21 08:00:52.079,1.04447,1.04451,1.00,3.37
2016.06.21 08:00:53.140,1.04447,1.04449,1.00,1.00
2016.06.21 08:00:53.446,1.04442,1.04446,2.62,1.12
2016.06.21 08:00:53.960,1.04442,1.04447,1.87,1.00
2016.06.21 08:00:55.327,1.04442,1.04447,2.62,1.50
2016.06.21 08:00:56.241,1.04442,1.04447,1.87,2.62
2016.06.21 08:00:56.747,1.04442,1.04445,1.12,1.50
2016.06.21 08:00:57.052,1.0444,1.04444,1.25,1.00
2016.06.21 08:00:57.383,1.04438,1.04443,1.75,3.00
2016.06.21 08:00:57.927,1.04437,1.04442,2.38,1.00
2016.06.21 08:00:58.539,1.04438,1.04443,1.37,2.25
2016.06.21 08:00:58.700,1.04439,1.04443,1.22,1.00
2016.06.21 08:00:58.751,1.0444,1.04445,3.60,3.82
2016.06.21 08:00:58.853,1.04441,1.04445,1.62,1.10
2016.06.21 08:00:59.158,1.04444,1.04446,1.31,1.00
2016.06.21 08:00:59.310,1.04444,1.04449,1.31,1.00
2016.06.21 08:01:01.277,1.04443,1.04448,1.95,1.00
2016.06.21 08:01:01.582,1.04445,1.0445,2.47,1.00
2016.06.21 08:01:01.736,1.04448,1.04451,1.00,1.20
2016.06.21 08:01:01.889,1.04448,1.04453,3.56,1.00
2016.06.21 08:01:02.253,1.04447,1.04452,1.00,1.50
2016.06.21 08:01:02.762,1.04447,1.04452,1.76,1.00
2016.06.21 08:01:04.736,1.0445,1.04453,1.00,1.10
2016.06.21 08:01:05.270,1.04449,1.04452,1.50,1.00
2016.06.21 08:01:05.935,1.0445,1.04452,1.00,1.00
2016.06.21 08:01:08.180,1.04451,1.04453,1.19,1.00
2016.06.21 08:01:08.243,1.04451,1.04454,1.49,1.00
2016.06.21 08:01:08.446,1.04452,1.04457,2.25,2.25
2016.06.21 08:01:08.598,1.04455,1.04459,1.50,1.00
2016.06.21 08:01:09.137,1.04455,1.0446,1.50,1.12
2016.06.21 08:01:10.172,1.04455,1.04461,1.50,2.25
2016.06.21 08:01:10.587,1.04457,1.04461,1.00,1.00
2016.06.21 08:01:11.094,1.04458,1.04462,1.00,1.00
2016.06.21 08:01:12.379,1.04458,1.04463,1.50,1.20
2016.06.21 08:01:13.636,1.04458,1.04463,1.75,1.00
2016.06.21 08:01:14.142,1.04459,1.04464,1.33,2.62
2016.06.21 08:01:14.651,1.04458,1.04463,1.82,1.00
2016.06.21 08:01:17.145,1.04458,1.04463,1.10,1.00
2016.06.21 08:01:18.676,1.04457,1.04463,3.07,1.50
2016.06.21 08:01:18.979,1.04457,1.04461,1.20,1.00
2016.06.21 08:01:19.293,1.04454,1.04458,1.20,1.00
2016.06.21 08:01:19.801,1.04452,1.04457,2.89,1.00
2016.06.21 08:01:20.919,1.04453,1.04458,1.35,3.00
2016.06.21 08:01:22.530,1.04453,1.04456,1.12,1.50
2016.06.21 08:01:23.068,1.04452,1.04456,1.31,2.25
2016.06.21 08:01:23.373,1.04451,1.04454,1.87,1.50
2016.06.21 08:01:24.444,1.04452,1.04457,2.36,3.00
2016.06.21 08:01:24.900,1.04455,1.04457,1.12,1.00
2016.06.21 08:01:24.951,1.04455,1.04459,1.87,1.10
2016.06.21 08:01:25.476,1.04455,1.0446,3.37,1.00
2016.06.21 08:01:26.640,1.04457,1.0446,1.00,1.00
2016.06.21 08:01:27.929,1.04457,1.04461,1.00,1.00
2016.06.21 08:01:28.435,1.04457,1.0446,1.00,1.00
2016.06.21 08:01:30.207,1.04457,1.04461,1.00,1.00
2016.06.21 08:01:30.511,1.0446,1.04464,1.00,1.00
2016.06.21 08:01:30.815,1.04462,1.04466,1.00,1.00
2016.06.21 08:01:31.356,1.04461,1.04466,1.12,2.25
2016.06.21 08:01:31.863,1.0446,1.04465,1.87,1.00
2016.06.21 08:01:32.379,1.0446,1.04465,1.50,1.00
2016.06.21 08:01:33.192,1.0446,1.04466,1.50,2.25
2016.06.21 08:01:33.498,1.04462,1.04466,1.00,1.50
2016.06.21 08:01:33.651,1.04463,1.04468,2.62,1.57
2016.06.21 08:01:33.752,1.04465,1.04468,1.00,1.10
2016.06.21 08:01:33.854,1.04465,1.0447,1.50,1.95
2016.06.21 08:01:35.169,1.04465,1.04469,1.00,1.00
2016.06.21 08:01:36.568,1.04465,1.04468,1.00,1.12
2016.06.21 08:01:37.139,1.04464,1.04468,1.00,1.33
2016.06.21 08:01:37.652,1.04464,1.04467,1.00,1.12
2016.06.21 08:01:38.402,1.04464,1.04466,1.00,1.00
2016.06.21 08:01:39.064,1.04463,1.04466,1.25,1.37
2016.06.21 08:01:39.569,1.04462,1.04466,1.00,2.87
2016.06.21 08:01:40.092,1.04462,1.04465,1.00,1.12
2016.06.21 08:01:40.194,1.0446,1.04465,1.76,2.25
2016.06.21 08:01:40.716,1.0446,1.04464,1.25,1.50
2016.06.21 08:01:41.650,1.0446,1.04465,1.25,3.00
2016.06.21 08:01:42.220,1.0446,1.04465,1.25,3.37
2016.06.21 08:01:43.130,1.0446,1.04464,1.25,3.75
2016.06.21 08:01:44.091,1.04458,1.04462,1.07,2.00
2016.06.21 08:01:44.608,1.04457,1.04462,2.38,1.69
2016.06.21 08:01:46.656,1.04457,1.04463,2.51,3.37
2016.06.21 08:01:47.162,1.04457,1.04461,1.25,2.25
2016.06.21 08:01:47.521,1.04454,1.04457,2.81,1.00
2016.06.21 08:01:48.028,1.04454,1.04456,1.69,1.00
2016.06.21 08:01:48.282,1.04452,1.04455,2.81,1.00
2016.06.21 08:01:48.792,1.04452,1.04454,2.81,1.00
2016.06.21 08:01:48.997,1.04454,1.04455,1.12,1.00
2016.06.21 08:01:49.099,1.04455,1.04459,1.00,1.57
2016.06.21 08:01:49.200,1.04455,1.04461,1.50,3.07
2016.06.21 08:01:49.706,1.04456,1.0446,1.00,1.00
2016.06.21 08:01:49.961,1.04454,1.04457,1.76,1.00
2016.06.21 08:01:50.215,1.04452,1.04456,2.44,1.12
2016.06.21 08:01:50.478,1.04453,1.04458,2.10,4.63
2016.06.21 08:01:50.983,1.04453,1.04457,1.69,1.00
2016.06.21 08:01:54.625,1.04453,1.04457,1.00,3.00
2016.06.21 08:01:55.132,1.04451,1.04455,1.87,1.00
2016.06.21 08:01:55.431,1.04453,1.04457,1.00,3.00
2016.06.21 08:01:57.190,1.04453,1.04456,1.50,1.00
2016.06.21 08:01:58.630,1.04452,1.04457,1.87,4.31
2016.06.21 08:01:59.136,1.04452,1.04456,1.87,1.00
2016.06.21 08:01:59.655,1.04453,1.04457,1.12,1.00
2016.06.21 08:02:00.886,1.04453,1.04456,1.50,1.00
2016.06.21 08:02:01.957,1.04453,1.04457,1.00,3.00
2016.06.21 08:02:04.561,1.04453,1.04456,1.00,1.00
2016.06.21 08:02:04.713,1.0445,1.04454,1.95,1.00
2016.06.21 08:02:04.878,1.04449,1.04453,1.20,1.00
2016.06.21 08:02:05.411,1.04448,1.04453,1.69,3.00
2016.06.21 08:02:05.917,1.04448,1.04452,1.25,1.00
2016.06.21 08:02:06.425,1.04448,1.04453,2.06,1.50
2016.06.21 08:02:10.582,1.04448,1.04452,1.25,1.20
2016.06.21 08:02:11.116,1.04448,1.04451,1.25,1.00
2016.06.21 08:02:11.622,1.04446,1.04451,1.87,1.00
2016.06.21 08:02:15.594,1.04447,1.0445,1.12,1.00
2016.06.21 08:02:15.746,1.04445,1.04449,1.25,1.50
2016.06.21 08:02:16.252,1.04444,1.04449,1.00,3.37
2016.06.21 08:02:16.757,1.04444,1.04448,1.00,1.00
2016.06.21 08:02:16.979,1.04443,1.04446,1.00,1.00
2016.06.21 08:02:17.185,1.04441,1.04445,1.20,2.25
2016.06.21 08:02:17.490,1.04439,1.04442,1.37,1.00
2016.06.21 08:02:17.592,1.04438,1.04441,1.10,1.50
2016.06.21 08:02:17.694,1.04436,1.04441,1.00,3.00
2016.06.21 08:02:18.203,1.04437,1.04441,1.25,1.00
2016.06.21 08:02:19.848,1.04437,1.04442,1.69,1.50
2016.06.21 08:02:20.354,1.04438,1.04442,1.00,1.00
2016.06.21 08:02:20.436,1.0444,1.04443,1.00,1.57
2016.06.21 08:02:20.589,1.04442,1.04446,1.00,2.32
2016.06.21 08:02:22.064,1.04443,1.04446,1.00,1.00
2016.06.21 08:02:23.434,1.04443,1.04447,1.00,1.87
2016.06.21 08:02:27.651,1.04443,1.04445,1.50,1.00
2016.06.21 08:02:28.157,1.04443,1.04446,1.50,1.50
2016.06.21 08:02:30.015,1.04443,1.04447,1.50,2.62
2016.06.21 08:02:31.720,1.04443,1.04446,1.00,1.12
2016.06.21 08:02:32.294,1.04443,1.04447,1.00,4.95
2016.06.21 08:02:34.145,1.04443,1.04446,1.00,1.00
2016.06.21 08:02:34.655,1.04442,1.04446,2.06,1.50
2016.06.21 08:02:37.294,1.04442,1.04445,2.06,1.00
2016.06.21 08:02:37.801,1.04442,1.04446,2.06,1.00
2016.06.21 08:02:38.597,1.04442,1.04447,2.06,4.20
2016.06.21 08:02:39.103,1.04443,1.04447,1.00,1.50
2016.06.21 08:02:41.107,1.04442,1.04447,2.29,2.25
2016.06.21 08:02:41.613,1.04442,1.04446,1.12,1.00
2016.06.21 08:02:42.221,1.04441,1.04445,1.87,1.00
2016.06.21 08:02:43.043,1.04441,1.04446,1.87,2.70
2016.06.21 08:02:45.550,1.04444,1.04446,1.00,1.20
2016.06.21 08:02:45.806,1.04447,1.04449,1.10,1.54
2016.06.21 08:02:45.908,1.04448,1.04451,1.00,1.50
2016.06.21 08:02:46.112,1.0445,1.04452,1.00,1.50
2016.06.21 08:02:46.468,1.04449,1.04454,1.50,1.50
2016.06.21 08:02:48.691,1.04449,1.04453,1.00,1.00
2016.06.21 08:02:51.772,1.04448,1.04453,1.00,2.50
2016.06.21 08:02:52.874,1.04448,1.04452,1.00,1.00
2016.06.21 08:02:52.975,1.04446,1.04451,2.36,1.00
2016.06.21 08:02:56.352,1.04447,1.04451,1.00,1.00
2016.06.21 08:02:56.505,1.04448,1.04453,1.00,1.57
2016.06.21 08:02:58.896,1.04447,1.04452,1.87,1.00
2016.06.21 08:03:00.580,1.04449,1.04453,1.00,2.50
2016.06.21 08:03:00.987,1.04451,1.04455,1.00,4.75
2016.06.21 08:03:01.089,1.04451,1.04456,3.00,4.82
2016.06.21 08:03:01.444,1.04449,1.04454,1.57,1.37
2016.06.21 08:03:01.651,1.04447,1.04452,1.50,1.50
2016.06.21 08:03:03.520,1.04448,1.04453,1.00,1.75
2016.06.21 08:03:05.928,1.04449,1.04453,1.00,1.33
2016.06.21 08:03:06.232,1.04451,1.04456,1.00,5.50
2016.06.21 08:03:07.980,1.04451,1.04456,1.00,1.87
2016.06.21 08:03:08.292,1.04451,1.04454,1.00,1.00
2016.06.21 08:03:08.697,1.04454,1.04458,2.25,1.95
2016.06.21 08:03:08.900,1.04455,1.04456,1.00,1.00
2016.06.21 08:03:09.002,1.04453,1.04457,1.76,1.00
2016.06.21 08:03:09.510,1.04453,1.04458,2.06,1.50
2016.06.21 08:03:10.041,1.04453,1.04458,2.44,2.50
2016.06.21 08:03:10.387,1.04456,1.04458,1.25,2.25
2016.06.21 08:03:10.641,1.04458,1.04462,2.14,3.00
2016.06.21 08:03:10.693,1.04461,1.04462,1.00,1.50
2016.06.21 08:03:10.896,1.04462,1.04465,3.56,1.00
2016.06.21 08:03:11.200,1.04461,1.04464,1.29,1.12
2016.06.21 08:03:11.358,1.04458,1.04464,4.50,5.62
2016.06.21 08:03:11.409,1.04458,1.04464,1.12,5.99
2016.06.21 08:03:11.511,1.04457,1.04462,3.82,2.62
2016.06.21 08:03:11.915,1.04458,1.04463,1.00,2.62
2016.06.21 08:03:12.017,1.0446,1.04463,1.50,1.00
2016.06.21 08:03:12.119,1.04461,1.04465,1.00,1.12
2016.06.21 08:03:12.648,1.04461,1.04466,1.30,1.50
2016.06.21 08:03:13.105,1.04465,1.04466,1.00,1.00
2016.06.21 08:03:13.156,1.04465,1.04468,1.00,1.20
2016.06.21 08:03:13.208,1.04465,1.0447,2.62,2.25
2016.06.21 08:03:15.016,1.04468,1.04471,1.00,1.87
2016.06.21 08:03:15.118,1.04469,1.04473,1.00,1.50
2016.06.21 08:03:15.649,1.04468,1.04473,1.76,1.00
2016.06.21 08:03:16.155,1.04467,1.04472,1.80,1.50
2016.06.21 08:03:16.672,1.04467,1.04473,1.80,3.00
2016.06.21 08:03:19.321,1.04469,1.04473,1.00,1.00
2016.06.21 08:03:19.525,1.0447,1.04475,1.87,1.00
2016.06.21 08:03:19.880,1.04473,1.04476,2.25,1.87
2016.06.21 08:03:20.135,1.04476,1.0448,2.25,1.00
2016.06.21 08:03:20.486,1.04474,1.04478,1.10,1.00
2016.06.21 08:03:22.032,1.04474,1.04479,1.50,1.20
2016.06.21 08:03:22.337,1.04479,1.04481,1.00,1.00
2016.06.21 08:03:22.782,1.04476,1.04481,3.26,1.00
2016.06.21 08:03:23.289,1.04476,1.04481,1.50,1.00
2016.06.21 08:03:25.279,1.04477,1.04482,1.00,4.50
2016.06.21 08:03:25.381,1.04479,1.04482,1.00,1.50
2016.06.21 08:03:25.787,1.04481,1.04482,3.75,1.00
2016.06.21 08:03:25.990,1.04479,1.04481,1.00,1.50
2016.06.21 08:03:26.041,1.04477,1.04481,1.00,1.00
2016.06.21 08:03:26.550,1.04477,1.0448,1.00,1.00
2016.06.21 08:03:27.901,1.04477,1.04479,1.00,1.00
2016.06.21 08:03:28.056,1.04475,1.04479,1.50,1.95
2016.06.21 08:03:28.107,1.04477,1.04479,1.00,1.20
2016.06.21 08:03:28.310,1.0448,1.04484,1.00,1.50
2016.06.21 08:03:28.715,1.0448,1.04482,1.00,1.00
2016.06.21 08:03:28.817,1.04478,1.04481,1.50,1.00
2016.06.21 08:03:29.070,1.04476,1.04479,1.00,1.00
2016.06.21 08:03:29.121,1.04477,1.04481,1.00,1.12
2016.06.21 08:03:29.643,1.04478,1.04483,1.12,1.50
2016.06.21 08:03:30.149,1.04479,1.04482,1.00,1.00
2016.06.21 08:03:30.543,1.04478,1.0448,1.00,1.00
2016.06.21 08:03:30.848,1.0448,1.04481,1.00,1.00
2016.06.21 08:03:30.900,1.04478,1.04481,1.00,1.00
2016.06.21 08:03:31.406,1.04477,1.04481,1.00,1.00
2016.06.21 08:03:34.522,1.04476,1.04481,1.00,1.00
2016.06.21 08:03:36.228,1.04476,1.04481,1.69,1.00
2016.06.21 08:03:36.279,1.04481,1.04482,1.00,1.50
2016.06.21 08:03:36.432,1.04486,1.04488,1.00,1.00
2016.06.21 08:03:36.634,1.04483,1.04488,1.10,2.25
2016.06.21 08:03:37.184,1.04482,1.04487,2.62,1.00
2016.06.21 08:03:37.891,1.04482,1.04485,1.12,1.00
2016.06.21 08:03:38.094,1.0448,1.04484,1.95,1.00
2016.06.21 08:03:38.498,1.04482,1.04485,1.00,3.00
2016.06.21 08:03:38.861,1.04482,1.04487,1.00,2.25
2016.06.21 08:03:39.367,1.04481,1.04485,1.50,1.00
2016.06.21 08:03:39.907,1.04481,1.04486,1.50,1.50
2016.06.21 08:03:40.414,1.04481,1.04485,1.00,1.00
2016.06.21 08:03:42.362,1.04482,1.04485,1.00,1.50
2016.06.21 08:03:42.868,1.04482,1.04486,1.50,1.00
2016.06.21 08:03:43.172,1.0448,1.04484,1.20,1.00
2016.06.21 08:03:43.711,1.04478,1.04483,1.57,1.50
2016.06.21 08:03:43.914,1.04476,1.04481,1.57,1.00
2016.06.21 08:03:44.319,1.04479,1.04481,1.00,1.00
2016.06.21 08:03:44.473,1.04477,1.04482,1.50,1.00
2016.06.21 08:03:44.980,1.04477,1.04481,1.00,1.00
2016.06.21 08:03:47.137,1.04477,1.04482,1.50,1.87
2016.06.21 08:03:47.188,1.0448,1.04482,1.00,1.87
2016.06.21 08:03:47.400,1.04482,1.04486,1.00,1.25
2016.06.21 08:03:48.775,1.04483,1.04487,1.00,2.44
2016.06.21 08:03:49.868,1.04483,1.04485,1.00,1.50
2016.06.21 08:03:49.919,1.04482,1.04483,1.10,1.00
2016.06.21 08:03:50.122,1.04479,1.04481,1.00,1.00
2016.06.21 08:03:50.223,1.04476,1.0448,1.50,1.00
2016.06.21 08:03:50.527,1.04479,1.04481,1.19,3.00
2016.06.21 08:03:50.734,1.04481,1.04484,1.00,1.00
2016.06.21 08:03:51.039,1.04479,1.04483,1.50,1.00
2016.06.21 08:03:52.000,1.04481,1.04483,1.31,1.00
2016.06.21 08:03:52.110,1.04483,1.04486,1.25,2.62
2016.06.21 08:03:52.314,1.04482,1.04487,2.06,1.00
2016.06.21 08:03:52.821,1.04482,1.04486,1.19,1.00
2016.06.21 08:03:54.490,1.04482,1.04486,1.12,1.00
2016.06.21 08:03:55.004,1.04481,1.04486,3.07,1.00
2016.06.21 08:03:56.246,1.04481,1.04485,2.32,1.00
2016.06.21 08:04:00.124,1.04481,1.04486,3.45,1.00
2016.06.21 08:04:00.576,1.04481,1.04484,3.37,1.00
2016.06.21 08:04:00.780,1.04479,1.04483,1.00,1.00
2016.06.21 08:04:00.831,1.04478,1.04481,1.10,1.00
2016.06.21 08:04:01.185,1.04478,1.04479,1.00,1.00
2016.06.21 08:04:01.507,1.04476,1.04479,1.25,1.00
2016.06.21 08:04:01.609,1.04479,1.04481,3.25,1.00
2016.06.21 08:04:01.762,1.0448,1.04482,1.00,1.50
2016.06.21 08:04:02.270,1.04478,1.04482,2.25,1.50
2016.06.21 08:04:03.653,1.04478,1.04481,1.00,1.00
2016.06.21 08:04:03.756,1.04477,1.04479,1.10,1.00
2016.06.21 08:04:04.333,1.04478,1.04479,1.00,1.00
2016.06.21 08:04:04.402,1.04478,1.04483,1.80,2.25
2016.06.21 08:04:04.909,1.0448,1.04482,1.00,1.00
2016.06.21 08:04:05.439,1.04479,1.04483,1.00,2.25
2016.06.21 08:04:06.217,1.04479,1.04482,1.00,1.00
2016.06.21 08:04:07.328,1.04479,1.04483,1.87,1.50
2016.06.21 08:04:09.623,1.04479,1.04482,1.00,1.00
2016.06.21 08:04:10.133,1.04479,1.04483,1.00,1.50
2016.06.21 08:04:11.617,1.0448,1.04483,1.30,1.00
2016.06.21 08:04:11.870,1.04481,1.04485,1.57,1.00
2016.06.21 08:04:12.377,1.0448,1.04484,2.36,1.75
2016.06.21 08:04:12.840,1.04479,1.04481,1.12,1.00
2016.06.21 08:04:12.892,1.04479,1.0448,1.00,1.00
2016.06.21 08:04:13.146,1.04481,1.04482,1.00,1.50
2016.06.21 08:04:13.198,1.04481,1.04484,2.06,2.50
2016.06.21 08:04:13.400,1.04481,1.04483,1.87,1.50
2016.06.21 08:04:13.704,1.04479,1.04482,1.00,1.00
2016.06.21 08:04:14.234,1.0448,1.04483,1.00,1.75
2016.06.21 08:04:17.263,1.0448,1.04482,1.00,1.00
2016.06.21 08:04:20.870,1.0448,1.04483,1.00,2.25
2016.06.21 08:04:29.237,1.0448,1.04484,1.00,1.50
2016.06.21 08:04:29.743,1.0448,1.04483,1.00,1.00
2016.06.21 08:04:36.350,1.04479,1.0448,1.50,1.00
2016.06.21 08:04:36.604,1.04478,1.04482,2.44,1.00
2016.06.21 08:04:36.756,1.04478,1.04482,1.50,1.00
2016.06.21 08:04:37.364,1.04479,1.04482,2.12,1.00
2016.06.21 08:04:37.542,1.04481,1.04486,2.25,2.32
2016.06.21 08:04:37.846,1.04486,1.04488,1.69,4.20
2016.06.21 08:04:38.049,1.04487,1.04488,1.00,1.00
2016.06.21 08:04:38.100,1.04487,1.04491,1.00,2.44
2016.06.21 08:04:38.611,1.04486,1.0449,1.00,1.50
2016.06.21 08:04:39.126,1.04486,1.04491,1.33,3.00
2016.06.21 08:04:39.632,1.04486,1.04489,1.71,1.00
2016.06.21 08:04:39.936,1.04483,1.04488,4.37,3.75
2016.06.21 08:04:40.439,1.04483,1.04488,5.05,2.25
2016.06.21 08:04:42.785,1.04484,1.04488,1.12,1.50
2016.06.21 08:04:42.937,1.04484,1.04486,1.00,1.00
2016.06.21 08:04:43.348,1.04484,1.04488,5.06,1.00
2016.06.21 08:04:43.854,1.04484,1.04487,1.00,1.00
2016.06.21 08:04:46.482,1.04484,1.04486,1.00,1.00
2016.06.21 08:04:46.685,1.04481,1.04485,1.31,1.00
2016.06.21 08:04:51.215,1.04481,1.04486,1.29,1.00
2016.06.21 08:04:53.350,1.04482,1.04487,1.16,2.25
2016.06.21 08:04:53.856,1.04483,1.04487,2.62,1.50
2016.06.21 08:04:54.394,1.04483,1.04486,2.25,1.00
2016.06.21 08:04:54.900,1.04483,1.04485,1.50,1.50
2016.06.21 08:04:56.320,1.04483,1.04484,1.50,1.00
2016.06.21 08:04:56.421,1.04481,1.04484,1.50,1.00
2016.06.21 08:04:57.495,1.04481,1.04485,1.00,1.20
2016.06.21 08:04:57.597,1.04482,1.04487,1.00,3.37
2016.06.21 08:04:58.108,1.04483,1.04487,1.50,1.00
2016.06.21 08:04:58.651,1.04483,1.04486,1.50,1.00
2016.06.21 08:04:59.157,1.04482,1.04486,1.00,1.00
2016.06.21 08:05:00.870,1.04483,1.04486,1.00,1.00
2016.06.21 08:05:04.327,1.04483,1.04485,1.50,1.12
2016.06.21 08:05:04.439,1.04481,1.04485,2.25,1.00
2016.06.21 08:05:07.288,1.04481,1.04484,1.50,1.00
2016.06.21 08:05:07.800,1.04481,1.04486,3.07,1.00
2016.06.21 08:05:07.902,1.04483,1.04486,1.50,1.00
2016.06.21 08:05:08.054,1.04483,1.04488,2.62,1.50
2016.06.21 08:05:08.207,1.04485,1.0449,1.87,2.25
2016.06.21 08:05:08.713,1.04485,1.04491,4.05,2.62
2016.06.21 08:05:08.814,1.04487,1.04491,1.50,1.00
2016.06.21 08:05:09.346,1.04487,1.04492,2.47,2.25
2016.06.21 08:05:09.952,1.04487,1.04491,1.72,1.00
2016.06.21 08:05:10.575,1.04487,1.0449,1.00,1.00
2016.06.21 08:05:10.878,1.04486,1.04488,1.00,1.00
2016.06.21 08:05:10.980,1.04484,1.04487,1.10,1.50
2016.06.21 08:05:11.436,1.04484,1.04489,6.00,1.50
2016.06.21 08:05:11.487,1.04485,1.0449,1.47,2.25
2016.06.21 08:05:11.791,1.04489,1.04492,1.00,1.00
2016.06.21 08:05:11.893,1.04487,1.04492,3.07,1.50
2016.06.21 08:05:12.326,1.04489,1.04492,1.00,1.00
2016.06.21 08:05:12.680,1.04487,1.04491,3.07,1.00
2016.06.21 08:05:15.209,1.04487,1.0449,1.00,1.00
2016.06.21 08:05:15.260,1.04488,1.04491,1.19,2.70
2016.06.21 08:05:15.413,1.04489,1.04493,1.50,3.00
2016.06.21 08:05:15.465,1.04491,1.04493,1.00,1.00
2016.06.21 08:05:15.971,1.0449,1.04494,1.00,1.00
2016.06.21 08:05:17.421,1.0449,1.04492,1.00,1.00
2016.06.21 08:05:18.217,1.0449,1.04491,1.00,1.00
2016.06.21 08:05:18.758,1.0449,1.04492,1.00,1.00
2016.06.21 08:05:19.650,1.0449,1.04493,1.00,1.00
2016.06.21 08:05:20.155,1.0449,1.04494,1.00,1.00
2016.06.21 08:05:23.036,1.0449,1.04492,1.00,1.00
2016.06.21 08:05:23.239,1.04487,1.04491,1.00,1.50
2016.06.21 08:05:23.744,1.04489,1.04494,1.00,1.57
2016.06.21 08:05:24.247,1.04488,1.04493,2.32,2.25
2016.06.21 08:05:24.754,1.04489,1.04494,1.00,1.50
2016.06.21 08:05:25.794,1.04488,1.04494,3.82,1.50
2016.06.21 08:05:26.166,1.04488,1.04491,3.07,1.00
2016.06.21 08:05:26.516,1.04488,1.04491,1.65,1.00
2016.06.21 08:05:27.196,1.04488,1.04491,1.50,1.50
2016.06.21 08:05:27.500,1.04486,1.04491,1.95,3.00
2016.06.21 08:05:28.023,1.04487,1.04491,1.00,3.45
2016.06.21 08:05:28.126,1.04488,1.04492,1.00,1.50
2016.06.21 08:05:28.329,1.04488,1.04494,1.50,1.69
2016.06.21 08:05:28.638,1.04488,1.04492,1.00,1.00
2016.06.21 08:05:29.071,1.04486,1.04491,1.95,1.50
2016.06.21 08:05:29.577,1.04487,1.0449,1.00,1.50
2016.06.21 08:05:30.259,1.04486,1.0449,1.10,2.25
2016.06.21 08:05:30.342,1.04486,1.04488,1.10,1.00
2016.06.21 08:05:30.394,1.04484,1.04488,4.95,1.00
2016.06.21 08:05:31.255,1.04484,1.04489,3.45,1.00
2016.06.21 08:05:31.969,1.04484,1.04488,5.70,1.00
2016.06.21 08:05:33.262,1.04484,1.04489,3.07,1.00
2016.06.21 08:05:34.516,1.04485,1.04489,1.00,1.00
2016.06.21 08:05:36.477,1.04485,1.0449,1.00,1.20
2016.06.21 08:05:48.364,1.04485,1.04489,1.00,1.00
2016.06.21 08:05:48.467,1.04483,1.04486,1.10,1.00
2016.06.21 08:05:48.771,1.04481,1.04484,1.33,1.00
2016.06.21 08:05:51.561,1.04482,1.04484,1.00,1.00
2016.06.21 08:05:51.713,1.04482,1.04486,4.12,1.00
2016.06.21 08:05:52.226,1.04483,1.04486,1.00,1.00
2016.06.21 08:05:53.166,1.04483,1.04487,1.00,1.25
2016.06.21 08:05:53.420,1.04484,1.04489,1.50,4.01
2016.06.21 08:05:55.773,1.04485,1.0449,1.50,2.59
2016.06.21 08:05:56.026,1.04488,1.04491,1.87,1.12
2016.06.21 08:05:56.128,1.04489,1.04493,1.00,1.57
2016.06.21 08:05:56.634,1.04489,1.04494,1.50,2.44
2016.06.21 08:05:59.132,1.04489,1.04492,1.00,1.00
2016.06.21 08:05:59.436,1.04486,1.0449,1.10,2.44
2016.06.21 08:06:00.707,1.04486,1.04488,1.12,1.00
2016.06.21 08:06:01.674,1.04486,1.04489,1.00,1.00
2016.06.21 08:06:03.324,1.04486,1.04488,1.00,1.00
2016.06.21 08:06:03.981,1.04484,1.04488,2.44,1.00
2016.06.21 08:06:04.284,1.04482,1.04486,1.87,1.00
2016.06.21 08:06:04.793,1.04482,1.04487,1.50,1.00
2016.06.21 08:06:05.953,1.04483,1.04487,1.00,1.00
2016.06.21 08:06:06.458,1.04482,1.04486,1.50,1.00
2016.06.21 08:06:07.008,1.04481,1.04485,1.00,1.00
2016.06.21 08:06:08.221,1.0448,1.04485,2.92,1.50
2016.06.21 08:06:08.761,1.0448,1.04484,1.50,1.00
2016.06.21 08:06:09.621,1.04481,1.04484,1.00,1.00
2016.06.21 08:06:09.906,1.04482,1.04486,1.12,1.69
2016.06.21 08:06:10.414,1.04483,1.04486,1.00,1.00
2016.06.21 08:06:11.613,1.04483,1.04485,1.00,1.00
2016.06.21 08:06:14.408,1.04482,1.04485,1.00,1.00
2016.06.21 08:06:14.925,1.04482,1.04484,1.00,1.00
2016.06.21 08:06:15.430,1.04482,1.04485,1.00,1.00
2016.06.21 08:06:16.784,1.04481,1.04485,1.57,1.00
2016.06.21 08:06:17.290,1.0448,1.04484,3.75,1.00
2016.06.21 08:06:17.801,1.0448,1.04484,3.37,1.00
2016.06.21 08:06:18.899,1.04479,1.04484,1.95,1.00
2016.06.21 08:06:19.405,1.04479,1.04483,2.32,1.00
2016.06.21 08:06:19.954,1.0448,1.04483,1.00,1.00
2016.06.21 08:06:20.157,1.04479,1.0448,1.57,1.50
2016.06.21 08:06:20.373,1.04475,1.04477,1.00,1.00
2016.06.21 08:06:20.424,1.04473,1.04477,5.32,1.00
2016.06.21 08:06:20.943,1.04472,1.04477,1.50,1.50
2016.06.21 08:06:21.963,1.04471,1.04476,1.57,1.00
2016.06.21 08:06:22.115,1.0447,1.04474,1.00,1.95
2016.06.21 08:06:22.621,1.04469,1.04473,1.00,1.12
2016.06.21 08:06:23.146,1.04468,1.04473,2.25,2.81
2016.06.21 08:06:23.653,1.04469,1.04473,1.00,1.50
2016.06.21 08:06:23.782,1.0447,1.04475,1.50,2.32
2016.06.21 08:06:24.290,1.0447,1.04476,1.87,3.64
2016.06.21 08:06:24.794,1.04471,1.04476,1.00,3.64
2016.06.21 08:06:27.673,1.0447,1.04475,1.50,1.00
2016.06.21 08:06:28.819,1.0447,1.04474,1.00,1.00
2016.06.21 08:06:29.325,1.04469,1.04474,1.00,3.75
2016.06.21 08:06:29.454,1.04469,1.04472,1.00,1.00
2016.06.21 08:06:29.861,1.04466,1.04471,1.87,3.00
2016.06.21 08:06:30.369,1.04466,1.04472,4.80,2.62
2016.06.21 08:06:31.088,1.04467,1.04472,1.00,1.12
2016.06.21 08:06:31.897,1.04466,1.04472,2.62,2.47
2016.06.21 08:06:31.948,1.04466,1.0447,1.50,1.00
2016.06.21 08:06:38.398,1.04466,1.04471,1.50,2.25
2016.06.21 08:06:40.397,1.04466,1.0447,1.00,1.00
2016.06.21 08:06:40.903,1.04466,1.0447,1.00,2.62
2016.06.21 08:06:41.669,1.04466,1.04469,1.00,1.45
2016.06.21 08:06:42.176,1.04465,1.04469,1.50,1.70
2016.06.21 08:06:42.663,1.04468,1.04471,1.00,2.06
2016.06.21 08:06:42.714,1.04468,1.04472,1.50,4.57
2016.06.21 08:06:43.729,1.04465,1.04471,3.07,3.56
2016.06.21 08:06:44.803,1.04466,1.04471,1.00,3.00
2016.06.21 08:06:45.309,1.04466,1.0447,1.00,1.00
2016.06.21 08:06:46.173,1.04465,1.0447,3.30,1.00
2016.06.21 08:06:46.679,1.04465,1.04471,4.05,3.00
2016.06.21 08:06:47.218,1.04466,1.04471,1.00,2.62
2016.06.21 08:06:52.248,1.04467,1.04471,1.00,1.12
2016.06.21 08:06:52.299,1.04469,1.04471,1.00,1.00
2016.06.21 08:06:52.805,1.04469,1.04472,1.00,3.00
2016.06.21 08:06:55.231,1.04468,1.04472,1.50,3.37
2016.06.21 08:06:56.977,1.04467,1.04472,1.50,3.00
2016.06.21 08:07:01.570,1.04467,1.04471,1.50,1.00
2016.06.21 08:07:02.076,1.04467,1.0447,1.50,1.00
2016.06.21 08:07:02.393,1.04464,1.04467,1.00,1.00
2016.06.21 08:07:02.697,1.04463,1.04465,1.00,1.00
2016.06.21 08:07:03.203,1.0446,1.04465,1.50,3.56
2016.06.21 08:07:04.104,1.0446,1.04464,1.00,1.00
2016.06.21 08:07:04.313,1.04458,1.04463,3.00,3.94
2016.06.21 08:07:04.364,1.04458,1.04461,3.00,1.00
2016.06.21 08:07:04.516,1.04456,1.04461,1.50,1.12
2016.06.21 08:07:06.468,1.04455,1.0446,1.80,1.00
2016.06.21 08:07:11.262,1.04455,1.04461,1.50,1.50
2016.06.21 08:07:14.159,1.04455,1.0446,1.50,1.00
2016.06.21 08:07:14.739,1.04456,1.04461,1.00,1.00
2016.06.21 08:07:16.617,1.04458,1.04461,1.00,1.00
2016.06.21 08:07:17.123,1.04458,1.04463,1.50,1.39
2016.06.21 08:07:18.027,1.04455,1.04458,1.75,2.25
2016.06.21 08:07:18.183,1.04454,1.04459,1.50,1.19
2016.06.21 08:07:18.249,1.04454,1.0446,2.25,2.44
2016.06.21 08:07:18.502,1.04456,1.0446,1.50,1.25
2016.06.21 08:07:18.604,1.04457,1.04462,1.00,3.56
2016.06.21 08:07:19.107,1.04456,1.04462,2.92,2.25
2016.06.21 08:07:19.643,1.04456,1.04461,1.00,1.50
2016.06.21 08:07:21.008,1.04455,1.04461,2.32,1.50
2016.06.21 08:07:22.565,1.04455,1.0446,1.50,1.00
2016.06.21 08:07:23.114,1.04454,1.0446,2.70,1.50
2016.06.21 08:07:25.319,1.04455,1.0446,1.00,1.50
2016.06.21 08:07:34.286,1.04455,1.04458,1.00,1.20
2016.06.21 08:07:34.590,1.04458,1.04459,1.00,1.50
2016.06.21 08:07:34.692,1.04458,1.04461,1.00,1.00
2016.06.21 08:07:37.997,1.04458,1.04463,1.00,2.36
2016.06.21 08:07:38.560,1.04459,1.04463,1.00,2.14
2016.06.21 08:07:38.764,1.04457,1.04461,2.62,1.87
2016.06.21 08:07:38.816,1.04457,1.04458,1.50,5.25
2016.06.21 08:07:38.969,1.04454,1.04456,1.00,1.00
2016.06.21 08:07:39.070,1.04451,1.04455,3.07,1.00
2016.06.21 08:07:39.577,1.04452,1.04455,1.00,1.25
2016.06.21 08:07:39.998,1.04452,1.04457,1.00,2.62
2016.06.21 08:07:40.504,1.04453,1.04457,1.00,2.62
2016.06.21 08:07:41.010,1.04452,1.04457,1.00,7.12
2016.06.21 08:07:41.503,1.04452,1.04455,1.00,1.00
2016.06.21 08:07:42.226,1.04451,1.04455,1.00,1.00
2016.06.21 08:07:43.278,1.0445,1.04455,1.72,1.00
2016.06.21 08:07:44.310,1.0445,1.04454,1.00,1.00
2016.06.21 08:07:44.816,1.04449,1.04455,2.25,2.62
2016.06.21 08:07:45.120,1.04448,1.04453,1.00,2.44
2016.06.21 08:07:45.636,1.04449,1.04453,1.00,1.00
2016.06.21 08:07:48.727,1.0445,1.04453,1.00,1.00
2016.06.21 08:07:50.854,1.04451,1.04453,1.00,1.00
2016.06.21 08:07:50.955,1.04452,1.04455,1.00,1.25
2016.06.21 08:07:51.462,1.04452,1.04456,1.00,1.10
2016.06.21 08:07:53.488,1.04452,1.04457,1.50,3.07
2016.06.21 08:07:53.994,1.04453,1.04457,1.00,1.00
2016.06.21 08:07:54.602,1.04452,1.04457,1.50,1.12
2016.06.21 08:07:56.459,1.04453,1.04457,1.50,2.62
2016.06.21 08:07:59.690,1.04452,1.04457,1.00,1.50
2016.06.21 08:08:00.864,1.04454,1.04457,1.00,1.00
2016.06.21 08:08:01.218,1.04454,1.04459,1.00,3.37
2016.06.21 08:08:02.887,1.04453,1.04458,2.55,1.00
2016.06.21 08:08:03.393,1.04454,1.04459,1.00,1.50
2016.06.21 08:08:07.142,1.04453,1.04459,3.00,2.25
2016.06.21 08:08:07.647,1.04453,1.04458,2.25,1.00
2016.06.21 08:08:08.522,1.04453,1.04459,3.00,2.25
2016.06.21 08:08:09.049,1.04454,1.04459,1.00,2.25
2016.06.21 08:08:11.518,1.04453,1.04458,3.67,1.00
2016.06.21 08:08:11.933,1.04452,1.04458,1.95,2.25
2016.06.21 08:08:12.459,1.04452,1.04458,3.00,3.00
2016.06.21 08:08:12.763,1.04452,1.04456,1.20,1.00
2016.06.21 08:08:14.466,1.04451,1.04456,1.50,1.69
2016.06.21 08:08:15.013,1.04452,1.04457,1.00,3.00
2016.06.21 08:08:15.519,1.04451,1.04456,1.50,1.50
2016.06.21 08:08:15.823,1.04451,1.04453,1.00,1.00
2016.06.21 08:08:15.924,1.04449,1.04454,1.00,2.25
2016.06.21 08:08:17.925,1.0445,1.04455,1.12,4.20
2016.06.21 08:08:18.127,1.04451,1.04456,1.67,2.25
2016.06.21 08:08:18.661,1.04451,1.04456,1.00,2.25
2016.06.21 08:08:19.167,1.0445,1.04455,1.95,1.00
2016.06.21 08:08:19.680,1.04449,1.04454,1.57,1.31
2016.06.21 08:08:22.000,1.0445,1.04454,1.00,2.06
2016.06.21 08:08:24.637,1.0445,1.04455,2.17,1.69
2016.06.21 08:08:30.319,1.0445,1.04454,2.17,1.00
2016.06.21 08:08:32.981,1.04449,1.04454,2.02,2.25
2016.06.21 08:08:33.285,1.04449,1.0445,1.00,1.00
2016.06.21 08:08:33.487,1.04443,1.04445,1.00,1.00
2016.06.21 08:08:33.707,1.0444,1.04445,2.87,1.12
2016.06.21 08:08:34.387,1.0444,1.04444,1.33,1.00
2016.06.21 08:08:34.949,1.04439,1.04444,3.25,1.00
2016.06.21 08:08:39.150,1.04439,1.04443,1.45,1.00
2016.06.21 08:08:39.302,1.04438,1.0444,1.00,1.00
2016.06.21 08:08:39.651,1.04433,1.04434,2.25,1.00
2016.06.21 08:08:39.702,1.04431,1.04433,1.10,1.00
2016.06.21 08:08:40.157,1.04429,1.04433,1.50,1.00
2016.06.21 08:08:40.704,1.04431,1.04434,1.00,1.00
2016.06.21 08:08:40.806,1.04431,1.04436,2.92,2.25
2016.06.21 08:08:41.312,1.04433,1.04436,1.33,1.00
2016.06.21 08:08:41.414,1.04433,1.04438,1.25,1.57
2016.06.21 08:08:41.926,1.04433,1.04438,2.87,1.50
2016.06.21 08:08:43.264,1.04433,1.04438,1.50,1.50
2016.06.21 08:08:43.923,1.04434,1.04438,1.00,1.00
2016.06.21 08:08:45.231,1.04435,1.04438,1.00,1.00
2016.06.21 08:08:45.738,1.04435,1.0444,1.12,2.89
2016.06.21 08:08:46.042,1.04438,1.0444,1.00,1.19
2016.06.21 08:08:46.166,1.04438,1.04441,1.00,1.20
2016.06.21 08:08:47.383,1.04439,1.04441,1.00,1.00
2016.06.21 08:08:47.485,1.04439,1.04443,1.30,1.00
2016.06.21 08:08:48.030,1.04438,1.04443,3.00,1.00
2016.06.21 08:08:49.210,1.04438,1.04444,2.62,1.87
2016.06.21 08:08:49.716,1.04439,1.04444,1.00,1.50
2016.06.21 08:08:50.705,1.04438,1.04443,1.91,1.00
2016.06.21 08:08:51.682,1.04437,1.04442,3.26,1.50
2016.06.21 08:08:51.935,1.04436,1.04441,2.81,1.45
2016.06.21 08:08:52.441,1.04436,1.0444,1.31,1.00
2016.06.21 08:08:53.600,1.04436,1.04441,2.06,1.45
2016.06.21 08:08:54.105,1.04437,1.04442,3.60,1.00
2016.06.21 08:08:57.948,1.04438,1.04442,1.00,1.00
2016.06.21 08:08:58.454,1.04439,1.04443,1.00,1.20
2016.06.21 08:08:58.556,1.0444,1.04445,1.54,1.82
2016.06.21 08:08:58.966,1.04441,1.04445,1.19,1.33
2016.06.21 08:08:59.119,1.04442,1.04447,4.54,1.12
2016.06.21 08:08:59.647,1.04443,1.04447,2.62,1.00
2016.06.21 08:09:00.170,1.04444,1.04447,1.25,1.00
2016.06.21 08:09:06.137,1.04445,1.04447,1.00,1.00
2016.06.21 08:09:06.391,1.04445,1.0445,1.80,1.50
2016.06.21 08:09:06.928,1.04445,1.0445,2.57,1.50
2016.06.21 08:09:08.145,1.04446,1.0445,1.25,1.00
2016.06.21 08:09:08.473,1.04448,1.04451,2.31,1.00
2016.06.21 08:09:09.487,1.04448,1.04451,1.31,1.00
2016.06.21 08:09:09.892,1.0445,1.04454,1.00,1.10
2016.06.21 08:09:10.347,1.04453,1.04456,1.00,1.00
2016.06.21 08:09:10.860,1.04455,1.04458,1.00,1.00
2016.06.21 08:09:11.366,1.04455,1.04459,1.00,1.00
2016.06.21 08:09:11.874,1.04453,1.04459,3.00,1.50
2016.06.21 08:09:12.395,1.04453,1.04459,3.00,1.57
2016.06.21 08:09:12.903,1.04454,1.04459,1.87,1.57
2016.06.21 08:09:14.006,1.04453,1.04458,3.60,1.00
2016.06.21 08:09:14.512,1.04452,1.04457,1.69,1.12
2016.06.21 08:09:15.208,1.04453,1.04458,1.00,2.40
2016.06.21 08:09:15.512,1.04457,1.04461,1.00,1.12
2016.06.21 08:09:18.437,1.04458,1.04461,1.00,1.00
2016.06.21 08:09:18.589,1.04459,1.04463,1.00,1.10
2016.06.21 08:09:19.101,1.0446,1.04463,1.00,1.00
2016.06.21 08:09:19.607,1.04458,1.04463,2.62,1.57
2016.06.21 08:09:19.709,1.0446,1.04463,1.00,1.57
2016.06.21 08:09:19.854,1.0446,1.04465,1.12,3.07
2016.06.21 08:09:20.006,1.04462,1.04465,1.00,1.00
2016.06.21 08:09:20.311,1.04465,1.04467,1.00,1.25
2016.06.21 08:09:20.363,1.04465,1.04468,1.00,1.00
2016.06.21 08:09:20.870,1.04465,1.04469,1.00,1.75
2016.06.21 08:09:22.116,1.04466,1.04469,1.00,1.50
2016.06.21 08:09:22.625,1.04465,1.04469,1.35,1.75
2016.06.21 08:09:23.835,1.04463,1.04468,2.44,1.00
2016.06.21 08:09:23.988,1.04461,1.04466,1.76,1.33
2016.06.21 08:09:24.269,1.04459,1.04465,2.02,2.62
2016.06.21 08:09:32.669,1.04459,1.04464,1.95,1.00
2016.06.21 08:09:33.174,1.04459,1.04463,1.00,1.50
2016.06.21 08:09:42.785,1.04459,1.04462,1.00,1.00
2016.06.21 08:09:42.887,1.04457,1.04461,1.00,1.50
2016.06.21 08:09:43.019,1.04456,1.04459,1.20,1.00
2016.06.21 08:09:43.123,1.04453,1.04458,4.57,1.50
2016.06.21 08:09:43.432,1.04453,1.04456,1.50,1.00
2016.06.21 08:09:43.533,1.04451,1.04456,1.00,1.50
2016.06.21 08:09:44.064,1.0445,1.04455,1.87,1.00
2016.06.21 08:09:44.583,1.04451,1.04455,1.50,1.00
2016.06.21 08:09:45.088,1.04451,1.04456,2.62,1.00
2016.06.21 08:09:45.847,1.04451,1.04456,3.00,1.00
2016.06.21 08:09:49.359,1.04453,1.04457,1.00,3.00
2016.06.21 08:09:50.648,1.04454,1.04457,1.00,1.00
2016.06.21 08:09:51.204,1.04455,1.04457,1.00,1.00
2016.06.21 08:09:51.305,1.04455,1.04459,1.00,1.00
2016.06.21 08:09:52.556,1.04454,1.04459,1.25,1.87
2016.06.21 08:09:57.267,1.04455,1.04459,1.00,1.00
2016.06.21 08:09:59.729,1.04453,1.04459,4.12,1.50
2016.06.21 08:10:00.235,1.04453,1.04458,1.00,1.50
2016.06.21 08:10:00.388,1.04453,1.04456,1.00,1.00
2016.06.21 08:10:00.894,1.04451,1.04455,1.80,1.00
2016.06.21 08:10:04.290,1.04454,1.04457,3.00,2.25
2016.06.21 08:10:04.543,1.04457,1.04459,1.34,1.00
2016.06.21 08:10:04.746,1.04457,1.04462,2.06,1.00
2016.06.21 08:10:05.177,1.0446,1.04462,1.00,1.50
2016.06.21 08:10:05.484,1.04462,1.04464,1.12,4.12
2016.06.21 08:10:05.694,1.04464,1.04466,1.00,2.25
2016.06.21 08:10:06.240,1.04464,1.04465,1.00,1.00
2016.06.21 08:10:06.294,1.04462,1.04465,1.50,2.25
2016.06.21 08:10:06.345,1.04462,1.04463,1.50,1.00
2016.06.21 08:10:07.056,1.0446,1.04461,1.50,1.00
2016.06.21 08:10:07.360,1.04462,1.04463,1.50,2.25
2016.06.21 08:10:07.872,1.04463,1.04464,1.00,1.50
2016.06.21 08:10:08.803,1.04462,1.04463,1.50,1.00
2016.06.21 08:10:08.897,1.04464,1.04465,1.50,1.50
2016.06.21 08:10:10.710,1.04465,1.04466,1.00,1.00
2016.06.21 08:10:11.217,1.04466,1.04468,1.00,2.44
2016.06.21 08:10:11.727,1.04467,1.04469,1.00,1.25
2016.06.21 08:10:11.829,1.04469,1.0447,1.00,1.25
2016.06.21 08:10:12.032,1.0447,1.04472,1.00,1.25
2016.06.21 08:10:12.539,1.04471,1.04473,1.00,1.69
2016.06.21 08:10:13.061,1.0447,1.04473,1.00,1.69
2016.06.21 08:10:14.642,1.04469,1.04472,1.50,1.25
2016.06.21 08:10:14.794,1.04469,1.04471,1.50,1.19
2016.06.21 08:10:15.672,1.04469,1.04471,1.00,1.69
2016.06.21 08:10:15.825,1.0447,1.04472,1.00,1.00
2016.06.21 08:10:15.876,1.04471,1.04473,1.00,1.00
2016.06.21 08:10:16.028,1.04473,1.04475,1.00,1.25
2016.06.21 08:10:19.339,1.04472,1.04475,1.50,1.00
2016.06.21 08:10:20.232,1.04473,1.04475,1.00,1.00
2016.06.21 08:10:21.398,1.04472,1.04475,1.50,1.00
2016.06.21 08:10:27.016,1.04474,1.04475,1.00,1.00
2016.06.21 08:10:27.522,1.04473,1.04476,1.50,1.00
2016.06.21 08:10:32.125,1.04473,1.04475,1.50,1.00
2016.06.21 08:10:32.631,1.04472,1.04473,1.00,1.00
2016.06.21 08:10:32.935,1.04469,1.0447,1.00,1.00
2016.06.21 08:10:33.443,1.04468,1.0447,1.00,1.00
2016.06.21 08:10:34.405,1.04467,1.0447,1.50,1.00
2016.06.21 08:10:34.789,1.04467,1.04468,1.00,1.00
2016.06.21 08:10:34.892,1.04464,1.04466,1.00,1.50
2016.06.21 08:10:35.398,1.04463,1.04465,1.50,1.25
2016.06.21 08:10:37.968,1.04464,1.04465,1.00,1.25
2016.06.21 08:10:39.986,1.04463,1.04465,1.50,1.25
2016.06.21 08:10:40.442,1.04461,1.04462,1.00,1.00
2016.06.21 08:10:40.601,1.04459,1.0446,1.00,1.00
2016.06.21 08:10:41.112,1.04459,1.04461,1.00,2.25
2016.06.21 08:10:41.417,1.04456,1.04459,1.50,1.00
2016.06.21 08:10:41.967,1.04456,1.04458,1.00,1.00
2016.06.21 08:10:42.955,1.04456,1.0446,1.50,2.51
2016.06.21 08:10:44.655,1.04457,1.0446,1.00,1.50
2016.06.21 08:10:44.923,1.04459,1.04461,1.00,1.00
2016.06.21 08:10:45.025,1.04459,1.04463,1.00,2.32
2016.06.21 08:10:45.278,1.04462,1.04464,1.00,1.10
2016.06.21 08:10:45.784,1.04463,1.04465,1.50,1.00
2016.06.21 08:10:46.608,1.04462,1.04465,1.00,1.00
2016.06.21 08:10:47.297,1.04463,1.04465,1.50,1.00
2016.06.21 08:10:47.815,1.04463,1.04466,1.00,1.00
2016.06.21 08:10:48.119,1.04461,1.04465,1.00,1.00
2016.06.21 08:10:48.372,1.04459,1.04463,1.50,1.25
2016.06.21 08:10:49.417,1.04458,1.04463,1.00,1.39
2016.06.21 08:10:49.801,1.04457,1.04461,1.75,1.00
2016.06.21 08:10:52.990,1.04458,1.04461,1.00,1.00
2016.06.21 08:10:53.091,1.04459,1.04463,1.00,3.26
2016.06.21 08:10:53.294,1.04461,1.04463,1.00,1.25
2016.06.21 08:10:53.598,1.04463,1.04465,1.50,1.00
2016.06.21 08:10:55.153,1.04462,1.04465,1.12,1.00
2016.06.21 08:10:55.667,1.04461,1.04465,1.00,1.50
2016.06.21 08:10:56.652,1.0446,1.04465,1.12,1.50
2016.06.21 08:10:57.612,1.04459,1.04463,1.87,1.00
2016.06.21 08:10:57.815,1.04457,1.04462,1.87,1.50
2016.06.21 08:10:58.332,1.04457,1.04461,4.87,1.00
2016.06.21 08:10:58.433,1.04458,1.04463,2.62,1.69
2016.06.21 08:10:58.939,1.04458,1.04463,1.20,1.00
2016.06.21 08:11:00.749,1.04458,1.04463,1.50,1.00
2016.06.21 08:11:01.289,1.04457,1.04461,2.25,1.00
2016.06.21 08:11:01.441,1.04455,1.0446,1.95,1.00
2016.06.21 08:11:05.776,1.04454,1.0446,1.57,2.62
2016.06.21 08:11:05.878,1.04453,1.04457,4.42,1.00
2016.06.21 08:11:06.140,1.04451,1.04456,2.47,1.50
2016.06.21 08:11:06.649,1.04451,1.04455,2.25,1.00
2016.06.21 08:11:07.154,1.04451,1.04454,1.50,1.00
2016.06.21 08:11:08.529,1.04451,1.04455,1.00,1.12
2016.06.21 08:11:10.645,1.04451,1.04454,1.00,1.00
2016.06.21 08:11:10.747,1.0445,1.04452,1.09,1.00
2016.06.21 08:11:10.849,1.04449,1.04451,1.00,1.00
2016.06.21 08:11:10.951,1.04448,1.04449,2.32,1.50
2016.06.21 08:11:11.052,1.04446,1.04448,1.00,1.50
2016.06.21 08:11:11.103,1.04444,1.04448,3.75,1.50
2016.06.21 08:11:11.636,1.04445,1.04448,1.00,1.50
2016.06.21 08:11:11.788,1.04443,1.04448,2.17,1.50
2016.06.21 08:11:12.193,1.04444,1.04449,2.85,1.50
2016.06.21 08:11:12.790,1.04444,1.04449,4.20,1.50
2016.06.21 08:11:13.310,1.04445,1.04449,1.35,1.50
2016.06.21 08:11:13.614,1.04446,1.04451,2.10,1.00
2016.06.21 08:11:14.158,1.04446,1.04451,2.25,2.25
2016.06.21 08:11:14.462,1.04444,1.04449,1.12,2.25
2016.06.21 08:11:15.003,1.04444,1.04449,2.10,1.00
2016.06.21 08:11:15.968,1.04445,1.0445,1.50,3.19
2016.06.21 08:11:16.312,1.04449,1.04453,1.00,1.76
2016.06.21 08:11:16.618,1.04447,1.04452,1.00,3.94
2016.06.21 08:11:16.771,1.04445,1.0445,2.70,1.50
2016.06.21 08:11:17.278,1.04444,1.04449,1.57,1.50
2016.06.21 08:11:17.624,1.04442,1.04447,2.62,1.00
2016.06.21 08:11:17.928,1.0444,1.04445,2.70,2.25
2016.06.21 08:11:18.441,1.0444,1.04445,1.95,1.50
2016.06.21 08:11:19.027,1.0444,1.04444,1.95,1.00
2016.06.21 08:11:19.432,1.04438,1.04443,2.70,1.00
2016.06.21 08:11:19.686,1.04436,1.04442,1.95,1.50
2016.06.21 08:11:20.428,1.04436,1.04441,1.20,1.00
2016.06.21 08:11:20.935,1.04436,1.04441,1.87,1.19
2016.06.21 08:11:26.294,1.04437,1.04441,1.00,1.19
2016.06.21 08:11:26.447,1.04437,1.04443,2.25,2.44
2016.06.21 08:11:26.990,1.04438,1.04443,1.37,1.69
2016.06.21 08:11:28.266,1.04437,1.04442,2.72,1.00
2016.06.21 08:11:28.569,1.04437,1.04442,1.87,1.00
2016.06.21 08:11:28.621,1.04437,1.0444,1.12,1.00
2016.06.21 08:11:28.824,1.04435,1.04441,2.32,1.50
2016.06.21 08:11:29.618,1.04436,1.04441,1.50,1.00
2016.06.21 08:11:29.669,1.04436,1.04442,5.87,2.44
2016.06.21 08:11:29.972,1.04437,1.04442,1.12,1.69
2016.06.21 08:11:30.124,1.04437,1.0444,1.00,1.00
2016.06.21 08:11:30.659,1.04434,1.0444,2.25,2.44
2016.06.21 08:11:30.963,1.0443,1.04435,1.95,1.69
2016.06.21 08:11:31.115,1.0443,1.04434,4.87,1.00
2016.06.21 08:11:31.632,1.0443,1.04434,1.80,1.50
2016.06.21 08:11:35.694,1.0443,1.04435,2.25,1.25
2016.06.21 08:11:38.250,1.04429,1.04435,3.52,3.56
2016.06.21 08:11:38.786,1.04429,1.04434,2.55,1.25
2016.06.21 08:11:40.759,1.0443,1.04435,1.67,2.44
2016.06.21 08:11:42.180,1.04429,1.04433,2.12,1.00
2016.06.21 08:11:42.961,1.0443,1.04434,3.10,1.25
2016.06.21 08:11:44.787,1.0443,1.04435,2.92,3.19
2016.06.21 08:11:45.377,1.04432,1.04435,1.00,2.44
2016.06.21 08:11:45.682,1.04436,1.04439,1.32,1.00
2016.06.21 08:11:46.503,1.04436,1.04439,1.00,1.00
2016.06.21 08:11:47.031,1.04436,1.04439,1.32,1.00
2016.06.21 08:11:49.203,1.04435,1.04439,3.67,2.25
2016.06.21 08:11:53.555,1.04434,1.04439,2.77,1.00
2016.06.21 08:11:54.199,1.04435,1.0444,1.47,2.44
2016.06.21 08:11:55.706,1.04438,1.0444,1.50,1.25
2016.06.21 08:11:55.909,1.04439,1.04442,1.00,1.00
2016.06.21 08:11:56.419,1.04438,1.04442,3.00,1.00
2016.06.21 08:11:58.728,1.04438,1.04443,2.81,1.50
2016.06.21 08:11:59.267,1.04439,1.04443,1.00,3.00
2016.06.21 08:11:59.801,1.0444,1.04444,2.25,3.94
2016.06.21 08:12:00.316,1.0444,1.04443,1.42,1.00
2016.06.21 08:12:00.821,1.0444,1.04444,1.42,3.19
2016.06.21 08:12:01.325,1.0444,1.04443,1.62,1.00
2016.06.21 08:12:01.629,1.04439,1.0444,1.00,1.00
2016.06.21 08:12:01.731,1.04436,1.0444,1.33,1.50
2016.06.21 08:12:04.830,1.04434,1.04439,4.50,1.00
2016.06.21 08:12:05.343,1.04435,1.04437,1.00,1.00
2016.06.21 08:12:05.747,1.04435,1.04439,1.10,3.00
2016.06.21 08:12:06.253,1.04435,1.0444,1.47,3.00
2016.06.21 08:12:06.746,1.04435,1.04438,1.57,1.00
2016.06.21 08:12:07.253,1.04435,1.04439,1.47,1.00
2016.06.21 08:12:07.803,1.04436,1.0444,1.12,1.00
2016.06.21 08:12:08.461,1.04435,1.0444,2.50,1.50
2016.06.21 08:12:08.967,1.04435,1.0444,2.12,1.50
2016.06.21 08:12:09.490,1.04435,1.0444,1.87,1.50
2016.06.21 08:12:09.996,1.04435,1.04439,1.12,1.00
2016.06.21 08:12:10.385,1.04435,1.04441,1.95,5.02
2016.06.21 08:12:10.537,1.04438,1.04442,2.25,2.27
2016.06.21 08:12:10.740,1.0444,1.04444,1.10,1.00
2016.06.21 08:12:11.247,1.0444,1.04443,1.10,1.00
2016.06.21 08:12:11.756,1.04439,1.04442,1.87,1.00
2016.06.21 08:12:11.858,1.0444,1.04444,1.50,1.00
2016.06.21 08:12:12.365,1.0444,1.04443,1.37,1.00
2016.06.21 08:12:12.569,1.04439,1.04441,1.50,1.00
2016.06.21 08:12:12.732,1.04437,1.04441,2.57,1.50
2016.06.21 08:12:13.239,1.04435,1.04441,2.32,1.75
2016.06.21 08:12:13.543,1.04434,1.04439,3.00,1.00
2016.06.21 08:12:13.847,1.04438,1.04441,2.25,1.33
2016.06.21 08:12:14.265,1.04436,1.0444,1.00,1.50
2016.06.21 08:12:14.771,1.04435,1.0444,1.00,1.50
2016.06.21 08:12:17.188,1.04439,1.0444,1.00,1.00
2016.06.21 08:12:17.392,1.04442,1.04444,2.25,1.00
2016.06.21 08:12:17.443,1.04442,1.04446,2.25,2.44
2016.06.21 08:12:20.567,1.04442,1.04445,1.12,1.00
2016.06.21 08:12:22.145,1.04442,1.04446,1.12,3.00
2016.06.21 08:12:24.110,1.04442,1.04445,1.12,1.00
2016.06.21 08:12:24.168,1.0444,1.04442,1.87,1.00
2016.06.21 08:12:24.219,1.0444,1.04441,1.00,1.00
2016.06.21 08:12:24.355,1.04437,1.04441,1.30,1.00
2016.06.21 08:12:24.865,1.04436,1.04441,2.25,2.25
2016.06.21 08:12:25.776,1.04435,1.0444,3.07,1.00
2016.06.21 08:12:26.284,1.04435,1.0444,3.60,1.00
2016.06.21 08:12:26.950,1.04435,1.0444,1.87,1.00
2016.06.21 08:12:27.456,1.04436,1.04441,2.25,2.25
2016.06.21 08:12:28.113,1.04437,1.04442,1.50,2.44
2016.06.21 08:12:28.579,1.04435,1.04441,3.07,3.37
2016.06.21 08:12:29.085,1.04435,1.04441,1.87,3.00
2016.06.21 08:12:29.590,1.04436,1.0444,1.87,1.00
2016.06.21 08:12:31.425,1.04436,1.04439,2.10,1.00
2016.06.21 08:12:31.841,1.04437,1.04441,1.00,1.00
2016.06.21 08:12:31.942,1.04438,1.0444,1.87,1.00
2016.06.21 08:12:32.246,1.04439,1.04441,1.50,1.00
2016.06.21 08:12:32.752,1.04439,1.04442,1.50,1.00
2016.06.21 08:12:33.258,1.04439,1.04443,1.50,2.44
2016.06.21 08:12:33.778,1.04439,1.04442,1.50,1.00
2016.06.21 08:12:34.334,1.04438,1.04442,2.25,1.00
2016.06.21 08:12:35.426,1.04438,1.04441,1.00,1.87
2016.06.21 08:12:36.525,1.04437,1.04441,2.25,1.50
2016.06.21 08:12:38.426,1.04438,1.04441,1.00,1.50
2016.06.21 08:12:38.932,1.04439,1.04444,1.12,1.19
2016.06.21 08:12:39.084,1.0444,1.04445,2.25,1.50
2016.06.21 08:12:41.872,1.04441,1.04446,1.00,1.95
2016.06.21 08:12:41.923,1.04443,1.04446,1.00,1.10
2016.06.21 08:12:42.180,1.04445,1.04449,1.00,1.00
2016.06.21 08:12:42.489,1.04443,1.04449,3.82,2.25
2016.06.21 08:12:42.742,1.04443,1.04446,1.95,1.00
2016.06.21 08:12:43.464,1.04445,1.04449,1.00,1.50
2016.06.21 08:12:43.969,1.04446,1.0445,1.00,1.00
2016.06.21 08:12:44.476,1.04445,1.04449,1.00,1.00
2016.06.21 08:12:45.441,1.04445,1.0445,1.00,3.00
2016.06.21 08:12:46.508,1.04446,1.0445,1.00,1.00
2016.06.21 08:12:46.610,1.04448,1.04452,1.00,2.89
2016.06.21 08:12:47.116,1.04449,1.04453,3.37,1.00
2016.06.21 08:12:47.627,1.04449,1.04452,1.50,1.74
2016.06.21 08:12:47.729,1.04449,1.04454,2.25,1.57
2016.06.21 08:12:48.240,1.0445,1.04455,1.00,2.44
2016.06.21 08:12:48.746,1.04449,1.04454,2.32,1.00
2016.06.21 08:12:49.252,1.04449,1.04455,2.99,2.81
2016.06.21 08:12:50.969,1.0445,1.04455,1.00,2.06
2016.06.21 08:12:51.171,1.04453,1.04457,1.00,3.37
2016.06.21 08:12:51.476,1.04456,1.0446,2.14,1.00
2016.06.21 08:12:51.987,1.04456,1.04461,2.25,2.25
2016.06.21 08:12:52.294,1.04456,1.04459,1.12,1.00
2016.06.21 08:12:53.760,1.04456,1.0446,1.00,1.50
2016.06.21 08:12:54.284,1.04456,1.04461,1.84,1.50
2016.06.21 08:12:54.792,1.04456,1.04461,1.57,2.25
2016.06.21 08:12:56.222,1.04456,1.0446,1.10,1.00
2016.06.21 08:12:56.729,1.04456,1.04459,1.00,1.00
2016.06.21 08:12:57.230,1.04456,1.0446,1.00,2.62
2016.06.21 08:12:57.738,1.04456,1.04459,1.00,1.50
2016.06.21 08:12:58.526,1.04456,1.04458,1.00,1.00
2016.06.21 08:12:59.319,1.04456,1.04457,1.00,1.00
2016.06.21 08:12:59.471,1.04453,1.04456,1.00,1.50
2016.06.21 08:13:00.027,1.04452,1.04455,2.44,1.00
2016.06.21 08:13:00.541,1.04452,1.04456,2.44,2.25
2016.06.21 08:13:02.091,1.04452,1.04455,2.81,1.50
2016.06.21 08:13:02.597,1.04452,1.04455,2.62,3.00
2016.06.21 08:13:03.127,1.04451,1.04454,2.44,1.50
2016.06.21 08:13:03.230,1.04451,1.04455,3.94,1.50
2016.06.21 08:13:03.765,1.04453,1.04456,1.16,1.00
2016.06.21 08:13:04.878,1.04453,1.04457,1.25,2.25
2016.06.21 08:13:06.921,1.04453,1.04456,1.25,1.00
2016.06.21 08:13:07.377,1.04456,1.04457,1.00,1.50
2016.06.21 08:13:07.530,1.04456,1.0446,1.01,2.25
2016.06.21 08:13:07.683,1.04458,1.0446,1.00,2.25
2016.06.21 08:13:07.992,1.04456,1.04457,1.25,1.00
2016.06.21 08:13:08.094,1.04454,1.04456,1.25,1.00
2016.06.21 08:13:09.662,1.04454,1.04457,1.25,1.50
2016.06.21 08:13:10.016,1.04454,1.04459,2.51,2.70
2016.06.21 08:13:10.068,1.04455,1.04459,1.31,1.20
2016.06.21 08:13:10.763,1.04455,1.04458,1.31,1.00
2016.06.21 08:13:12.825,1.04454,1.04459,3.26,2.25
2016.06.21 08:13:13.230,1.04454,1.04459,2.21,3.00
2016.06.21 08:13:13.735,1.04455,1.04458,1.30,1.00
2016.06.21 08:13:16.625,1.04454,1.04458,1.01,1.00
2016.06.21 08:13:19.051,1.04454,1.04459,1.25,2.25
2016.06.21 08:13:19.304,1.04454,1.04457,1.25,1.00
2016.06.21 08:13:19.931,1.04454,1.04456,1.25,1.00
2016.06.21 08:13:20.235,1.04453,1.04454,1.00,1.00
2016.06.21 08:13:20.745,1.04452,1.04455,1.69,1.50
2016.06.21 08:13:21.049,1.0445,1.04453,2.89,1.50
2016.06.21 08:13:21.454,1.04452,1.04455,1.50,2.25
2016.06.21 08:13:21.961,1.04452,1.04456,2.10,2.25
2016.06.21 08:13:22.567,1.04453,1.04456,1.00,1.50
2016.06.21 08:13:24.213,1.04452,1.04456,2.62,1.50
2016.06.21 08:13:24.719,1.04451,1.04456,3.56,1.50
2016.06.21 08:13:24.770,1.04451,1.04454,5.06,1.00
2016.06.21 08:13:25.094,1.04454,1.04456,1.00,1.50
2016.06.21 08:13:25.348,1.04456,1.04459,1.54,1.00
2016.06.21 08:13:25.500,1.04457,1.0446,1.50,1.00
2016.06.21 08:13:25.806,1.0446,1.04462,1.31,1.50
2016.06.21 08:13:25.857,1.04461,1.04464,1.00,1.00
2016.06.21 08:13:28.680,1.04461,1.04466,1.12,1.50
2016.06.21 08:13:28.984,1.04461,1.04466,4.16,1.00
2016.06.21 08:13:29.520,1.04463,1.04467,1.69,1.75
2016.06.21 08:13:30.077,1.04462,1.04466,2.66,1.00
2016.06.21 08:13:30.594,1.04462,1.04467,5.14,1.50
2016.06.21 08:13:31.436,1.04463,1.04466,1.25,1.00
2016.06.21 08:13:31.638,1.04461,1.04465,1.95,1.75
2016.06.21 08:13:34.486,1.0446,1.04465,2.89,1.50
2016.06.21 08:13:35.035,1.0446,1.04465,1.99,1.50
2016.06.21 08:13:36.677,1.04461,1.04466,3.97,2.25
2016.06.21 08:13:37.653,1.04461,1.04466,4.05,2.25
2016.06.21 08:13:41.776,1.04462,1.04463,1.00,1.00
2016.06.21 08:13:42.030,1.0446,1.04462,1.31,1.00
2016.06.21 08:13:42.942,1.04459,1.04462,1.87,1.00
2016.06.21 08:13:43.456,1.04458,1.04462,2.51,1.00
2016.06.21 08:13:45.340,1.04458,1.04462,3.11,1.00
2016.06.21 08:13:45.882,1.04458,1.04462,3.26,1.00
2016.06.21 08:13:46.135,1.04458,1.0446,2.14,1.00
2016.06.21 08:13:46.441,1.04451,1.04452,1.50,2.62
2016.06.21 08:13:46.543,1.04448,1.04451,1.69,1.00
2016.06.21 08:13:46.755,1.04446,1.04451,5.44,1.00
2016.06.21 08:13:46.908,1.04449,1.04452,1.00,1.50
2016.06.21 08:13:47.263,1.0445,1.04452,2.44,1.00
2016.06.21 08:13:47.316,1.04451,1.04454,2.44,1.00
2016.06.21 08:13:47.833,1.04451,1.04455,3.49,1.00
2016.06.21 08:13:48.340,1.04451,1.04456,3.19,2.25
2016.06.21 08:13:48.897,1.04453,1.04458,2.44,3.00
2016.06.21 08:13:49.214,1.04456,1.04458,1.54,1.00
2016.06.21 08:13:49.316,1.04456,1.0446,1.31,1.50
2016.06.21 08:13:49.906,1.04457,1.04461,1.31,1.00
2016.06.21 08:13:50.412,1.04457,1.04461,2.44,1.00
2016.06.21 08:13:51.134,1.04457,1.04462,2.44,2.25
2016.06.21 08:13:51.539,1.0446,1.04463,1.00,1.50
2016.06.21 08:13:51.944,1.04461,1.04465,1.12,2.25
2016.06.21 08:13:52.046,1.04461,1.04465,1.62,1.00
2016.06.21 08:13:52.323,1.04461,1.04465,2.74,1.00
2016.06.21 08:13:52.526,1.04461,1.04466,4.18,1.50
2016.06.21 08:13:52.679,1.04463,1.04468,1.31,3.37
2016.06.21 08:13:53.188,1.04462,1.04467,3.56,1.50
2016.06.21 08:13:53.715,1.04462,1.04466,1.25,1.00
2016.06.21 08:13:54.644,1.04462,1.04467,1.69,2.25
2016.06.21 08:13:55.188,1.04462,1.04466,1.19,1.50
2016.06.21 08:13:56.533,1.04462,1.04465,1.19,1.00
2016.06.21 08:13:56.584,1.0446,1.04464,5.68,1.00
2016.06.21 08:13:56.787,1.0446,1.04462,1.00,1.00
2016.06.21 08:13:56.939,1.04458,1.04462,1.69,1.33
2016.06.21 08:14:00.581,1.04456,1.04459,2.74,1.00
2016.06.21 08:14:00.683,1.04456,1.04457,1.20,1.50
2016.06.21 08:14:00.785,1.04454,1.04457,1.10,1.50
2016.06.21 08:14:00.836,1.04452,1.04457,1.18,2.25
2016.06.21 08:14:01.361,1.04452,1.04456,1.18,1.00
2016.06.21 08:14:01.602,1.0445,1.04454,4.63,1.00
2016.06.21 08:14:01.857,1.04452,1.04456,1.22,2.62
2016.06.21 08:14:01.908,1.04452,1.04456,3.10,1.87
2016.06.21 08:14:02.212,1.04457,1.04462,3.56,3.07
2016.06.21 08:14:02.520,1.04458,1.04463,2.06,3.07
2016.06.21 08:14:03.026,1.04459,1.04462,1.00,1.00
2016.06.21 08:14:03.531,1.04458,1.04462,2.29,1.00
2016.06.21 08:14:04.045,1.04459,1.04462,1.00,1.00
2016.06.21 08:14:04.500,1.0446,1.04463,1.56,1.50
2016.06.21 08:14:04.703,1.04462,1.04465,1.12,2.25
2016.06.21 08:14:04.905,1.04462,1.04467,3.26,2.50
2016.06.21 08:14:05.411,1.04462,1.04465,1.65,1.00
2016.06.21 08:14:05.715,1.0446,1.04462,1.00,1.50
2016.06.21 08:14:05.766,1.04458,1.04462,1.25,1.50
2016.06.21 08:14:06.303,1.04458,1.04462,1.87,1.00
2016.06.21 08:14:06.405,1.0446,1.04462,1.31,1.00
2016.06.21 08:14:06.507,1.04461,1.04464,1.31,1.00
2016.06.21 08:14:06.710,1.04462,1.04467,1.00,4.00
2016.06.21 08:14:07.217,1.04463,1.04468,2.29,1.00
2016.06.21 08:14:08.382,1.04463,1.04467,2.44,1.00
2016.06.21 08:14:08.787,1.04466,1.04469,1.00,5.95
2016.06.21 08:14:08.838,1.04466,1.04469,1.50,1.45
2016.06.21 08:14:08.990,1.04467,1.04471,2.47,1.33
2016.06.21 08:14:09.297,1.04466,1.04469,1.19,2.50
2016.06.21 08:14:09.450,1.04465,1.04469,1.00,3.70
2016.06.21 08:14:10.209,1.04467,1.04469,1.19,2.20
2016.06.21 08:14:10.311,1.04469,1.04472,1.87,1.10
2016.06.21 08:14:10.592,1.0447,1.04475,1.31,1.75
2016.06.21 08:14:11.249,1.0447,1.04473,1.31,1.00
2016.06.21 08:14:11.452,1.04468,1.04473,2.29,1.50
2016.06.21 08:14:13.865,1.04468,1.04471,1.25,1.00
2016.06.21 08:14:14.371,1.04467,1.0447,1.31,1.00
2016.06.21 08:14:15.246,1.04467,1.04471,1.19,1.50
2016.06.21 08:14:15.652,1.04469,1.04473,1.12,1.50
2016.06.21 08:14:16.160,1.04468,1.04473,3.06,1.50
2016.06.21 08:14:16.711,1.04468,1.04472,2.44,1.00
2016.06.21 08:14:17.217,1.04467,1.04472,1.19,1.75
2016.06.21 08:14:18.949,1.04467,1.04472,1.91,1.50
2016.06.21 08:14:20.607,1.04467,1.04471,2.66,1.00
2016.06.21 08:14:21.115,1.04469,1.04472,1.00,1.00
2016.06.21 08:14:21.638,1.04468,1.04473,3.56,1.00
2016.06.21 08:14:22.317,1.04468,1.04473,2.44,1.00
2016.06.21 08:14:22.964,1.04468,1.04473,3.19,1.50
2016.06.21 08:14:23.473,1.04468,1.04471,1.31,1.00
2016.06.21 08:14:23.827,1.04466,1.04469,1.19,1.00
2016.06.21 08:14:25.111,1.04466,1.0447,1.19,1.50
2016.06.21 08:14:27.230,1.04467,1.04471,1.05,2.32
2016.06.21 08:14:27.736,1.04466,1.0447,1.69,1.50
2016.06.21 08:14:28.241,1.04466,1.04469,1.29,1.00
2016.06.21 08:14:29.885,1.04466,1.04468,1.29,1.00
2016.06.21 08:14:30.038,1.04463,1.04465,1.20,1.00
2016.06.21 08:14:30.558,1.0446,1.04464,2.81,1.00
2016.06.21 08:14:31.064,1.0446,1.04465,2.36,1.50
2016.06.21 08:14:31.581,1.04462,1.04466,1.05,1.10
2016.06.21 08:14:32.144,1.04462,1.04467,1.54,2.25
2016.06.21 08:14:32.195,1.04466,1.04467,2.25,1.00
2016.06.21 08:14:32.298,1.04466,1.04469,3.34,1.00
2016.06.21 08:14:32.359,1.04467,1.04472,2.44,4.76
2016.06.21 08:14:32.842,1.04468,1.04472,2.55,1.00
2016.06.21 08:14:34.359,1.04469,1.04473,2.25,1.00
2016.06.21 08:14:34.866,1.04467,1.04469,1.42,1.00
2016.06.21 08:14:35.070,1.04467,1.04471,2.81,1.10
2016.06.21 08:14:35.736,1.04469,1.04473,1.69,2.32
2016.06.21 08:14:37.264,1.04468,1.04472,3.04,1.00
2016.06.21 08:14:38.247,1.04468,1.04473,3.04,1.57
2016.06.21 08:14:40.358,1.04468,1.04472,2.44,1.00
2016.06.21 08:14:40.966,1.04468,1.04471,2.89,1.00
2016.06.21 08:14:42.476,1.04468,1.04472,2.89,1.00
2016.06.21 08:14:42.673,1.04469,1.04474,2.29,3.07
2016.06.21 08:14:44.252,1.04469,1.04474,3.19,3.75
2016.06.21 08:14:44.758,1.04467,1.04473,3.67,2.25
2016.06.21 08:14:44.859,1.04467,1.04473,3.67,3.07
2016.06.21 08:14:45.367,1.04467,1.04472,3.67,1.00
2016.06.21 08:14:47.281,1.04468,1.04472,1.12,1.50
2016.06.21 08:14:47.831,1.04467,1.04472,3.67,1.50
2016.06.21 08:14:48.969,1.04467,1.04471,4.42,1.00
2016.06.21 08:14:49.479,1.04467,1.0447,3.67,1.50
2016.06.21 08:14:49.682,1.04467,1.04469,1.61,1.12
2016.06.21 08:14:49.886,1.04464,1.04467,2.06,1.00
2016.06.21 08:14:50.038,1.04463,1.04467,1.00,3.75
2016.06.21 08:14:50.544,1.04462,1.04467,1.25,1.50
2016.06.21 08:14:52.241,1.04462,1.04466,1.00,1.00
2016.06.21 08:14:53.846,1.04461,1.04466,1.50,1.50
2016.06.21 08:14:54.368,1.0446,1.04465,1.12,2.44
2016.06.21 08:14:55.178,1.04459,1.04464,1.87,1.00
2016.06.21 08:14:55.279,1.04459,1.04462,1.00,1.50
2016.06.21 08:14:55.482,1.04454,1.0446,3.37,1.50
2016.06.21 08:14:56.004,1.04454,1.0446,4.12,1.50
2016.06.21 08:14:56.561,1.04456,1.04461,1.12,3.26
2016.06.21 08:14:57.358,1.04456,1.0446,1.50,1.00
2016.06.21 08:14:57.865,1.04456,1.04461,1.50,3.19
2016.06.21 08:14:58.985,1.04456,1.0446,1.75,1.00
2016.06.21 08:14:59.037,1.04456,1.04458,1.75,1.00
2016.06.21 08:14:59.138,1.04455,1.04457,1.00,1.69
2016.06.21 08:14:59.269,1.04452,1.04457,4.37,1.50
2016.06.21 08:14:59.573,1.04453,1.04459,2.50,5.14
2016.06.21 08:14:59.977,1.04453,1.04457,1.75,1.00
2016.06.21 08:15:00.668,1.04453,1.04456,1.75,1.00
2016.06.21 08:15:01.176,1.04452,1.04457,4.56,1.50
2016.06.21 08:15:01.479,1.04452,1.04454,1.00,1.00
2016.06.21 08:15:01.991,1.04449,1.04454,5.95,1.00
2016.06.21 08:15:02.336,1.04453,1.04454,1.50,1.00
2016.06.21 08:15:02.539,1.04453,1.04456,1.00,2.44
2016.06.21 08:15:02.742,1.0445,1.04455,1.37,2.25
2016.06.21 08:15:02.945,1.04449,1.04453,3.88,1.00
2016.06.21 08:15:03.248,1.04451,1.04455,1.33,1.00
2016.06.21 08:15:03.753,1.04452,1.04456,1.00,1.25
2016.06.21 08:15:04.159,1.0445,1.04454,4.45,1.00
2016.06.21 08:15:04.699,1.0445,1.04454,1.33,1.00
2016.06.21 08:15:05.508,1.0445,1.04454,1.75,1.00
2016.06.21 08:15:06.019,1.0445,1.04455,5.12,1.00
2016.06.21 08:15:06.525,1.0445,1.04456,5.12,2.44
2016.06.21 08:15:08.307,1.0445,1.04456,4.97,2.44
2016.06.21 08:15:10.574,1.04451,1.04456,1.00,1.69
2016.06.21 08:15:10.881,1.04447,1.0445,1.00,2.44
2016.06.21 08:15:10.982,1.04445,1.04448,1.10,1.50
2016.06.21 08:15:11.488,1.04444,1.04448,1.00,1.50
2016.06.21 08:15:11.740,1.04443,1.04446,1.00,1.00
2016.06.21 08:15:11.993,1.04441,1.04446,1.50,1.25
2016.06.21 08:15:12.519,1.04441,1.04445,1.00,1.00
2016.06.21 08:15:13.429,1.04441,1.04443,1.00,1.00
2016.06.21 08:15:15.405,1.04441,1.04444,1.00,1.00
2016.06.21 08:15:16.206,1.04441,1.04445,1.00,1.50
2016.06.21 08:15:17.824,1.04442,1.04445,1.00,1.00
2016.06.21 08:15:17.926,1.04443,1.04447,1.00,2.32
2016.06.21 08:15:18.033,1.04443,1.04448,6.67,1.57
2016.06.21 08:15:18.542,1.04444,1.04448,1.50,1.00
2016.06.21 08:15:18.896,1.04446,1.0445,1.00,1.76
2016.06.21 08:15:19.402,1.04446,1.04452,2.55,1.69
2016.06.21 08:15:19.453,1.04446,1.0445,1.37,1.00
2016.06.21 08:15:19.605,1.04445,1.0445,2.62,1.25
2016.06.21 08:15:22.880,1.04444,1.0445,3.07,1.69
2016.06.21 08:15:26.569,1.04444,1.04449,2.62,1.00
2016.06.21 08:15:27.101,1.04443,1.04448,1.00,2.06
2016.06.21 08:15:29.862,1.04443,1.04448,1.30,1.50
2016.06.21 08:15:30.380,1.04444,1.04448,1.00,1.00
2016.06.21 08:15:31.987,1.04445,1.04448,1.30,1.00
2016.06.21 08:15:32.089,1.04446,1.04451,1.30,3.56
2016.06.21 08:15:32.177,1.04447,1.04451,2.85,1.12
2016.06.21 08:15:32.228,1.04448,1.04454,2.47,4.31
2016.06.21 08:15:32.735,1.04449,1.04454,1.00,1.29
2016.06.21 08:15:33.633,1.04448,1.04453,1.50,2.06
2016.06.21 08:15:34.141,1.04449,1.04454,1.12,1.69
2016.06.21 08:15:34.546,1.04451,1.04455,3.00,1.00
2016.06.21 08:15:35.070,1.0445,1.04455,1.42,2.25
2016.06.21 08:15:36.586,1.0445,1.04455,4.05,2.25
2016.06.21 08:15:37.121,1.0445,1.04456,6.00,1.69
2016.06.21 08:15:38.411,1.0445,1.04455,5.62,1.00
2016.06.21 08:15:38.778,1.0445,1.04455,4.80,1.00
2016.06.21 08:15:38.980,1.0445,1.04453,1.00,1.00
2016.06.21 08:15:39.033,1.04448,1.04453,4.46,1.20
2016.06.21 08:15:39.488,1.04448,1.04451,1.87,1.00
2016.06.21 08:15:39.995,1.04448,1.04452,2.62,1.00
2016.06.21 08:15:40.198,1.04449,1.04454,1.80,2.25
2016.06.21 08:15:40.458,1.0445,1.04454,2.62,1.50
2016.06.21 08:15:40.763,1.04456,1.04459,1.30,1.50
2016.06.21 08:15:41.270,1.04456,1.0446,1.87,1.25
2016.06.21 08:15:41.985,1.04456,1.04458,1.12,1.00
2016.06.21 08:15:42.492,1.04456,1.04457,1.00,1.00
2016.06.21 08:15:43.038,1.04455,1.04458,1.50,1.50
2016.06.21 08:15:43.948,1.04455,1.04457,1.00,1.00
2016.06.21 08:15:45.540,1.04454,1.04457,1.00,1.00
2016.06.21 08:15:45.945,1.04453,1.04455,1.00,1.00
2016.06.21 08:15:46.147,1.04451,1.04455,1.50,1.25
2016.06.21 08:15:46.653,1.0445,1.04455,1.42,1.69
2016.06.21 08:15:47.210,1.0445,1.04454,1.12,1.00
2016.06.21 08:15:47.362,1.04449,1.04452,1.00,1.00
2016.06.21 08:15:47.464,1.04447,1.04452,3.82,1.00
2016.06.21 08:15:47.973,1.04449,1.04453,1.20,2.25
2016.06.21 08:15:50.973,1.04451,1.04453,1.12,1.00
2016.06.21 08:15:51.500,1.0445,1.04455,2.17,1.19
2016.06.21 08:15:52.006,1.0445,1.04454,1.50,1.25
2016.06.21 08:15:52.310,1.04452,1.04456,2.25,1.69
2016.06.21 08:15:53.583,1.0445,1.04455,3.94,1.00
2016.06.21 08:15:53.786,1.04449,1.04454,3.75,1.00
2016.06.21 08:15:54.299,1.0445,1.04454,1.12,1.00
2016.06.21 08:15:55.158,1.04449,1.04454,3.25,1.50
2016.06.21 08:15:56.383,1.04449,1.04454,3.92,1.50
2016.06.21 08:15:56.892,1.0445,1.04455,2.55,1.50
2016.06.21 08:15:57.804,1.0445,1.04455,2.50,1.50
2016.06.21 08:15:58.338,1.0445,1.04455,2.80,1.50
2016.06.21 08:15:58.946,1.0445,1.04454,1.42,1.00
2016.06.21 08:15:59.452,1.0445,1.04454,1.00,1.50
2016.06.21 08:15:59.969,1.0445,1.04454,1.80,1.50
2016.06.21 08:16:01.183,1.0445,1.04454,1.12,1.50
2016.06.21 08:16:01.699,1.0445,1.04454,1.80,1.50
2016.06.21 08:16:02.206,1.0445,1.04455,2.92,1.50
2016.06.21 08:16:02.745,1.04449,1.04453,3.55,1.00
2016.06.21 08:16:02.999,1.04448,1.04452,2.25,1.00
2016.06.21 08:16:05.450,1.04448,1.04451,1.00,1.00
2016.06.21 08:16:05.552,1.04448,1.04449,1.00,1.00
2016.06.21 08:16:05.603,1.04445,1.04448,2.32,1.00
2016.06.21 08:16:05.757,1.04444,1.04446,1.00,1.75
2016.06.21 08:16:05.808,1.04442,1.04446,1.12,1.75
2016.06.21 08:16:06.112,1.04439,1.04444,2.92,1.00
2016.06.21 08:16:06.625,1.04439,1.04444,1.30,1.50
2016.06.21 08:16:08.347,1.04439,1.04443,1.00,1.00
2016.06.21 08:16:11.128,1.04439,1.04442,1.00,1.19
2016.06.21 08:16:11.230,1.04437,1.04442,1.82,1.19
2016.06.21 08:16:11.635,1.04437,1.04438,1.33,1.00
2016.06.21 08:16:11.889,1.04433,1.04439,2.95,2.44
2016.06.21 08:16:12.395,1.04434,1.04439,1.80,1.69
2016.06.21 08:16:14.035,1.04433,1.04439,2.87,2.44
2016.06.21 08:16:15.004,1.04433,1.04438,2.72,1.25
2016.06.21 08:16:15.529,1.04433,1.04437,1.00,1.19
2016.06.21 08:16:22.466,1.04433,1.04434,1.00,1.00
2016.06.21 08:16:22.567,1.04431,1.04434,1.42,1.00
2016.06.21 08:16:23.073,1.04431,1.04435,1.42,1.50
2016.06.21 08:16:23.621,1.0443,1.04434,1.50,1.00
2016.06.21 08:16:24.261,1.0443,1.04433,1.50,1.00
2016.06.21 08:16:24.363,1.04428,1.04431,3.45,1.00
2016.06.21 08:16:24.708,1.04426,1.04429,1.50,1.00
2016.06.21 08:16:25.214,1.04427,1.0443,1.00,2.78
2016.06.21 08:16:25.527,1.0443,1.04433,1.12,1.00
2016.06.21 08:16:25.578,1.0443,1.04435,2.62,1.84
2016.06.21 08:16:27.818,1.0443,1.04434,1.35,1.00
2016.06.21 08:16:29.460,1.0443,1.04435,2.47,3.26
2016.06.21 08:16:33.709,1.04432,1.04435,1.12,1.25
2016.06.21 08:16:34.220,1.04433,1.04438,2.25,2.44
2016.06.21 08:16:34.423,1.04433,1.04438,2.25,2.44
2016.06.21 08:16:37.361,1.04434,1.04438,1.00,1.69
2016.06.21 08:16:37.867,1.04434,1.04438,1.65,1.69
2016.06.21 08:16:38.303,1.04433,1.04438,2.25,2.44
2016.06.21 08:16:38.810,1.04433,1.04438,1.87,2.44
2016.06.21 08:16:39.327,1.04433,1.04438,3.37,2.44
2016.06.21 08:16:39.833,1.04434,1.04438,1.35,2.44
2016.06.21 08:16:40.090,1.04434,1.04438,1.80,1.69
2016.06.21 08:16:40.596,1.04434,1.04439,1.00,3.19
2016.06.21 08:16:43.524,1.04433,1.04436,2.92,1.00
2016.06.21 08:16:43.625,1.04432,1.04436,1.20,1.25
2016.06.21 08:16:47.087,1.04433,1.04437,1.00,1.00
2016.06.21 08:16:47.595,1.04432,1.04437,3.67,1.50
2016.06.21 08:16:49.954,1.04433,1.04438,1.50,3.94
2016.06.21 08:16:50.208,1.04435,1.04437,1.00,1.25
2016.06.21 08:16:51.119,1.04434,1.04438,3.97,1.69
2016.06.21 08:16:51.905,1.04435,1.04438,1.50,1.19
2016.06.21 08:16:51.956,1.04435,1.04439,1.87,2.44
2016.06.21 08:16:52.158,1.04437,1.04441,1.00,2.51
2016.06.21 08:16:54.111,1.04438,1.04441,1.00,1.00
2016.06.21 08:16:54.618,1.04438,1.04442,1.00,3.00
2016.06.21 08:16:55.124,1.04437,1.04442,3.22,3.00
2016.06.21 08:16:57.390,1.04437,1.04441,3.97,1.00
2016.06.21 08:16:58.773,1.04436,1.04438,2.32,1.00
2016.06.21 08:16:58.930,1.04433,1.04435,2.32,1.00
2016.06.21 08:16:59.134,1.0443,1.04433,1.50,1.00
2016.06.21 08:16:59.239,1.04428,1.04433,4.95,1.50
2016.06.21 08:16:59.391,1.04427,1.04432,1.57,3.94
2016.06.21 08:16:59.903,1.04429,1.04432,1.30,1.50
2016.06.21 08:16:59.954,1.04429,1.04434,2.17,1.00
2016.06.21 08:17:00.462,1.04429,1.04434,1.22,1.69
2016.06.21 08:17:00.991,1.04429,1.04434,1.00,1.69
2016.06.21 08:17:01.521,1.04429,1.04434,1.00,2.62
2016.06.21 08:17:02.080,1.04429,1.04434,1.00,2.81
2016.06.21 08:17:02.272,1.04428,1.04432,1.95,1.69
2016.06.21 08:17:02.778,1.04427,1.04432,2.25,1.69
2016.06.21 08:17:03.284,1.04427,1.04432,2.55,1.69
2016.06.21 08:17:03.872,1.04427,1.04432,4.12,1.19
2016.06.21 08:17:04.377,1.04427,1.04432,5.17,1.19
2016.06.21 08:17:04.984,1.04427,1.04432,3.37,1.19
2016.06.21 08:17:05.491,1.04427,1.04432,2.92,1.19
2016.06.21 08:17:05.998,1.04427,1.04432,1.87,2.25
2016.06.21 08:17:06.502,1.04427,1.04431,1.50,1.00
2016.06.21 08:17:10.103,1.04428,1.04433,1.00,2.81
2016.06.21 08:17:10.154,1.04429,1.04432,1.37,1.00
2016.06.21 08:17:10.690,1.0443,1.04435,3.22,1.19
2016.06.21 08:17:13.808,1.0443,1.04435,2.85,1.00
2016.06.21 08:17:14.314,1.04431,1.04436,1.00,4.31
2016.06.21 08:17:20.196,1.04431,1.04436,4.12,1.69
2016.06.21 08:17:20.730,1.04431,1.04436,3.37,1.69
2016.06.21 08:17:27.809,1.04432,1.04436,1.00,1.25
2016.06.21 08:17:30.489,1.04432,1.04435,1.87,3.00
2016.06.21 08:17:30.540,1.04432,1.04434,1.12,1.19
2016.06.21 08:17:30.641,1.04428,1.04432,4.95,2.25
2016.06.21 08:17:30.693,1.04428,1.0443,4.12,1.00
2016.06.21 08:17:30.946,1.04423,1.04426,1.50,3.00
2016.06.21 08:17:31.453,1.04423,1.04426,1.00,3.19
2016.06.21 08:17:31.617,1.04423,1.04426,1.00,1.50
2016.06.21 08:17:32.527,1.04424,1.04426,1.00,1.50
2016.06.21 08:17:33.033,1.04423,1.04426,1.00,1.50
2016.06.21 08:17:33.565,1.04422,1.04426,1.30,3.19
2016.06.21 08:17:34.725,1.04421,1.04426,1.50,2.44
2016.06.21 08:17:35.432,1.04422,1.04425,1.00,1.25
2016.06.21 08:17:35.800,1.04423,1.04425,1.37,1.25
2016.06.21 08:17:36.308,1.04423,1.04427,1.50,1.19
2016.06.21 08:17:36.914,1.04424,1.04427,1.00,1.19
2016.06.21 08:17:37.224,1.04427,1.04429,1.00,1.01
2016.06.21 08:17:37.275,1.04428,1.04429,3.22,1.10
2016.06.21 08:17:37.327,1.0443,1.04432,1.12,3.37
2016.06.21 08:17:37.530,1.04431,1.04433,1.12,1.01
2016.06.21 08:17:37.581,1.04431,1.04435,1.12,1.00
2016.06.21 08:17:38.119,1.04432,1.04437,3.75,2.76
2016.06.21 08:17:38.626,1.04433,1.04438,1.12,3.51
2016.06.21 08:17:39.185,1.04433,1.04438,2.62,2.68
2016.06.21 08:17:40.288,1.04434,1.04438,1.00,1.93
2016.06.21 08:17:41.626,1.04435,1.04438,1.00,1.19
2016.06.21 08:17:41.727,1.04436,1.04438,1.50,1.19
2016.06.21 08:17:41.778,1.04438,1.04441,1.00,1.50
2016.06.21 08:17:41.880,1.04437,1.04442,1.87,1.00
2016.06.21 08:17:42.385,1.04437,1.04442,2.25,1.00
2016.06.21 08:17:43.365,1.04437,1.04442,1.87,1.00
2016.06.21 08:17:46.274,1.04437,1.04442,1.50,1.50
2016.06.21 08:17:47.277,1.04437,1.04442,2.50,1.50
2016.06.21 08:17:58.493,1.04438,1.04441,1.00,1.00
2016.06.21 08:17:59.819,1.04438,1.04442,1.50,1.50
2016.06.21 08:18:00.325,1.04438,1.04441,1.50,1.00
2016.06.21 08:18:00.832,1.04438,1.04443,1.50,2.06
2016.06.21 08:18:01.497,1.04438,1.04442,1.00,1.00
2016.06.21 08:18:02.003,1.04437,1.04442,2.62,1.50
2016.06.21 08:18:03.237,1.04437,1.04441,2.62,1.00
2016.06.21 08:18:04.568,1.04437,1.0444,1.00,1.00
2016.06.21 08:18:05.767,1.04437,1.04441,1.50,1.00
2016.06.21 08:18:06.272,1.04437,1.04442,1.50,1.50
2016.06.21 08:18:10.865,1.04438,1.04442,1.00,1.50
2016.06.21 08:18:11.385,1.04439,1.04443,1.12,2.44
2016.06.21 08:18:12.635,1.04439,1.0444,1.00,1.00
2016.06.21 08:18:13.148,1.04439,1.04441,1.00,2.25
2016.06.21 08:18:14.575,1.04438,1.04441,1.00,2.25
2016.06.21 08:18:15.304,1.04439,1.04441,1.00,1.50
2016.06.21 08:18:15.815,1.04438,1.04441,1.50,1.00
2016.06.21 08:18:16.936,1.04438,1.0444,1.00,1.00
2016.06.21 08:18:17.543,1.04438,1.04439,1.00,1.00
2016.06.21 08:18:18.046,1.04438,1.0444,1.00,2.25
2016.06.21 08:18:18.655,1.04436,1.04439,1.87,1.00
2016.06.21 08:18:19.161,1.04436,1.0444,3.37,1.00
2016.06.21 08:18:19.736,1.04436,1.04441,3.37,3.19
2016.06.21 08:18:20.494,1.04439,1.04441,1.00,2.25
2016.06.21 08:18:20.765,1.04449,1.04453,1.87,1.10
2016.06.21 08:18:21.271,1.04448,1.04452,1.10,1.50
2016.06.21 08:18:21.831,1.04449,1.04453,1.00,2.44
2016.06.21 08:18:22.370,1.04449,1.04454,1.20,1.50
2016.06.21 08:18:23.540,1.0445,1.04454,1.00,1.00
2016.06.21 08:18:24.056,1.0445,1.04455,1.87,1.25
2016.06.21 08:18:24.562,1.04453,1.04456,1.00,3.19
2016.06.21 08:18:25.099,1.04452,1.04456,1.00,2.25
2016.06.21 08:18:25.505,1.0445,1.04454,2.25,1.00
2016.06.21 08:18:25.708,1.04448,1.04452,1.00,1.69
2016.06.21 08:18:25.913,1.0445,1.04451,1.00,1.00
2016.06.21 08:18:25.964,1.0445,1.04454,3.37,1.50
2016.06.21 08:18:26.116,1.04452,1.04454,1.00,1.00
2016.06.21 08:18:26.167,1.04452,1.04456,1.87,1.25
2016.06.21 08:18:27.146,1.04452,1.04456,1.37,1.25
2016.06.21 08:18:27.349,1.04451,1.04456,2.20,1.50
2016.06.21 08:18:28.376,1.04451,1.04455,1.33,1.00
2016.06.21 08:18:29.552,1.04451,1.04456,1.50,2.06
2016.06.21 08:18:30.561,1.0445,1.04453,1.47,1.00
2016.06.21 08:18:30.765,1.04447,1.04452,2.70,1.87
2016.06.21 08:18:30.917,1.04447,1.04452,5.20,2.62
2016.06.21 08:18:32.515,1.04447,1.04452,3.70,2.25
2016.06.21 08:18:33.717,1.04447,1.04452,2.70,2.25
2016.06.21 08:18:34.021,1.04448,1.04452,1.75,1.00
2016.06.21 08:18:35.390,1.04448,1.04453,1.75,2.06
2016.06.21 08:18:35.922,1.0445,1.04452,1.33,1.00
2016.06.21 08:18:36.125,1.04451,1.04455,1.62,1.00
2016.06.21 08:18:36.630,1.0445,1.04454,3.32,1.25
2016.06.21 08:18:37.138,1.04448,1.04453,1.47,2.44
2016.06.21 08:18:37.189,1.04448,1.04451,1.10,1.00
2016.06.21 08:18:37.377,1.04446,1.0445,1.33,1.00
2016.06.21 08:18:37.529,1.04445,1.04448,1.37,1.00
2016.06.21 08:18:38.976,1.04446,1.04449,1.12,1.19
2016.06.21 08:18:39.481,1.04445,1.04449,1.50,1.19
2016.06.21 08:18:40.148,1.04446,1.04449,1.50,1.19
2016.06.21 08:18:40.199,1.04446,1.04451,1.87,2.25
2016.06.21 08:18:40.301,1.04447,1.04452,1.50,2.44
2016.06.21 08:18:40.504,1.04449,1.04452,1.12,1.87
2016.06.21 08:18:40.656,1.0445,1.04454,1.00,3.19
2016.06.21 08:18:41.175,1.04451,1.04455,1.75,1.25
2016.06.21 08:18:41.377,1.04453,1.04456,1.00,1.19
2016.06.21 08:18:41.985,1.04449,1.04454,2.50,1.00
2016.06.21 08:18:42.088,1.04449,1.04454,1.75,1.31
2016.06.21 08:18:42.399,1.04447,1.04451,2.50,1.69
2016.06.21 08:18:42.450,1.04447,1.0445,1.00,1.19
2016.06.21 08:18:42.855,1.04448,1.04452,1.00,1.25
2016.06.21 08:18:43.412,1.04448,1.04453,1.87,1.69
2016.06.21 08:18:43.755,1.04449,1.04453,1.75,1.69
2016.06.21 08:18:45.259,1.04448,1.04453,7.07,1.69
2016.06.21 08:18:46.017,1.04449,1.04453,2.12,1.69
2016.06.21 08:18:46.378,1.0445,1.04455,1.75,2.44
2016.06.21 08:18:47.339,1.04451,1.04454,1.00,1.19
2016.06.21 08:18:47.879,1.04452,1.04454,1.00,1.19
2016.06.21 08:18:49.556,1.04451,1.04454,3.00,1.19
2016.06.21 08:18:50.214,1.04452,1.04454,1.00,1.00
2016.06.21 08:18:50.432,1.04453,1.04456,1.00,1.69
2016.06.21 08:18:50.949,1.04452,1.04456,3.37,1.25
2016.06.21 08:18:51.724,1.04452,1.04455,1.50,1.25
2016.06.21 08:18:51.978,1.0445,1.04454,1.20,1.00
2016.06.21 08:18:52.484,1.04449,1.04453,2.25,1.25
2016.06.21 08:18:52.636,1.04448,1.04451,1.12,1.00
2016.06.21 08:18:53.177,1.04447,1.0445,1.00,1.25
2016.06.21 08:18:53.784,1.04446,1.0445,1.50,1.25
2016.06.21 08:18:54.687,1.04447,1.04451,1.00,1.69
2016.06.21 08:18:54.941,1.04449,1.04453,1.50,1.25
2016.06.21 08:18:55.977,1.04448,1.04452,2.62,1.50
2016.06.21 08:18:56.487,1.04449,1.04453,1.50,1.19
2016.06.21 08:19:00.607,1.04449,1.04453,1.50,1.25
2016.06.21 08:19:01.182,1.0445,1.04453,1.00,1.25
2016.06.21 08:19:01.384,1.04452,1.04454,1.00,1.25
2016.06.21 08:19:01.891,1.04451,1.04455,1.00,2.25
2016.06.21 08:19:02.437,1.0445,1.04454,1.00,1.25
2016.06.21 08:19:03.670,1.04449,1.04454,1.12,3.56
2016.06.21 08:19:06.771,1.04448,1.04452,1.95,1.00
2016.06.21 08:19:07.075,1.04446,1.0445,1.00,2.25
2016.06.21 08:19:08.980,1.04445,1.0445,1.37,3.00
2016.06.21 08:19:14.179,1.04446,1.0445,1.00,1.50
2016.06.21 08:19:17.401,1.04445,1.0445,1.87,2.25
2016.06.21 08:19:23.562,1.04445,1.04448,2.12,1.00
2016.06.21 08:19:23.867,1.04443,1.04446,2.25,4.01
2016.06.21 08:19:24.019,1.0444,1.04444,1.87,1.00
2016.06.21 08:19:24.435,1.04439,1.04442,1.00,1.00
2016.06.21 08:19:24.587,1.04435,1.0444,2.06,1.50
2016.06.21 08:19:25.118,1.04436,1.0444,1.12,1.50
2016.06.21 08:19:25.625,1.04436,1.04439,1.00,1.00
2016.06.21 08:19:26.182,1.04436,1.04438,1.00,1.00
2016.06.21 08:19:26.491,1.04434,1.04436,1.00,1.00
2016.06.21 08:19:26.997,1.04432,1.04436,1.19,1.00
2016.06.21 08:19:27.712,1.04434,1.04436,1.00,1.00
2016.06.21 08:19:28.221,1.04432,1.04435,1.19,1.00
2016.06.21 08:19:28.982,1.04432,1.04434,1.19,1.00
2016.06.21 08:19:29.236,1.0443,1.04432,1.00,1.00
2016.06.21 08:19:29.945,1.04428,1.0443,1.57,1.00
2016.06.21 08:19:30.097,1.04425,1.04428,1.00,1.00
2016.06.21 08:19:30.333,1.04423,1.04427,1.50,1.50
2016.06.21 08:19:30.838,1.04422,1.04426,1.87,1.00
2016.06.21 08:19:33.896,1.04421,1.04425,2.12,1.00
2016.06.21 08:19:34.706,1.04421,1.04424,1.37,1.00
2016.06.21 08:19:34.871,1.0442,1.04422,5.57,1.00
2016.06.21 08:19:34.922,1.04419,1.04421,1.12,1.00
2016.06.21 08:19:34.973,1.04417,1.04418,2.50,1.00
2016.06.21 08:19:35.024,1.04418,1.04419,1.00,2.25
2016.06.21 08:19:35.126,1.04416,1.04418,1.00,1.50
2016.06.21 08:19:35.329,1.04418,1.04419,1.00,1.00
2016.06.21 08:19:35.431,1.04417,1.04421,1.50,1.00
2016.06.21 08:19:35.634,1.04419,1.04423,1.50,1.87
2016.06.21 08:19:36.154,1.0442,1.04424,1.00,1.31
2016.06.21 08:19:38.972,1.0442,1.04425,2.62,2.62
2016.06.21 08:19:39.479,1.04419,1.04424,2.32,1.00
2016.06.21 08:19:40.085,1.04419,1.04423,2.32,1.00
2016.06.21 08:19:40.137,1.04419,1.04421,1.10,1.19
2016.06.21 08:19:40.289,1.04416,1.04419,1.87,1.00
2016.06.21 08:19:40.468,1.04415,1.04419,2.51,1.00
2016.06.21 08:19:41.015,1.04415,1.0442,2.89,3.79
2016.06.21 08:19:41.571,1.04417,1.0442,1.00,2.06
2016.06.21 08:19:41.874,1.04415,1.0442,3.64,2.06
2016.06.21 08:19:42.183,1.04417,1.0442,1.00,2.06
2016.06.21 08:19:42.690,1.04416,1.0442,1.00,1.31
2016.06.21 08:19:43.448,1.04415,1.04418,1.82,1.00
2016.06.21 08:19:43.962,1.04412,1.04417,6.92,1.50
2016.06.21 08:19:44.467,1.04412,1.04417,3.92,1.50
2016.06.21 08:19:47.288,1.04413,1.04418,1.87,1.87
2016.06.21 08:19:48.664,1.04414,1.04419,4.50,1.69
2016.06.21 08:19:49.170,1.04414,1.04419,2.62,1.25
2016.06.21 08:19:49.715,1.04414,1.04419,4.50,1.25
2016.06.21 08:19:50.222,1.04414,1.04419,1.87,1.25
2016.06.21 08:19:50.728,1.04416,1.0442,1.00,1.12
2016.06.21 08:19:51.264,1.04415,1.0442,3.75,1.00
2016.06.21 08:19:51.771,1.04416,1.0442,1.00,2.25
2016.06.21 08:19:54.706,1.04415,1.0442,4.12,1.69
2016.06.21 08:19:55.213,1.04415,1.0442,3.00,1.25
2016.06.21 08:19:56.866,1.04418,1.04421,1.37,1.31
2016.06.21 08:19:57.373,1.04418,1.04423,3.00,2.06
2016.06.21 08:19:57.754,1.04418,1.04423,3.00,2.06
2016.06.21 08:19:58.260,1.04418,1.04423,2.62,1.69
2016.06.21 08:20:03.386,1.0442,1.04424,1.00,1.69
2016.06.21 08:20:05.275,1.0442,1.04423,1.00,3.94
2016.06.21 08:20:05.326,1.04418,1.04422,1.50,2.81
2016.06.21 08:20:05.543,1.04418,1.04422,1.87,2.06
2016.06.21 08:20:06.049,1.04418,1.04422,1.87,1.12
2016.06.21 08:20:06.529,1.0442,1.04423,1.00,4.12
2016.06.21 08:20:07.035,1.04419,1.04423,2.25,1.00
2016.06.21 08:20:07.593,1.04421,1.04423,1.30,1.00
2016.06.21 08:20:07.877,1.04425,1.04428,1.33,1.01
2016.06.21 08:20:08.081,1.04425,1.0443,1.33,2.25
2016.06.21 08:20:08.688,1.04424,1.04429,1.87,1.00
2016.06.21 08:20:08.807,1.04424,1.04427,1.00,1.00
2016.06.21 08:20:09.010,1.04421,1.04426,1.95,1.50
2016.06.21 08:20:09.251,1.04421,1.04425,3.25,1.00
2016.06.21 08:20:09.758,1.04422,1.04426,1.25,1.00
2016.06.21 08:20:13.988,1.04422,1.04426,1.00,1.00
2016.06.21 08:20:16.880,1.04421,1.04425,1.50,1.50
2016.06.21 08:20:17.183,1.0442,1.04422,1.33,1.00
2016.06.21 08:20:19.282,1.0442,1.04421,1.25,1.00
2016.06.21 08:20:19.333,1.04418,1.04421,1.69,1.00
2016.06.21 08:20:19.535,1.04419,1.04421,1.00,1.33
2016.06.21 08:20:19.738,1.04418,1.04422,2.62,1.75
2016.06.21 08:20:19.890,1.04419,1.04423,1.00,1.00
2016.06.21 08:20:20.396,1.0442,1.04424,1.00,1.12
2016.06.21 08:20:21.642,1.0442,1.04425,1.50,3.45
2016.06.21 08:20:22.148,1.04421,1.04425,1.50,2.62
2016.06.21 08:20:22.504,1.04422,1.04425,1.19,1.50
2016.06.21 08:20:22.706,1.04421,1.04426,1.50,1.50
2016.06.21 08:20:24.826,1.04422,1.04426,1.00,1.50
2016.06.21 08:20:27.383,1.04422,1.04425,1.00,1.00
2016.06.21 08:20:27.903,1.04421,1.04425,1.50,3.00
2016.06.21 08:20:28.358,1.04421,1.04423,1.50,1.00
2016.06.21 08:20:29.548,1.04421,1.04424,1.00,1.00
2016.06.21 08:20:32.060,1.04421,1.04423,1.00,1.00
2016.06.21 08:20:32.870,1.04421,1.04424,1.00,1.00
2016.06.21 08:20:33.275,1.04421,1.04422,1.25,1.00
2016.06.21 08:20:34.966,1.0442,1.04423,1.69,1.00
2016.06.21 08:20:35.985,1.0442,1.04422,1.69,1.00
2016.06.21 08:20:36.431,1.04416,1.0442,2.81,1.00
2016.06.21 08:20:36.889,1.04415,1.0442,1.95,1.00
2016.06.21 08:20:37.396,1.04415,1.04419,1.50,1.00
2016.06.21 08:20:37.567,1.04417,1.04419,1.00,1.00
2016.06.21 08:20:38.079,1.04415,1.04419,2.44,1.00
2016.06.21 08:20:38.585,1.04415,1.04419,2.25,1.00
2016.06.21 08:20:39.086,1.04416,1.04419,1.00,1.00
2016.06.21 08:20:39.591,1.04415,1.04419,2.62,1.00
2016.06.21 08:20:40.097,1.04415,1.0442,3.37,1.12
2016.06.21 08:20:41.056,1.04417,1.04421,1.50,1.25
2016.06.21 08:20:41.602,1.04417,1.04422,2.62,2.44
2016.06.21 08:20:42.110,1.04417,1.04421,1.50,1.87
2016.06.21 08:20:42.618,1.04417,1.0442,1.00,1.00
2016.06.21 08:20:43.179,1.04417,1.04421,1.00,1.87
2016.06.21 08:20:44.887,1.04416,1.04421,3.37,1.87
2016.06.21 08:20:46.979,1.04416,1.0442,3.37,1.00
2016.06.21 08:20:47.486,1.04417,1.04421,1.00,1.12
2016.06.21 08:20:53.874,1.04418,1.04421,1.00,1.00
2016.06.21 08:20:54.383,1.04418,1.04422,1.00,1.00
2016.06.21 08:20:57.946,1.04419,1.04422,1.10,1.00
2016.06.21 08:20:59.471,1.04418,1.04421,1.87,1.00
2016.06.21 08:20:59.977,1.04418,1.04422,1.00,1.87
2016.06.21 08:21:00.286,1.04416,1.0442,1.57,1.12
2016.06.21 08:21:01.198,1.04417,1.04421,1.00,3.75
2016.06.21 08:21:01.729,1.04417,1.04421,1.00,1.12
2016.06.21 08:21:03.309,1.04419,1.04421,1.00,1.00
2016.06.21 08:21:03.461,1.04419,1.04423,1.00,1.00
2016.06.21 08:21:04.746,1.04418,1.04422,2.06,1.00
2016.06.21 08:21:05.345,1.04417,1.04421,1.31,1.00
2016.06.21 08:21:06.042,1.04417,1.04422,1.19,2.62
2016.06.21 08:21:06.550,1.04416,1.04421,2.68,1.00
2016.06.21 08:21:10.057,1.04417,1.04422,2.06,1.87
2016.06.21 08:21:16.565,1.04418,1.04421,1.69,1.00
2016.06.21 08:21:18.690,1.04418,1.04422,1.31,1.50
2016.06.21 08:21:19.195,1.04419,1.04422,1.00,1.00
2016.06.21 08:21:19.739,1.04419,1.04423,2.06,1.00
2016.06.21 08:21:22.901,1.04419,1.04423,4.69,1.50
2016.06.21 08:21:23.408,1.04419,1.04422,1.69,1.00
2016.06.21 08:21:29.171,1.04419,1.04423,1.25,1.50
2016.06.21 08:21:30.974,1.04419,1.04422,1.25,1.00
2016.06.21 08:21:33.316,1.04419,1.04423,1.69,1.50
2016.06.21 08:21:35.084,1.0442,1.04423,1.00,1.00
2016.06.21 08:21:36.588,1.04419,1.04423,3.94,1.00
2016.06.21 08:21:37.108,1.0442,1.04424,1.50,1.50
2016.06.21 08:21:42.094,1.04419,1.04424,3.86,1.50
2016.06.21 08:21:42.644,1.04419,1.04424,2.44,1.87
2016.06.21 08:21:43.150,1.04419,1.04423,2.36,1.00
2016.06.21 08:21:44.414,1.04419,1.04422,1.25,1.50
2016.06.21 08:21:45.307,1.04419,1.04423,1.69,1.50
2016.06.21 08:21:45.915,1.04419,1.04422,1.25,1.00
2016.06.21 08:21:46.450,1.04419,1.04423,1.25,1.50
2016.06.21 08:21:46.804,1.04418,1.04421,1.00,1.00
2016.06.21 08:21:47.311,1.04418,1.04422,1.00,1.50
2016.06.21 08:21:47.884,1.04417,1.04422,2.81,1.50
2016.06.21 08:21:48.743,1.04418,1.04422,1.00,1.00
2016.06.21 08:21:49.254,1.04419,1.04423,1.25,1.57
2016.06.21 08:21:49.559,1.04421,1.04424,1.31,1.00
2016.06.21 08:21:49.860,1.04425,1.04427,1.25,4.12
2016.06.21 08:21:50.113,1.04426,1.04429,1.00,1.00
2016.06.21 08:21:50.619,1.04426,1.0443,1.00,1.50
2016.06.21 08:21:51.129,1.04426,1.0443,1.37,1.10
2016.06.21 08:21:51.282,1.04429,1.04431,1.00,1.57
2016.06.21 08:21:51.788,1.04427,1.04432,1.31,1.50
2016.06.21 08:21:52.500,1.04428,1.04432,1.00,1.00
2016.06.21 08:21:52.754,1.0443,1.04435,1.00,3.07
2016.06.21 08:21:53.312,1.04431,1.04436,3.19,2.17
2016.06.21 08:21:53.819,1.04432,1.04437,1.87,3.45
2016.06.21 08:21:53.920,1.04434,1.04437,1.00,1.20
2016.06.21 08:21:54.481,1.04433,1.04437,2.25,1.00
2016.06.21 08:21:56.020,1.04434,1.04438,1.12,1.10
2016.06.21 08:21:56.324,1.04435,1.04438,2.44,1.00
2016.06.21 08:21:56.850,1.04434,1.04439,2.25,1.50
2016.06.21 08:21:57.156,1.04437,1.0444,1.31,1.57
2016.06.21 08:21:57.258,1.04438,1.04442,1.00,2.32
2016.06.21 08:21:58.019,1.04437,1.04441,3.19,1.00
2016.06.21 08:21:58.172,1.04435,1.0444,1.76,1.00
2016.06.21 08:21:58.693,1.04436,1.04439,1.00,1.00
2016.06.21 08:21:59.929,1.04434,1.04439,3.56,2.62
2016.06.21 08:22:00.031,1.04434,1.04437,1.50,1.00
2016.06.21 08:22:00.183,1.04433,1.04436,1.50,1.00
2016.06.21 08:22:00.337,1.0443,1.04434,2.44,1.50
2016.06.21 08:22:00.641,1.04428,1.04433,1.75,2.21
2016.06.21 08:22:00.745,1.04427,1.04432,2.50,2.14
2016.06.21 08:22:00.847,1.04425,1.04429,3.07,1.00
2016.06.21 08:22:01.191,1.04424,1.04428,3.75,1.00
2016.06.21 08:22:01.293,1.04424,1.04428,2.25,1.69
2016.06.21 08:22:01.647,1.04426,1.0443,1.00,2.62
2016.06.21 08:22:02.155,1.04426,1.0443,1.00,1.69
2016.06.21 08:22:02.510,1.04424,1.04429,3.37,2.81
2016.06.21 08:22:02.713,1.04424,1.04428,1.00,1.95
2016.06.21 08:22:03.221,1.04424,1.04428,3.00,1.19
2016.06.21 08:22:03.273,1.04425,1.04429,1.12,1.76
2016.06.21 08:22:03.786,1.04426,1.0443,1.00,2.51
2016.06.21 08:22:04.353,1.04425,1.0443,1.50,2.74
2016.06.21 08:22:05.853,1.04425,1.04428,1.00,1.00
2016.06.21 08:22:08.581,1.04425,1.04428,1.12,1.25
2016.06.21 08:22:09.193,1.04425,1.04428,1.00,1.33
2016.06.21 08:22:09.705,1.04426,1.0443,1.00,2.76
2016.06.21 08:22:10.221,1.04426,1.0443,1.00,2.01
2016.06.21 08:22:11.275,1.04427,1.04431,1.12,3.43
2016.06.21 08:22:11.416,1.04429,1.04432,1.12,6.56
2016.06.21 08:22:11.467,1.0443,1.04432,1.00,3.19
2016.06.21 08:22:11.569,1.0443,1.04434,2.25,1.18
2016.06.21 08:22:12.839,1.0443,1.04434,1.00,1.25
2016.06.21 08:22:13.095,1.04432,1.04435,1.00,1.56
2016.06.21 08:22:13.601,1.04429,1.04434,3.75,1.25
2016.06.21 08:22:14.156,1.0443,1.04433,1.00,1.00
2016.06.21 08:22:14.461,1.04427,1.04431,1.00,3.19
2016.06.21 08:22:14.512,1.04428,1.04432,1.50,2.57
2016.06.21 08:22:14.816,1.04426,1.04431,3.00,2.68
2016.06.21 08:22:15.019,1.04428,1.04431,1.00,2.44
2016.06.21 08:22:15.341,1.04429,1.04434,3.00,1.76
2016.06.21 08:22:15.847,1.04429,1.04434,2.62,1.29
2016.06.21 08:22:16.151,1.04428,1.04431,2.62,1.25
2016.06.21 08:22:16.252,1.04426,1.04431,4.87,1.25
2016.06.21 08:22:16.460,1.04428,1.04432,1.00,2.89
2016.06.21 08:22:16.640,1.04429,1.04434,1.87,1.39
2016.06.21 08:22:17.045,1.04431,1.04435,1.00,1.39
2016.06.21 08:22:17.197,1.04432,1.04437,2.25,3.71
2016.06.21 08:22:17.807,1.04431,1.04436,4.50,1.19
2016.06.21 08:22:18.667,1.04431,1.04433,1.50,1.19
2016.06.21 08:22:18.769,1.04429,1.04433,1.00,1.19
2016.06.21 08:22:19.123,1.04428,1.0443,1.00,1.25
2016.06.21 08:22:19.305,1.04425,1.04428,1.00,1.00
2016.06.21 08:22:19.356,1.04425,1.04429,1.00,1.84
2016.06.21 08:22:19.459,1.04427,1.04429,1.00,1.00
2016.06.21 08:22:19.561,1.04428,1.04431,1.87,1.00
2016.06.21 08:22:19.866,1.04429,1.04432,2.62,1.25
2016.06.21 08:22:20.378,1.0443,1.04434,1.00,1.19
2016.06.21 08:22:23.000,1.04431,1.04435,1.00,2.36
2016.06.21 08:22:23.051,1.04431,1.04435,1.00,2.14
2016.06.21 08:22:23.153,1.04433,1.04435,1.12,1.25
2016.06.21 08:22:23.308,1.04434,1.04438,1.00,1.19
2016.06.21 08:22:23.945,1.04434,1.04439,3.37,1.19
2016.06.21 08:22:24.456,1.04434,1.04439,3.37,1.19
2016.06.21 08:22:25.015,1.04435,1.04439,1.00,1.19
2016.06.21 08:22:25.731,1.04436,1.04441,1.50,2.38
2016.06.21 08:22:26.390,1.04436,1.04439,1.00,1.25
2016.06.21 08:22:26.492,1.04434,1.04439,2.70,1.25
2016.06.21 08:22:27.030,1.04435,1.0444,1.12,1.76
2016.06.21 08:22:31.605,1.04436,1.0444,1.00,1.69
2016.06.21 08:22:33.349,1.04437,1.04441,1.00,2.31
2016.06.21 08:22:33.855,1.04437,1.04441,1.00,1.54
2016.06.21 08:22:34.310,1.04435,1.04439,1.12,1.00
2016.06.21 08:22:36.441,1.04435,1.0444,1.00,1.69
2016.06.21 08:22:36.851,1.04438,1.04441,1.00,2.31
2016.06.21 08:22:37.390,1.04438,1.04442,3.00,1.39
2016.06.21 08:22:37.933,1.04435,1.0444,1.50,1.91
2016.06.21 08:22:38.444,1.04435,1.04439,1.50,1.00
2016.06.21 08:22:42.057,1.04435,1.0444,1.37,1.69
2016.06.21 08:22:42.568,1.04435,1.0444,1.87,1.69
2016.06.21 08:22:46.267,1.04435,1.04439,1.00,1.00
2016.06.21 08:22:46.772,1.04435,1.0444,1.00,1.50
2016.06.21 08:22:50.326,1.04435,1.04439,1.50,1.00
2016.06.21 08:22:50.836,1.04436,1.04438,1.50,1.00
2016.06.21 08:22:51.594,1.04435,1.04438,1.50,1.00
2016.06.21 08:22:52.334,1.04435,1.04437,1.50,1.25
2016.06.21 08:22:52.498,1.04433,1.04436,2.25,1.00
2016.06.21 08:22:53.003,1.04433,1.04436,1.50,2.44
2016.06.21 08:22:53.859,1.04432,1.04436,1.50,2.44
2016.06.21 08:22:54.402,1.04432,1.04434,1.50,1.05
2016.06.21 08:22:54.543,1.04431,1.04434,1.50,1.45
2016.06.21 08:22:54.594,1.04431,1.04434,1.50,1.00
2016.06.21 08:22:56.992,1.04431,1.04435,1.50,2.14
2016.06.21 08:22:57.043,1.04431,1.04435,1.50,2.14
2016.06.21 08:22:58.020,1.0443,1.04434,1.50,1.69
2016.06.21 08:22:58.577,1.0443,1.04432,1.50,1.20
2016.06.21 08:22:58.721,1.04428,1.04431,2.25,1.00
2016.06.21 08:22:58.873,1.04425,1.0443,3.37,1.25
2016.06.21 08:22:59.076,1.04427,1.04431,1.00,2.44
2016.06.21 08:23:00.481,1.04429,1.04431,1.00,1.19
2016.06.21 08:23:02.459,1.04428,1.0443,1.00,1.31
2016.06.21 08:23:02.510,1.04426,1.0443,1.33,2.06
2016.06.21 08:23:03.043,1.04424,1.04425,5.25,1.25
2016.06.21 08:23:03.146,1.04422,1.04424,2.32,1.19
2016.06.21 08:23:03.349,1.0442,1.04422,1.00,1.19
2016.06.21 08:23:03.401,1.0442,1.04422,1.00,1.19
2016.06.21 08:23:03.705,1.04416,1.04417,1.00,1.00
2016.06.21 08:23:03.807,1.04415,1.04417,1.50,1.19
2016.06.21 08:23:04.314,1.04413,1.04414,1.00,1.00
2016.06.21 08:23:04.473,1.04409,1.04411,2.25,1.25
2016.06.21 08:23:04.625,1.04408,1.04409,1.50,1.00
2016.06.21 08:23:04.777,1.04405,1.04409,1.50,1.25
2016.06.21 08:23:05.290,1.04407,1.0441,1.00,1.25
2016.06.21 08:23:05.594,1.04404,1.04407,3.19,1.00
2016.06.21 08:23:05.926,1.04401,1.04405,1.00,1.00
2016.06.21 08:23:06.432,1.044,1.04404,1.00,1.00
2016.06.21 08:23:06.483,1.04402,1.04404,1.00,1.00
2016.06.21 08:23:06.880,1.04399,1.04404,1.57,1.00
2016.06.21 08:23:07.047,1.04399,1.04402,1.00,1.00
2016.06.21 08:23:07.250,1.04394,1.04399,1.95,1.00
2016.06.21 08:23:07.761,1.04394,1.04399,2.70,1.00
2016.06.21 08:23:08.166,1.04396,1.044,1.00,1.25
2016.06.21 08:23:08.673,1.04397,1.04401,1.00,1.19
2016.06.21 08:23:09.158,1.044,1.04402,1.00,1.57
2016.06.21 08:23:09.361,1.04401,1.04405,1.50,1.56
2016.06.21 08:23:09.766,1.04401,1.04406,1.50,2.81
2016.06.21 08:23:10.130,1.044,1.04401,1.00,1.25
2016.06.21 08:23:10.371,1.04393,1.04397,1.69,3.00
2016.06.21 08:23:10.624,1.04395,1.04397,3.00,1.00
2016.06.21 08:23:10.726,1.04396,1.04399,1.50,1.10
2016.06.21 08:23:10.828,1.04398,1.04399,1.00,1.00
2016.06.21 08:23:10.929,1.04399,1.04401,1.50,1.00
2016.06.21 08:23:11.031,1.04399,1.04403,1.87,1.00
2016.06.21 08:23:11.537,1.044,1.04404,1.00,1.50
2016.06.21 08:23:12.161,1.04404,1.04406,1.87,1.95
2016.06.21 08:23:12.364,1.04402,1.04406,1.25,1.50
2016.06.21 08:23:14.192,1.04402,1.04405,1.25,1.00
2016.06.21 08:23:14.709,1.04401,1.04405,1.69,1.00
2016.06.21 08:23:17.349,1.04401,1.04404,1.25,1.00
2016.06.21 08:23:17.924,1.04399,1.04403,1.54,1.00
2016.06.21 08:23:18.449,1.04399,1.04403,1.25,1.00
2016.06.21 08:23:20.406,1.04399,1.04404,1.25,2.62
2016.06.21 08:23:20.791,1.04401,1.04404,1.00,1.20
2016.06.21 08:23:21.304,1.044,1.04404,1.87,1.00
2016.06.21 08:23:22.012,1.04402,1.04405,1.00,1.50
2016.06.21 08:23:22.330,1.04404,1.04407,1.25,2.25
2016.06.21 08:23:22.901,1.04404,1.04408,1.69,1.10
2016.06.21 08:23:23.229,1.04406,1.04411,1.00,3.00
2016.06.21 08:23:23.583,1.04405,1.04409,3.19,1.00
2016.06.21 08:23:23.887,1.0441,1.04411,1.69,1.00
2016.06.21 08:23:23.988,1.04413,1.04415,1.50,1.50
2016.06.21 08:23:24.140,1.04411,1.04415,1.01,1.00
2016.06.21 08:23:24.337,1.0441,1.04413,1.50,1.00
2016.06.21 08:23:24.543,1.04406,1.0441,1.76,1.00
2016.06.21 08:23:24.746,1.04405,1.04408,1.29,1.00
2016.06.21 08:23:27.655,1.04404,1.04408,1.00,1.00
2016.06.21 08:23:29.032,1.04404,1.04407,1.00,1.00
2016.06.21 08:23:30.288,1.04404,1.04405,1.00,1.00
2016.06.21 08:23:30.541,1.04399,1.04401,2.44,1.00
2016.06.21 08:23:31.081,1.04396,1.044,2.06,1.50
2016.06.21 08:23:32.042,1.04396,1.04401,2.44,3.00
2016.06.21 08:23:33.194,1.04398,1.04402,1.31,3.00
2016.06.21 08:23:33.703,1.04397,1.04401,2.06,1.00
2016.06.21 08:23:34.007,1.04397,1.04401,2.06,1.50
2016.06.21 08:23:35.058,1.04397,1.044,1.31,1.00
2016.06.21 08:23:35.180,1.04395,1.04398,1.66,1.00
2016.06.21 08:23:35.232,1.04394,1.04398,3.19,2.25
2016.06.21 08:23:35.745,1.04393,1.04397,2.06,1.00
2016.06.21 08:23:35.796,1.04393,1.04395,1.87,2.12
2016.06.21 08:23:35.948,1.04395,1.04398,1.12,2.25
2016.06.21 08:23:36.201,1.04397,1.04399,1.00,1.50
2016.06.21 08:23:36.707,1.04397,1.04399,1.37,1.50
2016.06.21 08:23:37.574,1.04397,1.04402,2.44,2.44
2016.06.21 08:23:37.626,1.044,1.04402,1.00,1.25
2016.06.21 08:23:37.778,1.04402,1.04405,1.00,1.00
2016.06.21 08:23:38.141,1.044,1.04403,2.06,1.00
2016.06.21 08:23:38.192,1.04399,1.04401,3.82,1.00
2016.06.21 08:23:38.293,1.04398,1.044,1.50,1.00
2016.06.21 08:23:38.547,1.04394,1.04398,3.45,1.00
2016.06.21 08:23:38.598,1.04394,1.04398,3.75,1.00
2016.06.21 08:23:39.003,1.04393,1.04396,1.69,1.00
2016.06.21 08:23:39.319,1.04398,1.04399,1.50,1.00
2016.06.21 08:23:39.775,1.04394,1.04398,2.25,1.00
2016.06.21 08:23:39.826,1.04394,1.04396,1.00,1.00
2016.06.21 08:23:40.080,1.04391,1.04394,1.00,1.50
2016.06.21 08:23:40.283,1.04388,1.04393,2.25,1.50
2016.06.21 08:23:40.384,1.0439,1.04393,1.00,1.00
2016.06.21 08:23:40.789,1.04388,1.04392,1.12,1.00
2016.06.21 08:23:41.295,1.04388,1.04392,1.12,1.19
2016.06.21 08:23:41.820,1.04389,1.04392,1.50,1.19
2016.06.21 08:23:43.272,1.04392,1.04394,1.00,5.51
2016.06.21 08:23:43.525,1.04394,1.04398,2.62,1.19
2016.06.21 08:23:46.391,1.04394,1.04399,2.70,2.06
2016.06.21 08:23:46.695,1.04394,1.04399,2.32,1.69
2016.06.21 08:23:47.215,1.04394,1.04398,1.57,1.00
2016.06.21 08:23:47.632,1.04394,1.04396,1.50,1.00
2016.06.21 08:23:48.138,1.04394,1.04396,1.00,1.50
2016.06.21 08:23:49.449,1.04394,1.04395,1.00,1.00
2016.06.21 08:23:49.753,1.0439,1.04391,1.00,1.00
2016.06.21 08:23:50.291,1.04389,1.04392,1.00,1.00
2016.06.21 08:23:50.838,1.04389,1.04391,1.00,1.00
2016.06.21 08:23:51.345,1.04389,1.04392,1.00,1.00
2016.06.21 08:23:52.540,1.04391,1.04392,1.00,1.00
2016.06.21 08:23:52.743,1.04389,1.04393,1.12,1.50
2016.06.21 08:23:53.245,1.0439,1.04393,1.12,1.00
2016.06.21 08:23:53.751,1.0439,1.04394,1.12,1.00
2016.06.21 08:23:54.510,1.0439,1.04392,1.12,1.00
2016.06.21 08:23:54.622,1.04388,1.04391,1.57,1.00
2016.06.21 08:23:54.673,1.04387,1.04389,3.07,1.00
2016.06.21 08:23:54.775,1.04388,1.04391,1.00,1.69
2016.06.21 08:23:54.827,1.04386,1.04389,1.00,2.25
2016.06.21 08:23:55.080,1.04384,1.04388,2.25,1.00
2016.06.21 08:23:55.434,1.04386,1.04389,1.12,1.50
2016.06.21 08:23:55.739,1.04385,1.04387,1.00,1.00
2016.06.21 08:23:56.113,1.04385,1.04389,1.50,2.25
2016.06.21 08:23:56.620,1.04384,1.04389,2.25,1.00
2016.06.21 08:23:57.128,1.04387,1.0439,1.00,2.25
2016.06.21 08:23:57.635,1.04386,1.04391,1.87,1.00
2016.06.21 08:23:58.215,1.04386,1.0439,1.87,1.00
2016.06.21 08:23:58.725,1.04386,1.04389,1.00,1.25
2016.06.21 08:23:59.219,1.04386,1.04391,1.87,1.25
2016.06.21 08:23:59.473,1.04389,1.04392,1.00,1.19
2016.06.21 08:23:59.675,1.04389,1.04394,1.87,1.25
2016.06.21 08:24:00.178,1.04389,1.04393,1.87,1.00
2016.06.21 08:24:02.136,1.0439,1.04395,1.50,4.50
2016.06.21 08:24:02.187,1.04392,1.04395,1.00,3.75
2016.06.21 08:24:02.441,1.04393,1.04398,1.69,1.50
2016.06.21 08:24:02.945,1.04393,1.04398,1.69,1.87
2016.06.21 08:24:03.691,1.04393,1.04397,1.31,1.00
2016.06.21 08:24:03.945,1.04394,1.04398,2.06,1.00
2016.06.21 08:24:04.490,1.04394,1.04399,2.44,1.50
2016.06.21 08:24:05.594,1.04396,1.04399,1.00,1.00
2016.06.21 08:24:06.144,1.04395,1.044,1.39,2.25
2016.06.21 08:24:06.654,1.04394,1.04399,3.94,1.00
2016.06.21 08:24:08.151,1.04397,1.044,1.50,1.50
2016.06.21 08:24:08.680,1.04398,1.04401,1.50,1.00
2016.06.21 08:24:10.762,1.04398,1.04402,2.81,1.50
2016.06.21 08:24:12.024,1.04398,1.044,1.69,1.00
2016.06.21 08:24:12.278,1.04392,1.04395,1.25,1.00
2016.06.21 08:24:12.481,1.0439,1.04394,1.25,1.00
2016.06.21 08:24:12.844,1.04393,1.04395,1.00,1.12
2016.06.21 08:24:12.945,1.04393,1.04397,1.50,1.50
2016.06.21 08:24:13.047,1.04393,1.04395,1.12,1.00
2016.06.21 08:24:13.199,1.04391,1.04393,1.00,1.00
2016.06.21 08:24:13.250,1.04388,1.04393,4.27,1.00
2016.06.21 08:24:13.452,1.04388,1.04391,2.25,1.00
2016.06.21 08:24:13.705,1.04384,1.04388,1.72,1.69
2016.06.21 08:24:14.060,1.04383,1.04386,1.05,1.25
2016.06.21 08:24:14.215,1.04382,1.04385,6.22,1.25
2016.06.21 08:24:14.721,1.04382,1.04384,1.50,1.25
2016.06.21 08:24:14.924,1.04384,1.04386,1.00,1.19
2016.06.21 08:24:14.975,1.04385,1.04388,1.00,1.01
2016.06.21 08:24:15.077,1.04387,1.0439,1.12,2.44
2016.06.21 08:24:15.179,1.04387,1.04391,1.87,1.31
2016.06.21 08:24:15.544,1.04387,1.04389,1.12,1.00
2016.06.21 08:24:15.747,1.04384,1.04389,2.32,1.25
2016.06.21 08:24:16.271,1.04384,1.04388,1.12,1.00
2016.06.21 08:24:19.031,1.04384,1.04388,1.50,1.19
2016.06.21 08:24:23.901,1.04387,1.0439,1.00,4.27
2016.06.21 08:24:23.952,1.04387,1.0439,1.00,2.55
2016.06.21 08:24:24.478,1.04385,1.0439,1.50,2.44
2016.06.21 08:24:24.985,1.04385,1.04389,1.50,1.19
2016.06.21 08:24:25.490,1.04386,1.0439,1.00,1.69
2016.06.21 08:24:26.012,1.04387,1.0439,1.00,1.19
2016.06.21 08:24:26.164,1.04388,1.0439,1.00,1.00
2016.06.21 08:24:26.670,1.04389,1.04393,1.00,1.69
2016.06.21 08:24:27.344,1.0439,1.04393,1.00,1.19
2016.06.21 08:24:27.952,1.0439,1.04394,1.00,1.25
2016.06.21 08:24:29.880,1.04391,1.04394,1.00,1.25
2016.06.21 08:24:30.680,1.0439,1.04394,2.25,1.69
2016.06.21 08:24:31.187,1.04391,1.04394,1.00,1.19
2016.06.21 08:24:31.516,1.04393,1.04396,1.00,1.69
2016.06.21 08:24:31.669,1.04393,1.04398,1.00,2.89
2016.06.21 08:24:32.376,1.04396,1.04398,1.00,1.29
2016.06.21 08:24:32.427,1.04395,1.04398,1.00,1.01
2016.06.21 08:24:32.892,1.04393,1.04398,3.45,1.69
2016.06.21 08:24:32.943,1.04395,1.04398,1.00,1.19
2016.06.21 08:24:33.463,1.04394,1.04398,1.00,1.19
2016.06.21 08:24:35.230,1.04397,1.04398,1.00,1.25
2016.06.21 08:24:35.433,1.04397,1.044,1.00,1.25
2016.06.21 08:24:35.635,1.04395,1.04399,2.25,1.95
2016.06.21 08:24:35.795,1.04393,1.04398,2.70,1.19
2016.06.21 08:24:36.101,1.04393,1.04396,1.50,1.19
2016.06.21 08:24:36.405,1.04398,1.04401,1.00,1.19
2016.06.21 08:24:36.507,1.04399,1.04403,1.00,2.44
2016.06.21 08:24:37.323,1.044,1.04403,1.00,1.69
2016.06.21 08:24:37.829,1.04399,1.04403,1.12,1.69
2016.06.21 08:24:38.351,1.044,1.04403,1.00,1.25
2016.06.21 08:24:38.903,1.04401,1.04404,1.00,1.25
2016.06.21 08:24:39.410,1.04402,1.04406,1.12,1.69
2016.06.21 08:24:40.049,1.04401,1.04406,2.62,1.69
2016.06.21 08:24:40.911,1.04401,1.04405,1.87,1.69
2016.06.21 08:24:41.067,1.04399,1.04402,1.00,1.00
2016.06.21 08:24:41.119,1.04399,1.04402,1.00,1.31
2016.06.21 08:24:41.625,1.04398,1.04402,1.12,2.44
2016.06.21 08:24:41.778,1.04399,1.04402,2.25,1.25
2016.06.21 08:24:43.310,1.044,1.04404,1.00,2.74
2016.06.21 08:24:43.464,1.04401,1.04405,1.37,1.19
2016.06.21 08:24:43.767,1.04403,1.04406,1.00,1.25
2016.06.21 08:24:43.970,1.04403,1.04406,1.37,1.25
2016.06.21 08:24:44.071,1.04402,1.04406,1.87,1.25
2016.06.21 08:24:46.609,1.04401,1.04406,2.62,1.69
2016.06.21 08:24:46.965,1.04401,1.04405,1.87,1.19
2016.06.21 08:24:47.471,1.044,1.04405,1.87,1.69
2016.06.21 08:24:47.823,1.04403,1.04405,1.00,1.00
2016.06.21 08:24:47.975,1.04401,1.04406,1.95,1.69
2016.06.21 08:24:48.178,1.04401,1.04405,1.00,1.19
2016.06.21 08:24:48.684,1.04399,1.04404,1.95,1.69
2016.06.21 08:24:50.214,1.04399,1.04404,2.32,1.69
2016.06.21 08:24:50.721,1.044,1.04404,1.12,1.25
2016.06.21 08:24:58.291,1.044,1.04403,1.00,1.19
2016.06.21 08:24:58.392,1.04398,1.04403,4.50,2.18
2016.06.21 08:24:58.898,1.04398,1.04402,2.62,2.18
2016.06.21 08:25:00.955,1.04399,1.04402,1.12,1.00
2016.06.21 08:25:03.503,1.044,1.04402,1.00,1.00
2016.06.21 08:25:04.009,1.044,1.04405,1.50,2.66
2016.06.21 08:25:10.925,1.04402,1.04405,1.12,1.81
2016.06.21 08:25:11.431,1.04403,1.04406,1.12,1.25
2016.06.21 08:25:12.305,1.04404,1.04406,1.00,1.25
2016.06.21 08:25:12.508,1.04405,1.04409,1.12,1.69
2016.06.21 08:25:15.996,1.04405,1.04409,1.12,1.50
2016.06.21 08:25:17.681,1.04406,1.0441,1.00,1.81
2016.06.21 08:25:17.732,1.04408,1.0441,1.00,1.37
2016.06.21 08:25:18.036,1.0441,1.04412,1.00,2.93
2016.06.21 08:25:18.189,1.04409,1.04413,3.00,1.19
2016.06.21 08:25:18.736,1.04408,1.04412,1.00,1.19
2016.06.21 08:25:18.939,1.0441,1.04414,1.00,3.56
2016.06.21 08:25:19.697,1.04409,1.04413,2.25,1.19
2016.06.21 08:25:19.850,1.04409,1.04413,1.12,1.00
2016.06.21 08:25:20.391,1.0441,1.04414,1.00,1.69
2016.06.21 08:25:21.841,1.04408,1.04413,2.32,1.00
2016.06.21 08:25:21.943,1.04408,1.04413,1.50,3.60
2016.06.21 08:25:22.449,1.04408,1.04412,1.00,1.50
2016.06.21 08:25:24.732,1.04407,1.04412,1.12,3.00
2016.06.21 08:25:27.058,1.04408,1.04412,1.00,3.37
2016.06.21 08:25:27.564,1.04409,1.04413,1.50,1.00
2016.06.21 08:25:28.070,1.0441,1.04413,1.00,1.00
2016.06.21 08:25:29.258,1.04409,1.04413,3.37,1.00
2016.06.21 08:25:31.534,1.04409,1.04412,1.12,1.00
2016.06.21 08:25:31.636,1.04407,1.0441,1.95,1.00
2016.06.21 08:25:31.738,1.04406,1.04409,1.00,1.31
2016.06.21 08:25:31.840,1.04404,1.04408,1.95,1.19
2016.06.21 08:25:33.150,1.04404,1.04408,3.37,1.50
2016.06.21 08:25:34.367,1.04404,1.04409,4.12,1.69
2016.06.21 08:25:39.675,1.04405,1.04409,1.12,1.25
2016.06.21 08:25:40.181,1.04406,1.0441,1.12,1.52
2016.06.21 08:25:40.485,1.04409,1.04414,3.37,3.06
2016.06.21 08:25:45.792,1.04407,1.04412,2.95,1.25
2016.06.21 08:25:46.071,1.04405,1.0441,1.87,1.25
2016.06.21 08:25:46.578,1.04404,1.04409,3.00,1.33
2016.06.21 08:25:48.434,1.04405,1.04409,1.00,1.33
2016.06.21 08:25:48.969,1.04404,1.04409,2.62,1.33
2016.06.21 08:25:49.476,1.04404,1.04409,2.62,1.33
2016.06.21 08:25:50.118,1.04404,1.04407,1.87,1.00
2016.06.21 08:25:50.220,1.04403,1.04406,1.10,1.00
2016.06.21 08:25:50.724,1.04401,1.04406,1.87,1.25
