2010.11.19 14:00:03.622,0.83491,0.835,2.30,3.20
2010.11.19 14:00:06.641,0.83491,0.83499,1.50,1.70
2010.11.19 14:00:08.748,0.8349,0.835,1.70,4.00
2010.11.19 14:00:17.335,0.83491,0.835,1.50,1.70
2010.11.19 14:00:19.603,0.83491,0.835,1.50,3.20
2010.11.19 14:00:25.023,0.83491,0.835,1.50,3.20
2010.11.19 14:00:29.329,0.83499,0.83504,1.70,15.80
2010.11.19 14:00:32.015,0.83494,0.83501,1.50,3.20
2010.11.19 14:00:35.160,0.83492,0.83501,1.50,5.50
2010.11.19 14:00:37.362,0.83499,0.83503,1.50,3.00
2010.11.19 14:00:40.165,0.83496,0.83504,2.30,1.50
2010.11.19 14:00:43.363,0.83499,0.83507,2.30,1.20
2010.11.19 14:00:45.484,0.83503,0.8351,2.30,1.50
2010.11.19 14:00:48.194,0.83504,0.8351,1.70,2.30
2010.11.19 14:00:50.571,0.83505,0.83515,1.50,3.00
2010.11.19 14:00:54.217,0.83509,0.83519,4.00,1.70
2010.11.19 14:00:58.107,0.83509,0.83519,5.50,1.70
2010.11.19 14:01:06.097,0.83509,0.83517,3.80,1.40
2010.11.19 14:01:09.784,0.83509,0.83517,1.70,1.50
2010.11.19 14:01:11.962,0.83503,0.83512,2.10,1.50
2010.11.19 14:01:14.862,0.83504,0.83513,1.50,1.50
2010.11.19 14:01:18.702,0.83503,0.83511,1.70,3.00
2010.11.19 14:01:21.463,0.83503,0.83511,1.50,3.20
2010.11.19 14:01:23.530,0.83506,0.83516,1.50,3.80
2010.11.19 14:01:27.146,0.83502,0.83511,2.30,4.00
2010.11.19 14:01:28.258,0.83497,0.83504,4.20,4.50
2010.11.19 14:01:28.384,0.83493,0.835,1.20,1.70
2010.11.19 14:01:31.212,0.83491,0.83499,1.50,2.50
2010.11.19 14:01:33.966,0.83499,0.83504,2.30,2.30
2010.11.19 14:01:41.875,0.83491,0.83499,12.50,4.50
2010.11.19 14:01:42.588,0.83488,0.83496,2.30,1.50
2010.11.19 14:01:45.073,0.83483,0.83493,2.10,2.30
2010.11.19 14:01:47.704,0.83479,0.83488,3.80,2.50
2010.11.19 14:01:50.154,0.83478,0.83485,1.40,2.30
2010.11.19 14:01:52.246,0.83479,0.83485,2.50,1.50
2010.11.19 14:01:54.434,0.83475,0.83486,1.50,3.20
2010.11.19 14:01:57.642,0.83479,0.83485,4.00,1.50
2010.11.19 14:01:59.642,0.83479,0.83486,4.00,1.50
2010.11.19 14:02:02.164,0.83479,0.83487,4.00,1.50
2010.11.19 14:02:04.881,0.83479,0.83485,4.00,1.50
2010.11.19 14:02:10.641,0.83479,0.83487,3.20,2.30
2010.11.19 14:02:13.042,0.83476,0.83486,1.50,1.50
2010.11.19 14:02:16.134,0.83479,0.83487,3.20,1.50
2010.11.19 14:02:18.323,0.83476,0.83486,1.50,3.20
2010.11.19 14:02:24.363,0.83474,0.83483,1.50,1.50
2010.11.19 14:02:26.447,0.83474,0.83484,2.30,1.50
2010.11.19 14:02:31.694,0.83473,0.83483,3.40,1.50
2010.11.19 14:02:35.515,0.83472,0.83482,1.70,2.30
2010.11.19 14:02:38.284,0.83465,0.83475,1.50,3.00
2010.11.19 14:02:48.496,0.83468,0.83478,2.70,3.00
2010.11.19 14:02:52.474,0.83468,0.83476,1.50,1.70
2010.11.19 14:02:55.645,0.83468,0.83478,1.90,1.70
2010.11.19 14:02:58.109,0.83468,0.83478,4.50,1.50
2010.11.19 14:03:00.905,0.83468,0.83477,1.50,2.30
2010.11.19 14:03:02.877,0.83464,0.8347,3.00,1.50
2010.11.19 14:03:05.172,0.83465,0.83476,1.50,2.30
2010.11.19 14:03:08.979,0.83469,0.83476,1.50,1.50
2010.11.19 14:03:11.031,0.83469,0.83478,4.00,1.50
2010.11.19 14:03:13.573,0.83466,0.83477,1.50,1.70
2010.11.19 14:03:17.886,0.83463,0.83473,1.50,1.40
2010.11.19 14:03:20.972,0.83463,0.83471,2.30,4.00
2010.11.19 14:03:44.365,0.83461,0.8347,1.50,1.70
2010.11.19 14:03:47.874,0.8346,0.8347,2.50,1.70
2010.11.19 14:03:50.095,0.83459,0.83467,4.00,2.90
2010.11.19 14:03:52.204,0.83459,0.83467,4.00,2.30
2010.11.19 14:03:54.923,0.83459,0.83466,4.00,1.50
2010.11.19 14:03:58.464,0.83459,0.83465,2.30,1.70
2010.11.19 14:04:01.487,0.83458,0.83466,1.50,1.40
2010.11.19 14:04:04.119,0.83459,0.83469,5.50,1.70
2010.11.19 14:04:06.123,0.8346,0.83471,4.00,5.50
2010.11.19 14:04:15.274,0.83462,0.83471,1.50,4.00
2010.11.19 14:04:19.332,0.83464,0.83471,1.70,3.00
2010.11.19 14:04:22.544,0.83464,0.83472,2.50,1.50
2010.11.19 14:04:25.050,0.83463,0.83472,2.10,1.40
2010.11.19 14:04:33.714,0.83469,0.83477,2.30,2.10
2010.11.19 14:04:41.536,0.83477,0.83488,2.50,3.40
2010.11.19 14:04:44.843,0.83482,0.8349,1.50,1.70
2010.11.19 14:04:46.985,0.83482,0.8349,1.50,1.70
2010.11.19 14:04:53.105,0.83479,0.8349,6.20,1.70
2010.11.19 14:04:53.784,0.83473,0.83481,2.90,3.20
2010.11.19 14:04:56.137,0.83471,0.83477,2.30,1.50
2010.11.19 14:04:59.692,0.83473,0.83481,3.00,3.20
2010.11.19 14:05:01.788,0.83479,0.83489,4.70,1.50
2010.11.19 14:05:06.352,0.83482,0.8349,1.50,1.70
2010.11.19 14:05:14.900,0.83476,0.83486,3.80,1.70
2010.11.19 14:05:17.354,0.83476,0.83487,2.30,1.50
2010.11.19 14:05:34.092,0.8348,0.83486,2.30,1.70
2010.11.19 14:05:36.554,0.83476,0.83486,5.30,1.70
2010.11.19 14:05:43.350,0.83479,0.83489,1.50,1.70
2010.11.19 14:05:47.173,0.83476,0.83486,1.50,1.50
2010.11.19 14:05:54.196,0.83477,0.83485,1.50,1.50
2010.11.19 14:05:56.303,0.8348,0.83486,1.50,1.50
2010.11.19 14:06:00.461,0.83475,0.83485,2.30,1.50
2010.11.19 14:06:06.026,0.8347,0.83477,2.30,1.70
2010.11.19 14:06:12.924,0.83465,0.83474,3.00,1.50
2010.11.19 14:06:17.800,0.83466,0.83474,1.50,1.50
2010.11.19 14:06:20.067,0.83467,0.83474,1.50,1.50
2010.11.19 14:06:24.431,0.83465,0.83474,3.00,1.50
2010.11.19 14:06:27.811,0.83469,0.83477,4.70,1.50
2010.11.19 14:06:39.456,0.83469,0.83478,5.50,1.50
2010.11.19 14:06:41.614,0.83471,0.83479,1.50,1.70
2010.11.19 14:06:49.258,0.83471,0.83478,1.50,1.50
2010.11.19 14:06:52.397,0.8347,0.83478,1.70,1.50
2010.11.19 14:06:54.831,0.83467,0.83476,3.00,2.30
2010.11.19 14:07:12.363,0.83466,0.83475,1.50,2.30
2010.11.19 14:07:14.522,0.83466,0.83475,1.50,1.50
2010.11.19 14:07:18.026,0.83466,0.83475,6.80,1.50
2010.11.19 14:07:20.790,0.83471,0.83479,3.00,1.50
2010.11.19 14:07:24.164,0.83471,0.83479,3.00,1.70
2010.11.19 14:07:26.661,0.83467,0.83475,1.50,2.30
2010.11.19 14:07:30.162,0.83465,0.83474,3.00,1.50
2010.11.19 14:07:57.533,0.83466,0.83476,2.30,2.50
2010.11.19 14:08:05.156,0.83468,0.83476,1.50,1.70
2010.11.19 14:08:07.636,0.83469,0.83477,1.70,1.50
2010.11.19 14:08:10.070,0.83468,0.83476,1.50,1.70
2010.11.19 14:08:13.461,0.83465,0.83476,3.80,2.50
2010.11.19 14:08:17.021,0.83466,0.83476,6.80,1.70
2010.11.19 14:08:33.085,0.83469,0.83476,4.00,1.50
2010.11.19 14:08:35.202,0.83464,0.83472,2.50,1.50
2010.11.19 14:08:36.084,0.83463,0.83474,3.20,22.80
2010.11.19 14:08:38.492,0.83465,0.83472,1.50,1.70
2010.11.19 14:08:40.634,0.83463,0.83471,3.20,3.00
2010.11.19 14:08:43.004,0.83466,0.83474,1.50,2.30
2010.11.19 14:08:45.272,0.8347,0.83478,1.50,1.50
2010.11.19 14:08:50.477,0.8347,0.83477,2.30,1.70
2010.11.19 14:08:53.025,0.83468,0.83474,1.70,1.50
2010.11.19 14:08:55.041,0.83469,0.83477,3.20,2.30
2010.11.19 14:09:08.836,0.83469,0.83477,2.50,2.70
2010.11.19 14:09:16.052,0.83466,0.83472,2.30,1.70
2010.11.19 14:09:23.013,0.83465,0.83475,2.30,1.50
2010.11.19 14:09:28.323,0.83468,0.83475,1.50,1.50
2010.11.19 14:09:31.094,0.83466,0.83475,2.30,1.50
2010.11.19 14:09:35.483,0.83466,0.83476,3.00,1.50
2010.11.19 14:09:38.664,0.83465,0.83471,2.30,1.70
2010.11.19 14:09:40.837,0.83466,0.83476,3.00,1.50
2010.11.19 14:09:43.935,0.83472,0.8348,2.30,1.70
2010.11.19 14:09:50.955,0.83473,0.8348,1.50,1.70
2010.11.19 14:09:55.055,0.83473,0.8348,1.50,1.70
2010.11.19 14:10:04.644,0.83473,0.8348,1.50,1.70
2010.11.19 14:10:10.513,0.83473,0.8348,1.50,1.70
2010.11.19 14:10:13.290,0.83478,0.83484,1.50,1.50
2010.11.19 14:10:15.563,0.83476,0.83484,1.50,1.50
2010.11.19 14:10:18.323,0.83475,0.83484,1.50,1.50
2010.11.19 14:10:20.881,0.83475,0.83484,1.50,1.50
2010.11.19 14:10:22.975,0.83466,0.83474,1.50,1.50
2010.11.19 14:10:27.004,0.83467,0.83478,2.30,2.10
2010.11.19 14:10:29.210,0.83473,0.83481,1.50,4.00
2010.11.19 14:10:35.692,0.83474,0.83485,4.70,1.50
2010.11.19 14:10:38.855,0.83474,0.83484,2.50,1.50
2010.11.19 14:10:41.460,0.83474,0.83484,2.50,2.30
2010.11.19 14:10:46.321,0.83473,0.83481,1.40,5.30
2010.11.19 14:10:49.444,0.8347,0.8348,2.50,4.70
2010.11.19 14:10:55.493,0.83472,0.8348,1.50,3.20
2010.11.19 14:11:05.280,0.83472,0.8348,1.50,1.70
2010.11.19 14:11:07.931,0.83472,0.8348,2.30,1.70
2010.11.19 14:11:22.735,0.83474,0.83481,1.70,2.30
2010.11.19 14:11:24.985,0.83473,0.83482,2.90,1.50
2010.11.19 14:11:28.068,0.83472,0.83481,1.50,4.70
2010.11.19 14:11:30.358,0.83471,0.8348,1.50,1.70
2010.11.19 14:11:32.734,0.83471,0.83478,2.30,1.50
2010.11.19 14:11:34.756,0.83469,0.83476,4.00,1.50
2010.11.19 14:11:37.813,0.83464,0.83474,4.00,2.30
2010.11.19 14:11:40.764,0.83467,0.83475,1.50,1.50
2010.11.19 14:11:43.334,0.83464,0.83476,3.00,2.30
2010.11.19 14:11:47.073,0.8346,0.8347,2.50,4.00
2010.11.19 14:12:28.945,0.8346,0.83468,1.70,1.50
2010.11.19 14:12:35.802,0.83456,0.83464,6.20,1.50
2010.11.19 14:12:37.820,0.83456,0.83461,4.50,1.70
2010.11.19 14:12:40.455,0.83455,0.83464,1.70,2.30
2010.11.19 14:12:45.444,0.83458,0.83464,1.50,1.50
2010.11.19 14:12:47.878,0.83459,0.83467,4.70,2.30
2010.11.19 14:12:55.786,0.83459,0.83465,2.30,1.70
2010.11.19 14:13:08.165,0.83456,0.83465,1.50,2.30
2010.11.19 14:13:13.033,0.83454,0.83465,3.00,1.50
2010.11.19 14:13:47.496,0.83458,0.83466,1.50,3.00
2010.11.19 14:13:52.687,0.83457,0.83462,5.10,1.50
2010.11.19 14:13:52.914,0.83459,0.83469,3.20,3.20
2010.11.19 14:13:55.026,0.83459,0.83468,4.00,1.50
2010.11.19 14:13:57.504,0.83459,0.83469,4.70,3.20
2010.11.19 14:14:00.773,0.83459,0.83467,1.50,1.40
2010.11.19 14:14:00.996,0.83456,0.83461,3.20,3.00
2010.11.19 14:14:01.680,0.83459,0.83468,2.50,3.00
2010.11.19 14:14:05.125,0.83459,0.83468,2.30,1.50
2010.11.19 14:14:08.882,0.8346,0.83466,1.70,1.50
2010.11.19 14:14:12.004,0.83457,0.83462,7.00,1.50
2010.11.19 14:14:14.364,0.83458,0.83466,1.20,3.00
2010.11.19 14:14:27.520,0.83461,0.8347,1.50,3.20
2010.11.19 14:14:53.063,0.83461,0.8347,1.50,3.20
2010.11.19 14:14:57.990,0.83461,0.8347,1.50,3.20
2010.11.19 14:15:01.443,0.8346,0.8347,3.20,3.20
2010.11.19 14:15:04.733,0.83461,0.8347,1.50,3.20
2010.11.19 14:15:09.111,0.83462,0.8347,1.50,3.20
2010.11.19 14:15:11.823,0.83462,0.8347,1.50,3.20
2010.11.19 14:15:17.655,0.83464,0.83471,1.50,3.20
2010.11.19 14:15:28.114,0.83464,0.83471,1.50,3.00
2010.11.19 14:15:32.342,0.83465,0.83471,1.50,2.30
2010.11.19 14:15:34.583,0.83473,0.8348,1.50,2.50
2010.11.19 14:15:36.638,0.83473,0.8348,1.50,2.50
2010.11.19 14:15:41.484,0.83471,0.8348,2.30,2.50
2010.11.19 14:15:48.570,0.83472,0.83479,1.50,4.70
2010.11.19 14:15:51.177,0.8347,0.83476,1.50,1.50
2010.11.19 14:15:54.611,0.8347,0.83477,1.50,1.40
2010.11.19 14:15:57.433,0.83472,0.83477,1.50,1.40
2010.11.19 14:16:00.925,0.83476,0.83484,1.50,3.00
2010.11.19 14:16:06.874,0.83475,0.83484,2.30,3.00
2010.11.19 14:16:10.698,0.83476,0.83485,1.50,2.30
2010.11.19 14:16:10.839,0.83468,0.83477,2.30,1.40
2010.11.19 14:16:14.600,0.83466,0.83476,2.30,1.50
2010.11.19 14:16:18.624,0.83465,0.83475,1.50,1.50
2010.11.19 14:16:20.742,0.83464,0.83475,3.00,2.30
2010.11.19 14:16:23.045,0.83464,0.83475,3.00,2.30
2010.11.19 14:16:26.871,0.83465,0.83476,1.50,3.80
2010.11.19 14:16:29.416,0.83469,0.83479,4.00,3.00
2010.11.19 14:16:36.454,0.83469,0.83476,4.70,1.50
2010.11.19 14:16:40.773,0.83466,0.83474,1.50,5.30
2010.11.19 14:16:43.192,0.83464,0.83471,1.50,2.50
2010.11.19 14:16:46.934,0.83461,0.8347,1.50,2.50
2010.11.19 14:16:57.376,0.8346,0.83469,1.70,2.50
2010.11.19 14:16:57.889,0.83469,0.83475,3.20,3.00
2010.11.19 14:17:02.795,0.83469,0.83477,3.00,1.50
2010.11.19 14:17:04.972,0.8347,0.83478,2.30,2.90
2010.11.19 14:17:10.422,0.83466,0.83476,1.50,3.00
2010.11.19 14:17:18.575,0.8347,0.83478,2.30,1.50
2010.11.19 14:17:22.493,0.83469,0.83477,3.20,1.50
2010.11.19 14:17:24.684,0.83463,0.83469,37.60,1.70
2010.11.19 14:17:24.812,0.83463,0.83469,3.80,1.70
2010.11.19 14:17:27.136,0.83463,0.8347,2.30,1.50
2010.11.19 14:17:30.748,0.83461,0.8347,2.30,3.20
2010.11.19 14:18:04.336,0.83462,0.83469,1.20,1.70
2010.11.19 14:18:06.433,0.83464,0.83473,2.50,1.50
2010.11.19 14:18:09.361,0.83464,0.83475,2.50,3.00
2010.11.19 14:18:16.551,0.83464,0.83474,1.50,2.30
2010.11.19 14:18:23.525,0.83463,0.83474,1.90,7.50
2010.11.19 14:18:27.315,0.83459,0.83467,3.20,1.50
2010.11.19 14:18:31.925,0.83459,0.83467,3.20,1.50
2010.11.19 14:18:40.983,0.83459,0.83467,3.20,1.50
2010.11.19 14:18:46.573,0.83457,0.83463,10.00,1.20
2010.11.19 14:18:48.667,0.8346,0.83468,1.70,1.50
2010.11.19 14:18:51.177,0.8346,0.83466,1.50,1.70
2010.11.19 14:18:54.773,0.83453,0.8346,1.50,2.50
2010.11.19 14:18:55.330,0.83446,0.8345,42.90,1.50
2010.11.19 14:18:55.476,0.83443,0.8345,1.50,2.50
2010.11.19 14:19:00.695,0.83449,0.83456,1.50,2.30
2010.11.19 14:19:03.991,0.83449,0.83456,3.00,1.70
2010.11.19 14:19:06.534,0.83448,0.83456,1.50,2.30
2010.11.19 14:19:09.030,0.83447,0.83456,1.50,3.00
2010.11.19 14:19:12.152,0.83447,0.83456,1.70,2.30
2010.11.19 14:19:14.776,0.83446,0.83455,1.50,1.50
2010.11.19 14:19:16.794,0.83444,0.83456,1.50,3.80
2010.11.19 14:19:19.349,0.83443,0.83449,1.50,1.50
2010.11.19 14:19:21.465,0.83444,0.83453,2.50,1.50
2010.11.19 14:19:23.966,0.83442,0.8345,3.00,1.70
2010.11.19 14:19:26.477,0.83442,0.8345,1.50,2.50
2010.11.19 14:19:28.682,0.83439,0.83446,3.80,1.70
2010.11.19 14:19:32.758,0.83437,0.83447,1.70,1.20
2010.11.19 14:19:35.440,0.83438,0.83446,1.20,1.70
2010.11.19 14:19:38.258,0.83443,0.83453,1.50,1.70
2010.11.19 14:19:41.148,0.83442,0.83451,1.50,5.50
2010.11.19 14:19:49.283,0.83444,0.83452,2.50,1.90
2010.11.19 14:19:52.383,0.83444,0.83455,1.70,4.50
2010.11.19 14:19:54.620,0.83444,0.83455,2.30,1.50
2010.11.19 14:19:56.654,0.8344,0.83448,1.50,1.50
2010.11.19 14:19:58.947,0.83439,0.83443,6.20,3.80
2010.11.19 14:20:02.214,0.83441,0.8345,1.20,4.00
2010.11.19 14:20:04.376,0.83444,0.83451,1.70,1.50
2010.11.19 14:20:06.954,0.83444,0.83451,1.50,3.20
2010.11.19 14:20:09.020,0.83444,0.83451,1.50,2.50
2010.11.19 14:20:14.443,0.83444,0.83451,1.50,3.20
2010.11.19 14:20:19.366,0.83441,0.8345,2.30,1.70
2010.11.19 14:20:21.508,0.83432,0.83441,1.50,4.50
2010.11.19 14:20:25.457,0.83435,0.83441,1.50,3.20
2010.11.19 14:20:33.534,0.83439,0.83444,1.70,24.00
2010.11.19 14:20:37.570,0.83441,0.8345,2.30,1.70
2010.11.19 14:21:16.465,0.83444,0.83451,1.70,3.00
2010.11.19 14:21:20.114,0.83444,0.83454,2.50,3.00
2010.11.19 14:21:20.586,0.83444,0.83451,2.30,2.30
2010.11.19 14:21:24.635,0.83442,0.8345,1.50,2.50
2010.11.19 14:21:27.995,0.83441,0.8345,2.30,2.50
2010.11.19 14:21:30.435,0.83449,0.83454,1.70,21.40
2010.11.19 14:21:32.556,0.83442,0.8345,2.30,1.70
2010.11.19 14:21:41.672,0.83443,0.8345,1.50,1.70
2010.11.19 14:21:50.004,0.83441,0.83449,1.50,1.70
2010.11.19 14:21:55.857,0.83439,0.83447,3.20,1.50
2010.11.19 14:22:00.043,0.8344,0.83449,2.50,1.70
2010.11.19 14:22:04.147,0.83441,0.83449,1.50,1.70
2010.11.19 14:22:11.434,0.83443,0.8345,1.50,1.70
2010.11.19 14:22:14.047,0.83441,0.8345,2.30,1.70
2010.11.19 14:22:19.525,0.83449,0.83456,3.00,2.30
2010.11.19 14:22:21.649,0.83444,0.83451,2.30,3.20
2010.11.19 14:22:27.899,0.83444,0.83452,2.50,2.30
2010.11.19 14:22:30.743,0.83444,0.83454,1.50,1.50
2010.11.19 14:22:33.473,0.83445,0.83454,1.50,1.50
2010.11.19 14:22:37.654,0.83446,0.83454,1.50,1.50
2010.11.19 14:22:39.859,0.83445,0.83451,1.50,3.00
2010.11.19 14:22:47.003,0.83444,0.83451,3.20,2.30
2010.11.19 14:22:49.216,0.8344,0.8345,2.50,3.20
2010.11.19 14:22:52.529,0.8344,0.8345,1.70,3.50
2010.11.19 14:22:56.235,0.83439,0.83449,4.70,2.50
2010.11.19 14:23:01.483,0.8344,0.83448,1.70,1.50
2010.11.19 14:23:05.181,0.83439,0.83447,4.00,1.50
2010.11.19 14:23:13.470,0.83439,0.83446,1.50,2.50
2010.11.19 14:23:17.667,0.83434,0.83443,2.50,5.30
2010.11.19 14:23:21.103,0.83439,0.83446,3.20,2.30
2010.11.19 14:23:23.237,0.83435,0.83445,3.20,3.20
2010.11.19 14:23:34.946,0.83444,0.83449,6.60,3.00
2010.11.19 14:23:36.343,0.83451,0.8346,1.50,1.70
2010.11.19 14:23:39.136,0.8345,0.83459,1.70,1.70
2010.11.19 14:23:43.224,0.83449,0.83458,4.70,1.50
2010.11.19 14:23:44.191,0.8344,0.83449,1.70,1.70
2010.11.19 14:23:46.485,0.8344,0.83448,1.70,2.30
2010.11.19 14:23:57.535,0.83441,0.8345,3.00,1.70
2010.11.19 14:23:58.478,0.83449,0.83457,4.00,5.70
2010.11.19 14:24:01.806,0.83452,0.83459,1.50,1.70
2010.11.19 14:24:06.814,0.83451,0.8346,1.50,2.50
2010.11.19 14:24:09.568,0.83452,0.8346,1.50,1.70
2010.11.19 14:24:11.953,0.83451,0.83459,1.50,1.70
2010.11.19 14:24:14.469,0.83442,0.8345,2.30,2.50
2010.11.19 14:24:28.305,0.83449,0.83453,1.50,10.70
2010.11.19 14:24:30.350,0.83442,0.83449,2.30,4.50
2010.11.19 14:24:33.695,0.83439,0.83448,4.00,1.50
2010.11.19 14:24:38.322,0.83439,0.83449,2.50,6.20
2010.11.19 14:24:41.268,0.83437,0.83446,4.40,1.50
2010.11.19 14:24:43.413,0.83437,0.83446,1.50,2.30
2010.11.19 14:24:49.061,0.83436,0.83446,2.30,2.30
2010.11.19 14:24:51.795,0.83435,0.83445,1.50,3.00
2010.11.19 14:24:58.588,0.83435,0.83441,1.50,3.00
2010.11.19 14:25:07.130,0.83434,0.8344,1.50,3.20
2010.11.19 14:25:12.119,0.83435,0.83441,1.50,2.50
2010.11.19 14:25:14.629,0.8344,0.83448,2.30,1.50
2010.11.19 14:25:18.095,0.83441,0.8345,2.30,2.50
2010.11.19 14:25:20.537,0.8344,0.8345,4.70,4.70
2010.11.19 14:25:22.824,0.83441,0.8345,1.50,3.20
2010.11.19 14:25:27.445,0.8344,0.8345,3.20,5.50
2010.11.19 14:25:34.765,0.8344,0.83448,3.20,1.50
2010.11.19 14:25:37.546,0.8344,0.8345,3.20,5.50
2010.11.19 14:25:39.707,0.8344,0.83449,3.20,2.50
2010.11.19 14:25:52.326,0.8344,0.8345,4.00,3.20
2010.11.19 14:25:55.241,0.8344,0.8345,4.00,4.00
2010.11.19 14:26:01.243,0.83442,0.8345,1.50,2.50
2010.11.19 14:26:04.516,0.83443,0.8345,1.50,3.20
2010.11.19 14:26:09.754,0.83444,0.83451,1.50,4.00
2010.11.19 14:26:21.601,0.83444,0.83451,1.50,4.00
2010.11.19 14:26:25.807,0.83444,0.83451,1.50,4.00
2010.11.19 14:26:29.088,0.83443,0.83451,2.30,3.00
2010.11.19 14:26:40.158,0.83442,0.83451,3.00,2.30
2010.11.19 14:26:42.575,0.83442,0.8345,3.00,1.50
2010.11.19 14:26:54.553,0.83441,0.8345,2.50,4.00
2010.11.19 14:26:58.284,0.83442,0.8345,1.50,4.00
2010.11.19 14:27:00.717,0.8344,0.8345,4.00,6.20
2010.11.19 14:27:03.506,0.8344,0.8345,4.00,5.50
2010.11.19 14:27:07.536,0.83441,0.8345,2.50,4.00
2010.11.19 14:27:10.448,0.83441,0.8345,2.50,4.00
2010.11.19 14:27:13.235,0.83441,0.8345,2.50,4.00
2010.11.19 14:27:31.024,0.83442,0.8345,1.50,4.00
2010.11.19 14:27:33.979,0.83446,0.83453,2.30,1.20
2010.11.19 14:27:40.692,0.83442,0.8345,1.50,4.00
2010.11.19 14:27:42.736,0.83441,0.8345,3.20,3.20
2010.11.19 14:27:55.136,0.83441,0.8345,3.20,3.20
2010.11.19 14:28:00.653,0.83441,0.8345,2.50,4.00
2010.11.19 14:28:04.785,0.83441,0.8345,3.20,3.20
2010.11.19 14:28:08.277,0.83442,0.8345,2.30,3.20
2010.11.19 14:28:15.209,0.83443,0.8345,1.70,2.30
2010.11.19 14:28:17.982,0.83445,0.83452,2.30,1.50
2010.11.19 14:28:21.805,0.8345,0.83456,3.20,1.50
2010.11.19 14:28:24.091,0.83445,0.83454,1.50,1.50
2010.11.19 14:28:32.278,0.83446,0.83456,5.30,1.50
2010.11.19 14:28:37.120,0.8345,0.83457,3.80,1.70
2010.11.19 14:28:39.347,0.83447,0.83455,1.50,1.50
2010.11.19 14:28:42.399,0.83446,0.83453,2.30,1.20
2010.11.19 14:28:45.351,0.83445,0.8345,1.50,1.70
2010.11.19 14:28:48.040,0.83443,0.8345,1.50,2.50
2010.11.19 14:28:51.115,0.83443,0.8345,1.50,3.20
2010.11.19 14:28:57.225,0.8344,0.83447,3.20,1.50
2010.11.19 14:28:59.583,0.8344,0.83446,2.50,1.50
2010.11.19 14:29:01.716,0.83437,0.83444,21.80,5.30
2010.11.19 14:29:02.811,0.83432,0.8344,2.30,2.50
2010.11.19 14:29:05.263,0.8344,0.83445,2.50,2.30
2010.11.19 14:29:08.205,0.83435,0.83446,4.50,2.30
2010.11.19 14:29:11.509,0.83435,0.83444,1.50,1.50
2010.11.19 14:29:19.114,0.83435,0.83444,1.70,2.30
2010.11.19 14:29:22.266,0.83435,0.83444,2.30,2.30
2010.11.19 14:29:41.939,0.83435,0.83444,3.00,1.50
2010.11.19 14:29:45.696,0.8344,0.83447,3.20,1.50
2010.11.19 14:29:52.392,0.83438,0.83446,3.00,2.50
2010.11.19 14:29:58.325,0.83434,0.83445,4.80,1.50
2010.11.19 14:30:01.198,0.83433,0.83443,3.80,2.70
2010.11.19 14:30:06.293,0.83421,0.8343,2.30,3.20
2010.11.19 14:30:10.449,0.83422,0.8343,2.30,2.50
2010.11.19 14:30:14.255,0.83423,0.8343,1.50,3.20
2010.11.19 14:30:21.693,0.83423,0.8343,1.50,3.20
2010.11.19 14:30:27.725,0.83423,0.8343,1.50,3.20
2010.11.19 14:30:32.906,0.8342,0.83429,4.00,1.50
2010.11.19 14:30:39.618,0.83423,0.8343,2.30,2.50
2010.11.19 14:30:44.025,0.83422,0.8343,2.30,3.20
2010.11.19 14:30:52.094,0.83423,0.8343,1.50,3.20
2010.11.19 14:30:52.632,0.83428,0.83433,1.50,9.20
2010.11.19 14:30:59.641,0.83426,0.83436,1.50,3.00
2010.11.19 14:31:01.707,0.83425,0.83436,1.50,3.80
2010.11.19 14:31:05.198,0.83427,0.83434,1.50,1.50
2010.11.19 14:31:07.993,0.83425,0.83434,1.50,1.50
2010.11.19 14:31:10.420,0.83426,0.83435,1.50,1.50
2010.11.19 14:31:15.064,0.83426,0.83435,1.50,1.50
2010.11.19 14:31:27.816,0.83428,0.83435,2.50,1.50
2010.11.19 14:31:30.956,0.8343,0.83435,2.50,1.50
2010.11.19 14:32:16.429,0.8343,0.83439,3.20,2.30
2010.11.19 14:32:18.717,0.83432,0.8344,1.50,3.20
2010.11.19 14:32:20.804,0.8343,0.8344,5.50,3.20
2010.11.19 14:32:23.868,0.83432,0.8344,1.50,3.20
2010.11.19 14:32:30.286,0.83431,0.8344,2.50,3.20
2010.11.19 14:32:36.461,0.83433,0.8344,1.50,3.00
2010.11.19 14:32:39.726,0.83431,0.8344,2.30,3.00
2010.11.19 14:32:47.124,0.8343,0.83437,3.80,1.50
2010.11.19 14:32:53.241,0.83426,0.83434,15.80,1.70
2010.11.19 14:32:55.648,0.83421,0.8343,1.70,3.20
2010.11.19 14:32:59.365,0.83423,0.8343,1.50,2.50
2010.11.19 14:33:01.434,0.83426,0.83436,2.30,1.50
2010.11.19 14:33:03.612,0.83426,0.83436,1.50,1.50
2010.11.19 14:33:06.634,0.83426,0.83435,1.50,1.50
2010.11.19 14:33:09.586,0.83424,0.83431,2.30,1.50
2010.11.19 14:33:15.386,0.83424,0.8343,4.00,1.50
2010.11.19 14:33:18.929,0.83425,0.83435,1.50,1.50
2010.11.19 14:33:22.876,0.83424,0.83435,3.00,1.50
2010.11.19 14:33:25.668,0.83426,0.83435,1.50,1.50
2010.11.19 14:33:28.054,0.83425,0.83435,1.50,1.50
2010.11.19 14:33:30.472,0.83424,0.83435,3.00,1.50
2010.11.19 14:33:38.267,0.83425,0.83435,1.50,1.50
2010.11.19 14:33:46.740,0.83424,0.83433,2.30,1.70
2010.11.19 14:33:47.289,0.8343,0.83435,1.50,3.80
2010.11.19 14:33:49.495,0.83426,0.83436,1.70,2.30
2010.11.19 14:33:52.156,0.83424,0.83434,3.00,1.50
2010.11.19 14:33:54.188,0.8343,0.83437,1.50,1.50
2010.11.19 14:33:59.610,0.83431,0.83439,1.50,1.70
2010.11.19 14:34:04.112,0.83428,0.83438,6.20,1.50
2010.11.19 14:34:07.657,0.83429,0.83436,1.50,2.30
2010.11.19 14:34:16.170,0.83423,0.83433,3.00,4.70
2010.11.19 14:34:18.456,0.83424,0.83435,3.00,1.50
2010.11.19 14:34:21.191,0.83425,0.83435,1.50,1.50
2010.11.19 14:34:29.583,0.83423,0.83433,3.60,1.50
2010.11.19 14:34:32.296,0.83425,0.83435,3.00,1.50
2010.11.19 14:34:34.445,0.83423,0.8343,1.50,2.50
2010.11.19 14:34:39.301,0.83422,0.8343,2.30,3.20
2010.11.19 14:34:49.066,0.83422,0.8343,2.30,3.20
2010.11.19 14:34:52.004,0.83423,0.8343,2.30,2.50
2010.11.19 14:34:56.447,0.83424,0.8343,2.30,2.50
2010.11.19 14:35:01.579,0.8343,0.83436,1.50,1.50
2010.11.19 14:35:04.005,0.8343,0.83435,2.30,1.70
2010.11.19 14:35:06.442,0.83426,0.83436,1.50,2.50
2010.11.19 14:35:08.510,0.8343,0.83439,1.50,2.30
2010.11.19 14:35:10.729,0.83426,0.83435,2.30,1.50
2010.11.19 14:35:13.091,0.8343,0.83439,2.50,1.50
2010.11.19 14:35:16.232,0.8343,0.83437,2.50,1.50
2010.11.19 14:35:18.454,0.83425,0.83435,2.30,1.50
2010.11.19 14:35:20.661,0.83424,0.83435,3.00,1.50
2010.11.19 14:35:27.356,0.83425,0.83435,1.50,1.50
2010.11.19 14:35:29.721,0.83426,0.83433,1.50,1.50
2010.11.19 14:35:32.393,0.83427,0.83431,3.00,1.50
2010.11.19 14:35:34.558,0.83423,0.8343,1.50,2.50
2010.11.19 14:35:36.668,0.83424,0.8343,2.50,2.30
2010.11.19 14:35:41.105,0.83427,0.83434,1.50,1.50
2010.11.19 14:35:43.616,0.83426,0.8343,1.50,2.30
2010.11.19 14:35:45.969,0.83423,0.8343,1.50,4.00
2010.11.19 14:35:49.283,0.83422,0.8343,1.50,4.70
2010.11.19 14:35:52.034,0.83423,0.8343,1.50,4.70
2010.11.19 14:35:54.155,0.8342,0.8343,4.70,4.70
2010.11.19 14:35:56.286,0.83424,0.8343,1.50,2.30
2010.11.19 14:35:59.659,0.83424,0.8343,1.50,2.50
2010.11.19 14:36:01.879,0.83424,0.83434,1.70,1.50
2010.11.19 14:36:04.620,0.83425,0.83434,1.50,1.50
2010.11.19 14:36:06.642,0.83425,0.83434,2.30,1.50
2010.11.19 14:36:11.237,0.83425,0.8343,1.50,1.50
2010.11.19 14:36:13.594,0.83423,0.8343,3.00,3.20
2010.11.19 14:36:19.652,0.83423,0.8343,1.50,3.20
2010.11.19 14:36:21.088,0.8341,0.8342,29.20,2.50
2010.11.19 14:36:26.285,0.8342,0.83427,1.70,1.50
2010.11.19 14:36:27.463,0.8343,0.83434,1.50,3.00
2010.11.19 14:36:30.670,0.83425,0.83435,3.00,1.50
2010.11.19 14:36:34.551,0.83424,0.8343,1.50,3.20
2010.11.19 14:36:37.476,0.83423,0.8343,1.50,3.20
2010.11.19 14:36:39.581,0.83422,0.8343,2.30,3.20
2010.11.19 14:36:47.576,0.83421,0.83429,2.30,1.70
2010.11.19 14:36:51.145,0.8342,0.83429,4.70,1.70
2010.11.19 14:36:53.935,0.83422,0.8343,1.50,4.00
2010.11.19 14:36:56.929,0.83426,0.83436,1.50,2.30
2010.11.19 14:37:00.935,0.83424,0.83434,3.20,1.50
2010.11.19 14:37:05.690,0.83425,0.83434,1.50,1.50
2010.11.19 14:37:08.213,0.83423,0.83432,3.00,1.20
2010.11.19 14:37:10.575,0.83421,0.8343,3.00,3.20
2010.11.19 14:37:15.469,0.83421,0.8343,2.30,4.00
2010.11.19 14:37:17.647,0.83416,0.83426,2.30,1.50
2010.11.19 14:37:25.346,0.83414,0.83426,4.00,3.80
2010.11.19 14:37:34.688,0.83411,0.83418,2.30,1.50
2010.11.19 14:37:39.065,0.83412,0.83419,3.00,1.70
2010.11.19 14:37:46.666,0.83411,0.83419,1.50,1.70
2010.11.19 14:37:49.346,0.83413,0.8342,1.90,2.50
2010.11.19 14:38:05.805,0.83411,0.8342,2.30,4.00
2010.11.19 14:38:10.345,0.8341,0.8342,4.70,5.50
2010.11.19 14:38:11.687,0.83404,0.83411,25.00,1.70
2010.11.19 14:38:14.306,0.83412,0.8342,1.50,4.00
2010.11.19 14:38:16.329,0.83409,0.83419,1.50,1.50
2010.11.19 14:38:18.616,0.83412,0.8342,1.90,1.50
2010.11.19 14:38:22.537,0.83413,0.8342,1.20,1.50
2010.11.19 14:38:24.938,0.83413,0.8342,2.30,1.50
2010.11.19 14:38:26.947,0.83413,0.8342,2.30,1.50
2010.11.19 14:38:28.945,0.83414,0.8342,1.50,1.70
2010.11.19 14:38:33.689,0.83415,0.83424,1.50,1.50
2010.11.19 14:38:34.236,0.83419,0.83426,2.30,2.30
2010.11.19 14:38:41.841,0.83419,0.83428,4.00,2.30
2010.11.19 14:38:42.849,0.83426,0.83431,4.20,18.40
2010.11.19 14:38:44.939,0.8343,0.83435,1.50,1.50
2010.11.19 14:38:46.728,0.83422,0.83427,5.90,1.20
2010.11.19 14:38:46.962,0.83418,0.83426,1.50,1.50
2010.11.19 14:38:49.085,0.83413,0.8342,1.50,1.70
2010.11.19 14:38:51.176,0.83413,0.8342,1.50,1.50
2010.11.19 14:38:53.308,0.83413,0.8342,1.50,1.70
2010.11.19 14:38:55.569,0.83414,0.83419,1.70,1.50
2010.11.19 14:38:59.767,0.83413,0.83422,2.40,2.10
2010.11.19 14:39:08.092,0.83413,0.8342,1.50,4.00
2010.11.19 14:39:12.565,0.83414,0.8342,1.50,4.00
2010.11.19 14:39:13.764,0.83407,0.83417,3.00,3.20
2010.11.19 14:39:20.206,0.8341,0.83416,1.50,1.70
2010.11.19 14:39:26.838,0.83411,0.83419,1.50,3.20
2010.11.19 14:39:28.846,0.83412,0.83421,1.50,1.70
2010.11.19 14:39:33.927,0.83418,0.83424,2.10,1.50
2010.11.19 14:39:36.295,0.8342,0.83428,2.50,1.50
2010.11.19 14:39:38.493,0.83426,0.83434,2.30,1.50
2010.11.19 14:39:42.946,0.83431,0.83437,1.50,1.50
2010.11.19 14:39:51.617,0.8343,0.83438,4.00,1.50
2010.11.19 14:39:54.379,0.83431,0.83437,1.50,1.50
2010.11.19 14:39:57.352,0.8343,0.83437,2.30,1.50
2010.11.19 14:40:06.803,0.8343,0.83438,2.50,1.50
2010.11.19 14:40:11.845,0.83431,0.83439,1.50,1.70
2010.11.19 14:40:14.378,0.8343,0.83437,2.30,1.70
2010.11.19 14:40:16.446,0.83424,0.8343,2.30,2.30
2010.11.19 14:40:19.617,0.83424,0.8343,4.00,2.30
2010.11.19 14:40:21.706,0.83425,0.83434,1.50,1.50
2010.11.19 14:40:28.508,0.83436,0.83446,1.50,1.50
2010.11.19 14:40:30.866,0.83436,0.83446,1.50,3.00
2010.11.19 14:40:33.673,0.83433,0.83442,3.00,3.20
2010.11.19 14:40:37.666,0.83433,0.8344,1.50,3.20
2010.11.19 14:40:40.140,0.83434,0.8344,1.50,3.20
2010.11.19 14:40:42.871,0.83435,0.8344,1.50,3.20
2010.11.19 14:40:46.908,0.83433,0.8344,1.50,3.20
2010.11.19 14:40:50.160,0.83434,0.83443,2.50,2.30
2010.11.19 14:40:52.869,0.83435,0.83443,1.50,1.50
2010.11.19 14:40:55.678,0.83433,0.8344,4.50,1.50
2010.11.19 14:40:57.935,0.83439,0.83444,2.50,6.00
2010.11.19 14:41:04.216,0.83438,0.83444,2.30,5.10
2010.11.19 14:41:07.708,0.83439,0.83444,2.30,1.20
2010.11.19 14:41:10.201,0.8344,0.83447,2.30,1.50
2010.11.19 14:41:16.369,0.83434,0.83441,3.20,2.30
2010.11.19 14:41:18.829,0.83435,0.8344,1.50,1.70
2010.11.19 14:41:21.434,0.83434,0.8344,2.30,1.70
2010.11.19 14:41:24.870,0.83434,0.83441,4.00,1.50
2010.11.19 14:41:26.877,0.83433,0.83441,1.50,4.00
2010.11.19 14:41:29.049,0.83433,0.8344,1.50,1.70
2010.11.19 14:41:31.888,0.83433,0.8344,1.50,1.70
2010.11.19 14:41:36.526,0.83431,0.8344,4.50,1.70
2010.11.19 14:41:42.023,0.83434,0.8344,1.50,1.70
2010.11.19 14:41:44.497,0.83431,0.83438,1.50,1.90
2010.11.19 14:41:46.906,0.8343,0.83439,3.20,2.50
2010.11.19 14:41:49.089,0.8343,0.83438,3.20,1.50
2010.11.19 14:41:51.189,0.83422,0.83433,32.50,1.40
2010.11.19 14:41:51.752,0.83422,0.8343,4.90,2.50
2010.11.19 14:41:53.888,0.83425,0.83435,1.50,1.50
2010.11.19 14:41:56.745,0.83426,0.8343,1.50,1.50
2010.11.19 14:41:58.808,0.8342,0.83426,4.50,1.70
2010.11.19 14:42:01.656,0.83416,0.83425,2.30,1.50
2010.11.19 14:42:05.806,0.83419,0.83427,4.70,1.50
2010.11.19 14:42:07.999,0.8342,0.83428,1.70,1.50
2010.11.19 14:42:13.401,0.8342,0.8343,4.00,4.70
2010.11.19 14:42:15.948,0.83423,0.8343,1.50,4.00
2010.11.19 14:42:19.253,0.83422,0.8343,1.50,4.00
2010.11.19 14:42:22.642,0.83421,0.8343,2.30,4.00
2010.11.19 14:42:33.258,0.83422,0.8343,1.50,4.00
2010.11.19 14:42:35.296,0.83423,0.8343,1.50,4.00
2010.11.19 14:42:37.642,0.83423,0.8343,1.50,4.00
2010.11.19 14:42:40.928,0.83422,0.8343,1.50,4.00
2010.11.19 14:42:45.562,0.83421,0.8343,2.30,4.00
2010.11.19 14:42:48.774,0.83422,0.8343,1.50,4.00
2010.11.19 14:42:51.322,0.83423,0.8343,1.50,4.00
2010.11.19 14:42:53.922,0.83421,0.8343,1.50,4.70
2010.11.19 14:42:55.789,0.83413,0.83421,12.80,1.70
2010.11.19 14:42:56.147,0.8342,0.83427,1.70,3.80
2010.11.19 14:42:58.390,0.83415,0.83426,2.30,2.30
2010.11.19 14:43:00.486,0.8342,0.83428,3.00,1.50
2010.11.19 14:43:00.612,0.83415,0.8342,2.30,1.50
2010.11.19 14:43:04.713,0.83417,0.83422,2.30,1.40
2010.11.19 14:43:07.493,0.83415,0.8342,1.50,2.50
2010.11.19 14:43:07.833,0.8342,0.83424,1.70,11.50
2010.11.19 14:43:10.410,0.83419,0.83427,1.50,1.50
2010.11.19 14:43:15.114,0.83421,0.8343,1.50,3.20
2010.11.19 14:43:19.318,0.8342,0.8343,4.00,3.20
2010.11.19 14:43:24.350,0.83422,0.8343,1.50,3.20
2010.11.19 14:43:28.751,0.8342,0.8343,4.00,3.20
2010.11.19 14:43:33.316,0.83422,0.8343,1.50,4.00
2010.11.19 14:43:37.132,0.83421,0.8343,2.30,4.00
2010.11.19 14:43:39.137,0.83423,0.8343,1.50,2.50
2010.11.19 14:43:44.096,0.83422,0.8343,1.50,1.70
2010.11.19 14:43:44.828,0.83426,0.83433,4.50,14.70
2010.11.19 14:43:46.890,0.83425,0.8343,2.30,2.50
2010.11.19 14:43:51.178,0.83424,0.8343,2.30,2.50
2010.11.19 14:43:54.388,0.83426,0.83433,2.30,2.30
2010.11.19 14:43:59.035,0.83426,0.83436,3.00,1.50
2010.11.19 14:44:01.352,0.83425,0.83433,1.50,1.50
2010.11.19 14:44:03.678,0.83426,0.83433,1.50,1.50
2010.11.19 14:44:05.981,0.83424,0.83433,2.30,1.50
2010.11.19 14:44:09.658,0.83424,0.83433,1.50,1.50
2010.11.19 14:44:12.905,0.83427,0.83436,1.50,1.50
2010.11.19 14:44:16.019,0.8343,0.83436,2.30,1.50
2010.11.19 14:44:18.249,0.83434,0.83441,1.70,1.50
2010.11.19 14:44:20.032,0.83434,0.83443,3.00,1.70
2010.11.19 14:44:20.153,0.83435,0.8344,1.50,1.50
2010.11.19 14:44:23.060,0.83433,0.8344,1.50,2.50
2010.11.19 14:44:28.507,0.83435,0.8344,1.50,2.50
2010.11.19 14:44:31.975,0.83435,0.8344,1.50,2.50
2010.11.19 14:44:37.585,0.83434,0.8344,1.50,2.50
2010.11.19 14:44:39.986,0.83433,0.83442,2.40,3.20
2010.11.19 14:44:42.270,0.83433,0.83438,2.30,1.50
2010.11.19 14:44:48.072,0.83434,0.83438,1.50,1.50
2010.11.19 14:44:51.576,0.83428,0.83436,1.40,1.50
2010.11.19 14:44:54.378,0.83434,0.83438,1.50,1.50
2010.11.19 14:44:56.736,0.83429,0.83436,1.50,2.30
2010.11.19 14:44:59.877,0.8343,0.83438,2.50,3.00
2010.11.19 14:45:02.012,0.83434,0.83438,1.50,1.50
2010.11.19 14:45:05.485,0.83433,0.83439,1.50,2.50
2010.11.19 14:45:06.661,0.83441,0.83446,1.50,1.50
2010.11.19 14:45:09.068,0.83442,0.83448,1.50,1.50
2010.11.19 14:45:11.108,0.83441,0.83448,1.50,1.50
2010.11.19 14:45:14.604,0.83435,0.83444,1.50,1.50
2010.11.19 14:45:18.248,0.83434,0.83444,3.20,1.50
2010.11.19 14:45:20.656,0.83434,0.83444,3.20,1.50
2010.11.19 14:45:22.724,0.8344,0.83447,1.50,2.30
2010.11.19 14:45:25.045,0.83437,0.83446,1.50,1.50
2010.11.19 14:45:27.148,0.83438,0.83445,1.50,1.70
2010.11.19 14:45:29.316,0.83435,0.8344,1.50,1.70
2010.11.19 14:45:31.786,0.83433,0.8344,2.30,2.50
2010.11.19 14:45:34.864,0.83429,0.83436,1.50,1.70
2010.11.19 14:45:38.080,0.83425,0.8343,1.50,1.70
2010.11.19 14:45:40.529,0.83423,0.8343,1.50,2.50
2010.11.19 14:45:42.739,0.83422,0.8343,1.50,2.50
2010.11.19 14:45:45.496,0.83421,0.8343,2.30,2.50
2010.11.19 14:45:47.610,0.83424,0.8343,1.50,1.70
2010.11.19 14:45:49.936,0.83424,0.8343,1.50,2.30
2010.11.19 14:45:53.250,0.83425,0.8343,1.50,2.50
2010.11.19 14:45:54.075,0.8343,0.83434,1.50,1.70
2010.11.19 14:45:56.196,0.83427,0.83436,1.20,1.50
2010.11.19 14:45:59.065,0.8343,0.83436,1.50,2.30
2010.11.19 14:46:03.016,0.83428,0.83435,1.50,1.50
2010.11.19 14:46:10.594,0.83432,0.83439,1.50,1.70
2010.11.19 14:46:15.914,0.83431,0.83439,1.50,1.70
2010.11.19 14:46:19.065,0.8343,0.83439,4.00,1.70
2010.11.19 14:46:23.435,0.83431,0.83439,1.50,1.70
2010.11.19 14:46:27.475,0.83432,0.83439,1.50,1.70
2010.11.19 14:46:30.113,0.83433,0.83439,1.50,1.70
2010.11.19 14:46:34.194,0.83431,0.83439,1.50,1.70
2010.11.19 14:46:40.135,0.83431,0.83439,1.50,1.70
2010.11.19 14:46:44.514,0.83431,0.8344,1.50,4.00
2010.11.19 14:46:50.533,0.83433,0.8344,1.50,4.00
2010.11.19 14:46:53.086,0.8343,0.8344,4.70,4.00
2010.11.19 14:46:56.303,0.83432,0.83439,1.50,1.70
2010.11.19 14:46:59.208,0.83432,0.83439,1.50,1.70
2010.11.19 14:47:01.709,0.83433,0.83439,1.50,1.70
2010.11.19 14:47:05.288,0.83431,0.83439,1.50,1.50
2010.11.19 14:47:07.294,0.83431,0.83439,1.50,1.50
2010.11.19 14:47:09.344,0.83431,0.8344,1.50,2.30
2010.11.19 14:47:13.108,0.83432,0.8344,2.30,2.30
2010.11.19 14:47:19.873,0.83433,0.8344,1.50,2.30
2010.11.19 14:47:24.689,0.83434,0.8344,1.50,3.00
2010.11.19 14:47:27.081,0.83425,0.83432,3.00,2.10
2010.11.19 14:47:29.496,0.83427,0.83436,1.50,2.50
2010.11.19 14:47:32.654,0.83428,0.83436,1.50,1.50
2010.11.19 14:47:35.021,0.83433,0.83437,1.50,2.30
2010.11.19 14:47:37.187,0.83433,0.83437,1.50,1.50
2010.11.19 14:47:39.610,0.8343,0.83436,3.00,1.70
2010.11.19 14:47:42.446,0.8343,0.83437,1.70,1.50
2010.11.19 14:47:44.806,0.83432,0.83437,1.50,1.50
2010.11.19 14:47:47.064,0.83428,0.83436,2.50,1.50
2010.11.19 14:47:49.541,0.83428,0.83436,2.30,1.70
2010.11.19 14:47:51.901,0.83433,0.83437,1.50,1.50
2010.11.19 14:47:54.190,0.83429,0.83436,1.50,1.70
2010.11.19 14:47:56.844,0.83432,0.83437,1.50,1.50
2010.11.19 14:47:58.996,0.83433,0.8344,1.50,4.00
2010.11.19 14:48:01.186,0.8343,0.83437,1.50,1.70
2010.11.19 14:48:03.519,0.83432,0.83437,1.50,1.50
2010.11.19 14:48:07.966,0.83435,0.8344,1.50,3.20
2010.11.19 14:48:11.914,0.83434,0.8344,1.50,3.20
2010.11.19 14:48:15.998,0.83434,0.8344,1.50,3.20
2010.11.19 14:48:21.692,0.83435,0.8344,1.50,2.50
2010.11.19 14:48:24.208,0.83436,0.8344,1.50,2.50
2010.11.19 14:48:29.066,0.83436,0.8344,1.50,2.50
2010.11.19 14:48:32.216,0.83435,0.8344,1.50,2.50
2010.11.19 14:48:34.316,0.83442,0.83448,1.50,1.50
2010.11.19 14:48:39.163,0.83438,0.83446,3.00,1.70
2010.11.19 14:48:43.455,0.83436,0.83445,1.50,1.50
2010.11.19 14:48:45.978,0.8344,0.83447,1.70,1.50
2010.11.19 14:48:49.125,0.83441,0.83448,1.50,1.50
2010.11.19 14:48:52.752,0.8344,0.83448,2.50,1.50
2010.11.19 14:48:55.067,0.83441,0.83448,1.50,1.50
2010.11.19 14:48:58.388,0.83441,0.83448,1.50,1.50
2010.11.19 14:49:00.773,0.8344,0.83448,4.00,1.50
2010.11.19 14:49:04.987,0.8344,0.83448,4.00,1.50
2010.11.19 14:49:08.227,0.8344,0.83448,4.00,1.50
2010.11.19 14:49:16.709,0.83442,0.8345,1.50,2.50
2010.11.19 14:49:28.267,0.83441,0.8345,1.50,2.50
2010.11.19 14:49:30.555,0.83441,0.8345,3.00,2.50
2010.11.19 14:49:40.876,0.83442,0.8345,2.30,1.70
2010.11.19 14:49:46.475,0.83441,0.8345,2.30,1.50
2010.11.19 14:49:57.725,0.83441,0.83449,3.00,1.50
2010.11.19 14:50:18.549,0.83442,0.83449,1.50,1.50
2010.11.19 14:50:20.685,0.83442,0.83449,1.50,1.50
2010.11.19 14:50:23.268,0.83442,0.8345,1.50,1.50
2010.11.19 14:50:26.667,0.83441,0.8345,2.30,1.50
2010.11.19 14:50:29.064,0.83441,0.83449,2.50,1.50
2010.11.19 14:50:32.453,0.83441,0.83449,2.50,1.50
2010.11.19 14:50:36.783,0.83444,0.8345,1.40,2.50
2010.11.19 14:50:40.824,0.83442,0.8345,3.20,2.50
2010.11.19 14:50:43.780,0.83442,0.8345,3.00,2.50
2010.11.19 14:50:51.665,0.83443,0.8345,3.00,3.20
2010.11.19 14:50:59.589,0.8344,0.83447,3.20,1.50
2010.11.19 14:51:01.882,0.8344,0.83449,4.00,1.70
2010.11.19 14:51:03.501,0.83435,0.83443,1.70,1.50
2010.11.19 14:51:04.910,0.83436,0.8344,2.30,1.50
2010.11.19 14:51:08.148,0.83439,0.83448,2.30,1.50
2010.11.19 14:51:11.527,0.83441,0.8345,1.50,5.50
2010.11.19 14:51:15.417,0.8344,0.83448,3.20,1.50
2010.11.19 14:51:20.115,0.8344,0.83449,2.50,3.20
2010.11.19 14:51:23.504,0.83434,0.8344,1.50,2.50
2010.11.19 14:51:25.877,0.83437,0.83446,1.50,3.20
2010.11.19 14:51:27.877,0.8344,0.8345,3.20,4.70
2010.11.19 14:51:31.676,0.8344,0.8345,4.00,3.20
2010.11.19 14:51:39.678,0.83441,0.8345,1.50,4.00
2010.11.19 14:51:42.206,0.83444,0.8345,1.70,1.50
2010.11.19 14:51:51.428,0.8345,0.83459,4.00,1.70
2010.11.19 14:51:55.157,0.83449,0.83459,4.70,4.00
2010.11.19 14:52:22.145,0.83445,0.83452,2.30,5.10
2010.11.19 14:52:27.305,0.83449,0.83456,3.00,1.50
2010.11.19 14:52:35.055,0.83448,0.83457,1.50,1.50
2010.11.19 14:52:37.604,0.83452,0.83459,1.50,2.30
2010.11.19 14:52:41.246,0.83447,0.83456,1.50,1.70
2010.11.19 14:52:43.324,0.83449,0.83457,1.50,1.70
2010.11.19 14:52:45.510,0.83446,0.83456,3.00,1.50
2010.11.19 14:52:49.855,0.83447,0.83456,1.50,1.50
2010.11.19 14:52:54.944,0.83449,0.83458,3.00,2.30
2010.11.19 14:52:57.576,0.83452,0.83459,1.50,3.00
2010.11.19 14:53:00.256,0.83453,0.83461,2.40,4.00
2010.11.19 14:53:02.574,0.83453,0.8346,1.50,1.70
2010.11.19 14:53:05.241,0.83452,0.8346,2.60,2.50
2010.11.19 14:53:11.508,0.83451,0.8346,2.40,1.70
2010.11.19 14:53:13.784,0.83452,0.8346,3.20,2.50
2010.11.19 14:53:14.611,0.8346,0.83468,1.70,1.50
2010.11.19 14:53:16.976,0.83464,0.83474,1.70,1.50
2010.11.19 14:53:20.530,0.83465,0.83476,1.50,2.30
2010.11.19 14:53:26.723,0.83465,0.83475,1.50,1.70
2010.11.19 14:53:29.164,0.83463,0.8347,1.50,4.00
2010.11.19 14:53:31.166,0.83462,0.8347,2.30,4.00
2010.11.19 14:53:33.906,0.83464,0.8347,2.30,3.20
2010.11.19 14:53:36.678,0.83465,0.8347,1.50,3.20
2010.11.19 14:53:38.748,0.83463,0.8347,3.00,2.50
2010.11.19 14:53:41.303,0.83464,0.8347,3.20,1.50
2010.11.19 14:53:49.499,0.83464,0.83473,3.20,4.50
2010.11.19 14:53:54.564,0.83466,0.83476,2.30,1.50
2010.11.19 14:53:58.516,0.83462,0.8347,3.00,2.50
2010.11.19 14:53:59.363,0.8347,0.83474,1.70,7.50
2010.11.19 14:53:59.602,0.8347,0.83479,2.50,2.50
2010.11.19 14:54:02.648,0.8347,0.83478,3.20,3.00
2010.11.19 14:54:04.852,0.83466,0.8347,18.60,1.50
2010.11.19 14:54:06.900,0.83467,0.83476,3.00,1.70
2010.11.19 14:54:09.083,0.83466,0.83475,3.00,1.50
2010.11.19 14:54:09.433,0.83464,0.83468,3.80,1.50
2010.11.19 14:54:14.058,0.83462,0.8347,1.50,1.70
2010.11.19 14:54:14.829,0.83455,0.83461,11.30,1.70
2010.11.19 14:54:17.408,0.8346,0.83464,1.70,6.80
2010.11.19 14:54:23.131,0.83462,0.8347,1.50,4.00
2010.11.19 14:54:27.035,0.83462,0.8347,1.50,4.00
2010.11.19 14:54:30.379,0.83461,0.8347,3.20,3.20
2010.11.19 14:54:32.847,0.83464,0.8347,1.50,3.20
2010.11.19 14:54:36.583,0.83461,0.8347,3.00,3.20
2010.11.19 14:54:38.934,0.83457,0.83467,1.70,1.50
2010.11.19 14:54:42.003,0.83464,0.8347,1.70,3.80
2010.11.19 14:54:44.561,0.83464,0.8347,1.70,3.80
2010.11.19 14:54:46.949,0.83462,0.8347,1.50,2.50
2010.11.19 14:54:50.487,0.83462,0.8347,1.50,2.50
2010.11.19 14:54:52.604,0.83458,0.83466,4.50,1.70
2010.11.19 14:54:57.831,0.83459,0.83467,2.30,1.70
2010.11.19 14:55:01.590,0.8346,0.83469,3.20,6.80
2010.11.19 14:55:04.686,0.83459,0.8347,1.50,4.50
2010.11.19 14:55:05.626,0.8347,0.83474,2.50,3.00
2010.11.19 14:55:05.742,0.83472,0.8348,2.30,1.50
2010.11.19 14:55:05.968,0.83479,0.83485,1.50,11.10
2010.11.19 14:55:06.517,0.8348,0.83488,3.20,1.90
2010.11.19 14:55:07.518,0.83473,0.83481,53.10,1.70
2010.11.19 14:55:09.064,0.8348,0.83488,1.70,1.50
2010.11.19 14:55:12.181,0.83481,0.8349,2.50,3.20
2010.11.19 14:55:14.434,0.83483,0.83488,1.50,1.50
2010.11.19 14:55:16.464,0.83487,0.83496,1.50,3.80
2010.11.19 14:55:19.101,0.83494,0.835,2.30,3.00
2010.11.19 14:55:20.171,0.835,0.83506,1.70,2.30
2010.11.19 14:55:22.978,0.83496,0.83506,3.00,1.50
2010.11.19 14:55:25.129,0.83494,0.83502,2.30,1.70
2010.11.19 14:55:28.242,0.83489,0.83498,1.50,2.50
2010.11.19 14:55:28.589,0.8349,0.83499,1.50,1.50
2010.11.19 14:55:31.400,0.83489,0.83498,1.50,1.70
2010.11.19 14:55:34.180,0.83489,0.83496,1.50,1.50
2010.11.19 14:55:36.614,0.83488,0.83496,1.50,1.50
2010.11.19 14:55:37.748,0.83478,0.83489,2.30,7.00
2010.11.19 14:55:39.835,0.83476,0.83486,1.50,2.30
2010.11.19 14:55:42.568,0.83477,0.83486,1.70,1.50
2010.11.19 14:55:48.194,0.83483,0.83493,1.70,2.30
2010.11.19 14:55:51.155,0.83483,0.83493,1.70,1.50
2010.11.19 14:55:53.262,0.83483,0.83494,1.70,3.00
2010.11.19 14:55:57.898,0.83482,0.83494,2.30,7.70
2010.11.19 14:56:01.973,0.83478,0.83487,1.40,2.30
2010.11.19 14:56:06.770,0.8348,0.83486,2.30,1.50
2010.11.19 14:56:11.880,0.83484,0.83493,2.30,1.50
2010.11.19 14:56:18.563,0.83484,0.83495,2.30,3.00
2010.11.19 14:56:21.041,0.83484,0.83493,2.30,1.50
2010.11.19 14:56:32.849,0.83484,0.83493,2.30,1.50
2010.11.19 14:56:40.395,0.83483,0.83493,3.60,2.30
2010.11.19 14:56:44.397,0.83484,0.83494,1.50,2.30
2010.11.19 14:56:46.454,0.83481,0.8349,1.50,1.50
2010.11.19 14:56:46.673,0.83478,0.83486,4.50,1.70
2010.11.19 14:56:48.942,0.83471,0.8348,1.50,2.50
2010.11.19 14:56:51.001,0.8347,0.83479,3.20,2.30
2010.11.19 14:56:55.232,0.8347,0.83479,4.00,2.30
2010.11.19 14:56:57.800,0.8348,0.83488,2.30,2.30
2010.11.19 14:57:00.189,0.83481,0.83486,2.30,1.70
2010.11.19 14:57:04.354,0.83474,0.83483,1.70,1.50
2010.11.19 14:57:10.702,0.83479,0.83485,1.70,12.10
2010.11.19 14:57:10.823,0.8348,0.83487,2.50,1.50
2010.11.19 14:57:13.093,0.83474,0.83485,3.20,2.30
2010.11.19 14:57:15.418,0.83474,0.83483,1.50,1.50
2010.11.19 14:57:17.660,0.83474,0.83486,1.50,3.00
2010.11.19 14:57:19.658,0.83475,0.83484,1.70,1.50
2010.11.19 14:57:25.228,0.83474,0.83486,1.70,1.50
2010.11.19 14:57:27.412,0.8348,0.83485,2.50,1.50
2010.11.19 14:57:29.772,0.83482,0.83488,1.90,1.50
2010.11.19 14:57:33.006,0.83484,0.83494,2.50,1.50
2010.11.19 14:57:36.447,0.83484,0.83491,2.50,1.50
2010.11.19 14:57:38.684,0.83484,0.83493,2.50,1.50
2010.11.19 14:57:40.767,0.83484,0.83494,2.50,2.70
2010.11.19 14:57:44.258,0.83484,0.83492,1.70,1.50
2010.11.19 14:57:49.128,0.83484,0.83494,1.70,4.90
2010.11.19 14:57:51.505,0.83484,0.83492,1.70,1.50
2010.11.19 14:57:54.209,0.83484,0.83494,1.70,3.40
2010.11.19 14:57:57.539,0.83482,0.83489,1.50,1.50
2010.11.19 14:58:00.059,0.8348,0.83488,2.50,2.30
2010.11.19 14:58:02.537,0.8348,0.83486,3.20,1.50
2010.11.19 14:58:05.668,0.8348,0.83486,3.20,1.50
2010.11.19 14:58:08.188,0.83481,0.83487,2.10,1.50
2010.11.19 14:58:12.112,0.8348,0.83485,1.50,1.70
2010.11.19 14:58:14.191,0.83475,0.8348,1.50,1.50
2010.11.19 14:58:17.808,0.8348,0.83484,1.70,1.50
2010.11.19 14:58:18.360,0.83474,0.83483,26.90,1.40
2010.11.19 14:58:20.420,0.83474,0.83482,5.70,1.20
2010.11.19 14:58:21.235,0.8348,0.83488,5.70,1.50
2010.11.19 14:58:24.070,0.83481,0.83488,1.70,1.50
2010.11.19 14:58:26.103,0.83482,0.83488,2.80,1.50
2010.11.19 14:58:28.109,0.83484,0.8349,1.50,4.00
2010.11.19 14:58:33.069,0.83484,0.8349,2.30,2.50
2010.11.19 14:58:35.820,0.83481,0.83489,2.30,1.70
2010.11.19 14:58:42.807,0.8348,0.83486,5.10,1.50
2010.11.19 14:58:45.537,0.8348,0.83486,2.50,1.50
2010.11.19 14:58:49.404,0.8348,0.83486,2.50,1.50
2010.11.19 14:58:53.062,0.8348,0.83486,2.50,1.50
2010.11.19 14:58:53.965,0.83473,0.8348,2.70,1.50
2010.11.19 14:59:00.779,0.83471,0.83478,1.50,1.50
2010.11.19 14:59:03.768,0.83471,0.83478,1.50,1.50
2010.11.19 14:59:06.066,0.8347,0.83479,5.10,1.70
2010.11.19 14:59:09.050,0.8347,0.83476,3.20,1.50
2010.11.19 14:59:12.242,0.8347,0.83477,3.00,3.20
2010.11.19 14:59:16.430,0.83465,0.83475,3.40,2.30
2010.11.19 14:59:19.183,0.83466,0.83475,1.90,2.30
2010.11.19 14:59:21.978,0.83466,0.83474,3.00,1.50
2010.11.19 14:59:25.540,0.8347,0.83475,1.90,1.50
2010.11.19 14:59:28.145,0.8347,0.83478,2.70,3.00
2010.11.19 14:59:30.828,0.8347,0.8348,5.90,5.50
2010.11.19 14:59:32.894,0.8348,0.83485,1.70,3.00
2010.11.19 14:59:35.089,0.83478,0.83486,4.20,1.70
2010.11.19 14:59:39.252,0.83482,0.83488,1.90,1.50
2010.11.19 14:59:41.256,0.83484,0.83493,3.60,1.50
2010.11.19 14:59:44.354,0.83484,0.83493,3.60,1.50
2010.11.19 14:59:46.926,0.8348,0.8349,2.50,6.60
2010.11.19 14:59:51.038,0.83481,0.8349,1.70,5.90
2010.11.19 14:59:54.860,0.83482,0.8349,1.50,5.90
2010.11.19 14:59:56.894,0.8349,0.83494,1.50,8.10
2010.11.19 14:59:59.047,0.83484,0.8349,2.70,2.30
