2015.01.07 17:00:00.391,1.19532,1.19537,1.10,1.12
2015.01.07 17:00:00.897,1.19533,1.19537,1.00,1.12
2015.01.07 17:00:01.403,1.19532,1.19537,1.10,1.12
2015.01.07 17:00:03.464,1.19531,1.19536,1.10,2.62
2015.01.07 17:00:03.818,1.19533,1.19537,1.00,1.50
2015.01.07 17:00:04.323,1.19533,1.19538,1.00,3.75
2015.01.07 17:00:04.828,1.19532,1.19538,1.57,3.00
2015.01.07 17:00:06.443,1.19533,1.19538,1.00,2.25
2015.01.07 17:00:06.979,1.19537,1.1954,1.12,1.50
2015.01.07 17:00:07.030,1.19542,1.19548,1.00,2.25
2015.01.07 17:00:07.081,1.19543,1.19548,1.00,2.25
2015.01.07 17:00:07.587,1.19542,1.19548,1.00,1.50
2015.01.07 17:00:08.195,1.19544,1.19548,1.00,2.25
2015.01.07 17:00:08.397,1.19542,1.19548,2.25,2.25
2015.01.07 17:00:08.651,1.19544,1.19548,1.00,2.25
2015.01.07 17:00:08.752,1.19542,1.19548,2.25,2.25
2015.01.07 17:00:08.853,1.19544,1.19548,1.00,2.25
2015.01.07 17:00:08.955,1.19542,1.19548,2.25,2.25
2015.01.07 17:00:09.207,1.19544,1.19548,1.00,2.25
2015.01.07 17:00:09.745,1.19542,1.19548,2.25,2.25
2015.01.07 17:00:10.300,1.19544,1.19548,1.00,2.25
2015.01.07 17:00:10.402,1.19542,1.19548,2.25,2.25
2015.01.07 17:00:10.857,1.19544,1.19548,1.00,2.25
2015.01.07 17:00:10.959,1.19542,1.19548,2.25,1.50
2015.01.07 17:00:11.597,1.19543,1.19548,1.00,2.85
2015.01.07 17:00:12.166,1.19544,1.19548,1.00,2.25
2015.01.07 17:00:12.469,1.19546,1.19548,1.00,1.12
2015.01.07 17:00:13.974,1.19545,1.19549,1.50,2.25
2015.01.07 17:00:15.092,1.19546,1.19549,1.00,2.25
2015.01.07 17:00:17.969,1.19545,1.19549,1.50,2.25
2015.01.07 17:00:19.175,1.19546,1.19549,1.00,2.25
2015.01.07 17:00:19.680,1.19545,1.19549,1.50,1.50
2015.01.07 17:00:20.135,1.19547,1.19549,1.00,1.12
2015.01.07 17:00:20.642,1.19546,1.19549,1.00,1.12
2015.01.07 17:00:21.331,1.19549,1.1955,1.00,1.05
2015.01.07 17:00:21.382,1.19553,1.19556,1.00,3.00
2015.01.07 17:00:21.485,1.19564,1.19579,10.85,1.87
2015.01.07 17:00:21.586,1.19579,1.1958,1.00,1.00
2015.01.07 17:00:21.740,1.19578,1.19579,1.00,1.87
2015.01.07 17:00:21.792,1.19573,1.19577,2.47,1.12
2015.01.07 17:00:21.893,1.19576,1.19581,1.00,2.06
2015.01.07 17:00:22.348,1.19573,1.19578,1.10,2.85
2015.01.07 17:00:22.652,1.19572,1.19575,1.00,1.10
2015.01.07 17:00:22.956,1.19566,1.19569,1.67,1.12
2015.01.07 17:00:23.007,1.19566,1.19569,1.10,3.22
2015.01.07 17:00:23.160,1.1956,1.19565,1.94,1.50
2015.01.07 17:00:23.312,1.19562,1.19565,1.00,2.55
2015.01.07 17:00:23.465,1.19561,1.19562,1.10,1.00
2015.01.07 17:00:23.770,1.19557,1.19561,1.42,1.37
2015.01.07 17:00:24.279,1.19556,1.19561,1.50,1.87
2015.01.07 17:00:25.032,1.19557,1.19561,1.10,1.10
2015.01.07 17:00:25.993,1.19558,1.19563,1.00,2.44
2015.01.07 17:00:26.094,1.19561,1.19563,1.00,2.17
2015.01.07 17:00:26.499,1.19557,1.19562,1.87,1.10
2015.01.07 17:00:26.903,1.19557,1.1956,1.12,1.00
2015.01.07 17:00:27.106,1.19557,1.19562,1.87,1.01
2015.01.07 17:00:27.611,1.19557,1.19561,1.10,1.10
2015.01.07 17:00:30.196,1.19558,1.19563,1.00,3.60
2015.01.07 17:00:30.247,1.19559,1.19563,1.37,2.02
2015.01.07 17:00:30.450,1.19561,1.19564,1.12,1.12
2015.01.07 17:00:31.157,1.1956,1.19564,1.25,1.12
2015.01.07 17:00:31.562,1.19557,1.19562,1.87,1.95
2015.01.07 17:00:32.069,1.19557,1.19561,1.10,1.10
2015.01.07 17:00:33.852,1.19556,1.1956,1.87,1.00
2015.01.07 17:00:33.954,1.19555,1.19558,2.25,1.00
2015.01.07 17:00:34.257,1.19545,1.1955,1.75,1.87
2015.01.07 17:00:34.409,1.19544,1.19548,1.50,1.12
2015.01.07 17:00:35.120,1.19545,1.19549,1.10,1.10
2015.01.07 17:00:35.627,1.19546,1.1955,2.32,1.10
2015.01.07 17:00:36.354,1.19544,1.19548,1.69,1.00
2015.01.07 17:00:36.866,1.19544,1.19549,2.06,1.57
2015.01.07 17:00:37.223,1.19544,1.19547,1.31,1.00
2015.01.07 17:00:37.728,1.19544,1.19548,1.57,1.10
2015.01.07 17:00:38.486,1.19545,1.1955,1.50,3.00
2015.01.07 17:00:39.004,1.19545,1.19549,1.10,1.10
2015.01.07 17:00:39.409,1.19547,1.19551,1.00,1.50
2015.01.07 17:00:39.914,1.19547,1.19551,1.00,1.12
2015.01.07 17:00:40.322,1.19551,1.19556,3.60,2.25
2015.01.07 17:00:40.373,1.19553,1.19556,1.00,1.00
2015.01.07 17:00:40.424,1.19555,1.19558,1.00,1.50
2015.01.07 17:00:40.727,1.19551,1.19554,1.00,1.00
2015.01.07 17:00:40.778,1.1955,1.19553,1.00,1.00
2015.01.07 17:00:41.141,1.19553,1.19554,1.00,1.00
2015.01.07 17:00:41.192,1.19553,1.19556,1.00,1.00
2015.01.07 17:00:41.495,1.1955,1.19555,1.50,1.35
2015.01.07 17:00:41.647,1.1955,1.19553,1.00,1.00
2015.01.07 17:00:43.193,1.19552,1.19555,1.00,2.85
2015.01.07 17:00:43.244,1.19552,1.19555,1.00,1.00
2015.01.07 17:00:43.750,1.19551,1.19555,1.00,1.12
2015.01.07 17:00:43.801,1.19553,1.19555,1.00,1.12
2015.01.07 17:00:44.003,1.19556,1.19557,1.00,1.00
2015.01.07 17:00:44.054,1.19553,1.19555,1.12,1.00
2015.01.07 17:00:44.105,1.1955,1.19555,3.75,1.00
2015.01.07 17:00:44.206,1.1955,1.19555,3.00,1.00
2015.01.07 17:00:44.510,1.19555,1.19558,1.00,1.37
2015.01.07 17:00:44.662,1.19555,1.19559,1.00,1.50
2015.01.07 17:00:45.583,1.19554,1.19558,2.32,1.05
2015.01.07 17:00:45.634,1.19554,1.19556,1.57,1.00
2015.01.07 17:00:45.888,1.1955,1.19554,1.87,1.00
2015.01.07 17:00:46.394,1.1955,1.19555,2.32,1.12
2015.01.07 17:00:46.900,1.1955,1.19555,1.87,1.10
2015.01.07 17:00:47.504,1.1955,1.19554,1.87,1.00
2015.01.07 17:00:48.724,1.1955,1.19554,1.10,2.32
2015.01.07 17:00:49.821,1.1955,1.19554,1.10,2.70
2015.01.07 17:00:50.331,1.19549,1.19552,1.87,1.12
2015.01.07 17:00:50.836,1.19549,1.19554,1.87,1.57
2015.01.07 17:00:52.242,1.1955,1.19553,1.10,1.00
2015.01.07 17:00:52.749,1.19549,1.19553,1.10,1.42
2015.01.07 17:00:53.102,1.19549,1.19554,1.00,3.79
2015.01.07 17:00:53.607,1.19549,1.19553,1.00,2.47
2015.01.07 17:00:53.910,1.19548,1.19552,2.25,1.67
2015.01.07 17:00:54.415,1.19549,1.19553,1.50,1.75
2015.01.07 17:00:54.465,1.19549,1.19553,1.50,1.00
2015.01.07 17:00:54.854,1.19552,1.19554,1.00,1.50
2015.01.07 17:00:54.955,1.19555,1.19557,1.00,1.00
2015.01.07 17:00:56.478,1.19559,1.19564,1.00,3.00
2015.01.07 17:00:56.529,1.19561,1.19564,1.00,2.25
2015.01.07 17:00:56.833,1.1956,1.19562,1.00,1.00
2015.01.07 17:00:57.338,1.19559,1.19561,1.00,1.00
2015.01.07 17:00:57.545,1.19558,1.19561,1.00,1.00
2015.01.07 17:00:58.051,1.19559,1.19561,1.00,1.00
2015.01.07 17:00:58.658,1.19558,1.19561,1.00,1.50
2015.01.07 17:00:59.164,1.19559,1.19561,1.00,1.10
2015.01.07 17:01:00.625,1.19558,1.19561,1.00,1.10
2015.01.07 17:01:01.130,1.19559,1.19562,1.00,1.57
2015.01.07 17:01:01.585,1.1956,1.19562,1.12,1.00
2015.01.07 17:01:02.089,1.1956,1.19563,1.50,1.00
2015.01.07 17:01:02.241,1.1956,1.19563,1.10,1.00
2015.01.07 17:01:02.945,1.19559,1.19562,1.12,1.00
2015.01.07 17:01:03.476,1.19559,1.1956,1.05,1.00
2015.01.07 17:01:03.779,1.19556,1.19559,3.00,1.00
2015.01.07 17:01:05.126,1.19556,1.19559,3.00,1.00
2015.01.07 17:01:06.298,1.19557,1.19559,1.10,1.00
2015.01.07 17:01:06.500,1.19557,1.19562,1.57,1.57
2015.01.07 17:01:07.011,1.1956,1.19562,1.00,1.57
2015.01.07 17:01:07.516,1.19561,1.19562,1.00,1.00
2015.01.07 17:01:08.020,1.19562,1.19564,1.00,1.10
2015.01.07 17:01:08.323,1.1956,1.19562,1.10,1.00
2015.01.07 17:01:08.626,1.19558,1.19562,1.10,1.80
2015.01.07 17:01:11.214,1.19557,1.19561,1.12,1.00
2015.01.07 17:01:11.569,1.1956,1.19563,1.00,2.62
2015.01.07 17:01:11.772,1.19569,1.19571,1.00,1.50
2015.01.07 17:01:11.822,1.19571,1.19576,1.00,1.12
2015.01.07 17:01:12.075,1.19573,1.19575,1.00,1.00
2015.01.07 17:01:12.328,1.19571,1.19573,1.12,1.00
2015.01.07 17:01:12.632,1.19567,1.19572,1.75,1.72
2015.01.07 17:01:12.683,1.19567,1.19569,1.10,1.00
2015.01.07 17:01:12.885,1.19566,1.1957,1.12,2.10
2015.01.07 17:01:13.188,1.19565,1.19567,1.12,1.00
2015.01.07 17:01:13.693,1.19563,1.19568,2.25,1.00
2015.01.07 17:01:13.946,1.19562,1.19564,1.00,2.10
2015.01.07 17:01:14.047,1.1956,1.19562,1.10,1.00
2015.01.07 17:01:14.249,1.19556,1.19561,1.87,1.10
2015.01.07 17:01:15.017,1.19556,1.19562,3.00,2.47
2015.01.07 17:01:15.118,1.19556,1.19562,3.37,1.50
2015.01.07 17:01:15.220,1.1956,1.19563,1.50,1.87
2015.01.07 17:01:15.321,1.1956,1.19564,1.50,1.50
2015.01.07 17:01:15.524,1.19564,1.19566,1.00,1.37
2015.01.07 17:01:15.777,1.1957,1.19573,1.00,1.50
2015.01.07 17:01:16.131,1.19568,1.19573,1.00,2.62
2015.01.07 17:01:16.182,1.19566,1.19568,1.00,1.10
2015.01.07 17:01:16.637,1.19565,1.19567,1.10,1.00
2015.01.07 17:01:17.143,1.19561,1.19566,2.25,1.50
2015.01.07 17:01:17.446,1.19561,1.19564,1.50,1.00
2015.01.07 17:01:17.548,1.19558,1.19561,1.77,1.00
2015.01.07 17:01:18.511,1.19557,1.19561,2.25,1.00
2015.01.07 17:01:18.565,1.19563,1.1957,1.12,3.00
2015.01.07 17:01:19.072,1.19565,1.1957,1.10,1.12
2015.01.07 17:01:19.274,1.19568,1.19574,1.00,3.37
2015.01.07 17:01:19.426,1.1957,1.19572,1.00,1.57
2015.01.07 17:01:19.578,1.19565,1.1957,3.00,1.00
2015.01.07 17:01:19.881,1.19563,1.19568,2.25,2.85
2015.01.07 17:01:19.983,1.19563,1.19568,1.10,1.72
2015.01.07 17:01:20.387,1.19562,1.19565,1.12,1.00
2015.01.07 17:01:20.488,1.19561,1.19566,3.00,1.00
2015.01.07 17:01:20.590,1.19561,1.19565,2.25,1.00
2015.01.07 17:01:20.843,1.19561,1.19564,1.10,1.12
2015.01.07 17:01:21.046,1.19557,1.19562,3.75,1.00
2015.01.07 17:01:21.249,1.19558,1.19564,1.50,3.07
2015.01.07 17:01:21.351,1.19557,1.19561,3.00,1.00
2015.01.07 17:01:21.402,1.19557,1.19561,1.87,1.00
2015.01.07 17:01:21.907,1.19558,1.19562,1.12,1.00
2015.01.07 17:01:23.233,1.19561,1.19564,1.00,1.10
2015.01.07 17:01:23.758,1.19559,1.19565,3.37,1.12
2015.01.07 17:01:24.064,1.19566,1.19568,1.00,1.42
2015.01.07 17:01:24.165,1.19565,1.1957,2.25,2.62
2015.01.07 17:01:24.670,1.19564,1.19569,1.57,2.85
2015.01.07 17:01:25.188,1.19564,1.19569,1.57,2.25
2015.01.07 17:01:25.543,1.19566,1.19569,1.00,2.10
2015.01.07 17:01:25.696,1.19571,1.19573,1.00,1.10
2015.01.07 17:01:25.848,1.1957,1.19571,1.00,1.00
2015.01.07 17:01:25.950,1.19567,1.1957,1.00,1.10
2015.01.07 17:01:26.051,1.19565,1.19571,1.00,4.31
2015.01.07 17:01:26.254,1.19562,1.19569,1.87,1.50
2015.01.07 17:01:26.759,1.19563,1.19567,1.12,1.00
2015.01.07 17:01:27.265,1.19563,1.19566,1.10,1.00
2015.01.07 17:01:27.571,1.19566,1.19568,1.00,1.12
2015.01.07 17:01:27.673,1.19563,1.19568,1.10,1.12
2015.01.07 17:01:27.875,1.19562,1.19565,1.00,1.10
2015.01.07 17:01:28.256,1.19562,1.19563,1.00,1.00
2015.01.07 17:01:28.307,1.19557,1.19561,1.00,1.50
2015.01.07 17:01:28.560,1.19556,1.1956,1.00,2.85
2015.01.07 17:01:28.661,1.19551,1.19557,1.10,4.72
2015.01.07 17:01:28.763,1.1955,1.19556,1.10,2.62
2015.01.07 17:01:29.067,1.19546,1.19551,1.87,1.05
2015.01.07 17:01:29.521,1.19546,1.19552,1.10,1.12
2015.01.07 17:01:30.026,1.1955,1.19554,1.00,1.87
2015.01.07 17:01:31.138,1.1955,1.19553,1.00,1.65
2015.01.07 17:01:32.099,1.19556,1.19557,1.10,1.00
2015.01.07 17:01:32.150,1.19556,1.19561,1.10,1.20
2015.01.07 17:01:33.008,1.19558,1.19561,1.50,2.55
2015.01.07 17:01:33.160,1.19561,1.19565,1.10,1.12
2015.01.07 17:01:33.363,1.19561,1.19565,1.12,1.00
2015.01.07 17:01:33.465,1.19566,1.19569,2.10,1.47
2015.01.07 17:01:33.516,1.19564,1.19569,1.12,1.47
2015.01.07 17:01:33.819,1.19565,1.19571,1.27,1.50
2015.01.07 17:01:34.273,1.19567,1.19573,1.12,3.00
2015.01.07 17:01:34.777,1.19565,1.1957,1.75,1.50
2015.01.07 17:01:34.828,1.19565,1.1957,1.10,1.87
2015.01.07 17:01:35.332,1.19564,1.19568,1.12,1.72
2015.01.07 17:01:35.383,1.19562,1.19568,1.57,2.62
2015.01.07 17:01:35.535,1.19562,1.19564,1.12,1.00
2015.01.07 17:01:35.687,1.19558,1.19564,1.12,1.12
2015.01.07 17:01:36.738,1.19561,1.19566,1.50,2.62
2015.01.07 17:01:36.789,1.19561,1.19566,1.12,1.95
2015.01.07 17:01:36.991,1.19564,1.19566,1.00,1.20
2015.01.07 17:01:37.143,1.19565,1.19571,1.57,4.12
2015.01.07 17:01:37.245,1.19565,1.19568,1.10,1.72
2015.01.07 17:01:37.347,1.19563,1.19568,1.00,2.62
2015.01.07 17:01:37.853,1.19562,1.19566,1.10,1.95
2015.01.07 17:01:38.006,1.1956,1.19565,1.10,2.10
2015.01.07 17:01:38.311,1.1956,1.19564,1.00,4.16
2015.01.07 17:01:38.362,1.19558,1.19564,1.10,3.56
2015.01.07 17:01:38.868,1.19558,1.19563,1.10,1.50
2015.01.07 17:01:39.424,1.19557,1.19559,1.80,1.00
2015.01.07 17:01:39.577,1.19553,1.19556,1.50,1.50
2015.01.07 17:01:40.082,1.19552,1.19556,1.10,1.50
2015.01.07 17:01:40.335,1.19551,1.19554,1.00,1.12
2015.01.07 17:01:40.639,1.19554,1.19557,1.50,1.67
2015.01.07 17:01:40.690,1.19561,1.19562,1.25,1.00
2015.01.07 17:01:40.741,1.19561,1.19563,1.69,1.00
2015.01.07 17:01:40.842,1.19565,1.19568,1.00,1.42
2015.01.07 17:01:40.994,1.19561,1.19568,2.25,3.97
2015.01.07 17:01:41.837,1.19561,1.19566,1.57,1.37
2015.01.07 17:01:42.191,1.19559,1.19563,2.17,3.22
2015.01.07 17:01:42.293,1.19557,1.19562,2.62,2.55
2015.01.07 17:01:42.394,1.19556,1.19561,1.00,1.50
2015.01.07 17:01:43.229,1.19555,1.19558,1.10,1.00
2015.01.07 17:01:43.533,1.19552,1.19556,1.00,1.87
2015.01.07 17:01:46.424,1.19551,1.19556,1.10,2.62
2015.01.07 17:01:46.980,1.19552,1.19555,1.00,1.12
2015.01.07 17:01:48.444,1.1955,1.19555,1.87,1.12
2015.01.07 17:01:48.961,1.1955,1.19556,2.25,1.50
2015.01.07 17:01:50.087,1.19556,1.1956,1.12,1.87
2015.01.07 17:01:50.392,1.19556,1.1956,1.87,1.00
2015.01.07 17:01:50.695,1.19556,1.1956,2.25,1.12
2015.01.07 17:01:50.797,1.19555,1.1956,2.25,3.30
2015.01.07 17:01:50.848,1.19555,1.1956,1.57,3.60
2015.01.07 17:01:51.556,1.19554,1.1956,1.12,4.35
2015.01.07 17:01:51.861,1.19553,1.1956,1.57,6.41
2015.01.07 17:01:52.624,1.19553,1.19559,1.50,1.80
2015.01.07 17:01:52.725,1.19553,1.19559,1.10,6.22
2015.01.07 17:01:55.638,1.19552,1.19557,1.12,1.57
2015.01.07 17:01:56.240,1.19552,1.19556,1.12,1.00
2015.01.07 17:01:56.897,1.19552,1.19556,1.10,1.10
2015.01.07 17:01:57.983,1.19554,1.19558,1.00,3.00
2015.01.07 17:01:58.673,1.19552,1.19557,1.10,2.62
2015.01.07 17:02:03.188,1.19552,1.19554,1.10,1.00
2015.01.07 17:02:03.695,1.19551,1.19554,1.10,2.32
2015.01.07 17:02:04.049,1.19549,1.19552,1.12,1.00
2015.01.07 17:02:04.883,1.19549,1.19554,1.12,3.97
2015.01.07 17:02:05.286,1.19549,1.19551,1.05,1.60
2015.01.07 17:02:05.489,1.19538,1.19545,3.00,2.25
2015.01.07 17:02:05.741,1.19537,1.19542,1.10,1.12
2015.01.07 17:02:06.246,1.19537,1.19542,1.00,3.60
2015.01.07 17:02:06.704,1.19541,1.19542,1.00,1.05
2015.01.07 17:02:06.805,1.19542,1.19544,1.95,1.00
2015.01.07 17:02:06.856,1.19542,1.19544,2.55,1.00
2015.01.07 17:02:06.957,1.19545,1.19548,1.00,1.87
2015.01.07 17:02:07.159,1.19543,1.19548,1.10,1.87
2015.01.07 17:02:07.518,1.19541,1.19546,3.00,3.60
2015.01.07 17:02:07.821,1.1954,1.19545,1.12,1.87
2015.01.07 17:02:08.328,1.19542,1.19547,1.00,2.25
2015.01.07 17:02:08.429,1.19542,1.19547,1.00,1.50
2015.01.07 17:02:08.934,1.19543,1.19547,1.00,1.00
2015.01.07 17:02:09.439,1.19543,1.19546,1.00,1.00
2015.01.07 17:02:09.784,1.1954,1.19545,1.50,3.60
2015.01.07 17:02:09.935,1.19542,1.19545,2.29,1.00
2015.01.07 17:02:09.987,1.19546,1.19549,1.00,1.00
2015.01.07 17:02:10.089,1.19546,1.19551,1.00,1.00
2015.01.07 17:02:10.443,1.19548,1.19551,1.00,1.00
2015.01.07 17:02:13.129,1.19548,1.19549,1.00,1.00
2015.01.07 17:02:13.332,1.19546,1.19549,1.00,1.10
2015.01.07 17:02:13.837,1.19545,1.19549,1.10,1.57
2015.01.07 17:02:14.191,1.19543,1.19547,3.00,3.60
2015.01.07 17:02:14.494,1.19539,1.19544,1.87,1.10
2015.01.07 17:02:15.001,1.19541,1.19546,1.12,1.87
2015.01.07 17:02:16.607,1.19543,1.19547,1.10,1.10
2015.01.07 17:02:17.158,1.19544,1.19547,1.00,1.10
2015.01.07 17:02:17.671,1.19543,1.19546,1.10,1.00
2015.01.07 17:02:17.823,1.19542,1.19543,1.10,1.00
2015.01.07 17:02:17.873,1.19537,1.19541,2.25,1.00
2015.01.07 17:02:18.177,1.19532,1.19538,2.10,1.10
2015.01.07 17:02:18.685,1.19532,1.19538,2.25,1.12
2015.01.07 17:02:19.343,1.19533,1.19535,1.12,1.00
2015.01.07 17:02:19.494,1.19526,1.19531,1.50,1.10
2015.01.07 17:02:19.697,1.19526,1.19531,1.10,1.10
2015.01.07 17:02:19.899,1.19529,1.19533,1.00,2.66
2015.01.07 17:02:20.404,1.19526,1.19531,3.00,1.00
2015.01.07 17:02:20.909,1.19529,1.19533,2.62,1.00
2015.01.07 17:02:20.960,1.1953,1.19535,1.50,1.10
2015.01.07 17:02:21.790,1.19531,1.19535,1.50,1.00
2015.01.07 17:02:22.297,1.19531,1.19536,1.50,1.50
2015.01.07 17:02:24.257,1.1953,1.19535,2.25,1.00
2015.01.07 17:02:25.255,1.19527,1.19531,1.12,1.00
2015.01.07 17:02:25.866,1.19527,1.1953,1.10,2.17
2015.01.07 17:02:25.918,1.19527,1.19528,1.10,1.00
2015.01.07 17:02:26.070,1.19525,1.19528,1.00,1.10
2015.01.07 17:02:26.424,1.19522,1.19527,2.62,1.10
2015.01.07 17:02:26.930,1.19522,1.19526,2.25,1.00
2015.01.07 17:02:27.435,1.19522,1.19527,1.57,1.12
2015.01.07 17:02:27.952,1.19523,1.19526,1.00,1.10
2015.01.07 17:02:28.458,1.19522,1.19525,1.10,1.00
2015.01.07 17:02:33.937,1.19519,1.19523,3.75,1.00
2015.01.07 17:02:34.089,1.1952,1.19524,1.10,2.62
2015.01.07 17:02:35.541,1.19519,1.19523,1.00,1.12
2015.01.07 17:02:36.326,1.1952,1.19524,1.10,1.87
2015.01.07 17:02:36.831,1.19521,1.19526,1.12,1.57
2015.01.07 17:02:36.933,1.19522,1.19527,1.10,1.12
2015.01.07 17:02:37.084,1.19528,1.19531,1.50,1.00
2015.01.07 17:02:37.135,1.1953,1.19533,1.10,2.25
2015.01.07 17:02:37.186,1.1953,1.19533,1.50,1.00
2015.01.07 17:02:37.237,1.1953,1.19535,1.50,3.00
2015.01.07 17:02:37.640,1.1953,1.19537,3.60,1.10
2015.01.07 17:02:39.152,1.19533,1.19536,1.12,1.00
2015.01.07 17:02:39.658,1.19532,1.19537,2.25,1.10
2015.01.07 17:02:40.147,1.19532,1.19535,2.25,1.00
2015.01.07 17:02:40.653,1.19531,1.19536,1.50,1.57
2015.01.07 17:02:41.180,1.19535,1.19537,1.00,1.12
2015.01.07 17:02:41.231,1.19535,1.1954,1.00,1.12
2015.01.07 17:02:41.484,1.19537,1.19541,1.00,2.25
2015.01.07 17:02:42.040,1.19536,1.19541,2.25,1.50
2015.01.07 17:02:43.282,1.19537,1.1954,1.00,1.12
2015.01.07 17:02:43.789,1.19536,1.1954,2.25,1.12
2015.01.07 17:02:45.358,1.19537,1.19539,1.00,1.10
2015.01.07 17:02:45.866,1.19536,1.19539,1.00,1.10
2015.01.07 17:02:46.172,1.19533,1.19538,1.50,2.62
2015.01.07 17:02:46.324,1.19532,1.19538,1.57,1.50
2015.01.07 17:02:47.537,1.19532,1.19538,1.50,1.12
2015.01.07 17:02:56.320,1.19531,1.19538,4.12,2.25
2015.01.07 17:02:57.243,1.19533,1.19538,1.00,1.50
2015.01.07 17:02:58.304,1.19533,1.19539,1.57,1.50
2015.01.07 17:02:58.860,1.19533,1.1954,2.25,2.25
2015.01.07 17:02:59.368,1.19536,1.1954,1.00,1.50
2015.01.07 17:03:03.168,1.19535,1.1954,1.10,1.50
2015.01.07 17:03:16.797,1.19534,1.19541,3.75,1.50
2015.01.07 17:03:18.082,1.19534,1.1954,1.10,1.50
2015.01.07 17:03:25.810,1.19533,1.19537,1.10,1.12
2015.01.07 17:03:25.912,1.19531,1.19537,2.32,1.50
2015.01.07 17:03:26.438,1.19532,1.19539,1.57,2.25
2015.01.07 17:03:26.489,1.19532,1.19539,1.50,1.50
2015.01.07 17:03:26.945,1.19539,1.1954,1.00,1.00
2015.01.07 17:03:27.097,1.19541,1.19548,2.25,1.50
2015.01.07 17:03:27.148,1.19543,1.19548,1.00,2.25
2015.01.07 17:03:27.503,1.19544,1.1955,1.00,1.50
2015.01.07 17:03:27.705,1.19547,1.1955,1.00,1.00
2015.01.07 17:03:27.806,1.19547,1.19552,1.00,1.50
2015.01.07 17:03:29.713,1.19545,1.1955,1.50,1.00
2015.01.07 17:03:30.991,1.19546,1.19551,1.00,1.00
2015.01.07 17:03:31.892,1.19547,1.19551,1.00,1.00
2015.01.07 17:03:34.003,1.19545,1.1955,1.00,1.00
2015.01.07 17:03:34.510,1.19544,1.19549,4.12,1.10
2015.01.07 17:03:39.040,1.19544,1.19547,1.12,1.00
2015.01.07 17:03:39.344,1.19534,1.19536,1.00,2.17
2015.01.07 17:03:39.396,1.19531,1.19533,1.00,1.00
2015.01.07 17:03:39.498,1.19528,1.19533,1.12,1.10
2015.01.07 17:03:39.599,1.19529,1.19533,1.00,1.75
2015.01.07 17:03:39.650,1.19527,1.19533,1.00,1.75
2015.01.07 17:03:40.106,1.19529,1.19533,1.00,1.50
2015.01.07 17:03:40.715,1.19528,1.19533,1.57,1.50
2015.01.07 17:03:41.221,1.19529,1.19533,1.50,1.50
2015.01.07 17:03:42.018,1.19528,1.19535,3.07,2.25
2015.01.07 17:03:42.321,1.1953,1.19535,1.00,2.25
2015.01.07 17:03:42.372,1.1953,1.19535,1.00,1.50
2015.01.07 17:03:42.923,1.19529,1.19535,1.00,1.00
2015.01.07 17:03:43.087,1.19531,1.19535,1.00,1.00
2015.01.07 17:03:43.467,1.19528,1.19533,1.50,1.00
2015.01.07 17:03:43.568,1.19528,1.19529,1.00,1.00
2015.01.07 17:03:43.720,1.19523,1.19526,1.00,1.35
2015.01.07 17:03:43.821,1.1952,1.19526,1.00,2.10
2015.01.07 17:03:43.872,1.1952,1.19524,1.00,1.00
2015.01.07 17:03:44.778,1.19521,1.19525,1.00,1.00
2015.01.07 17:03:45.325,1.19524,1.19526,1.50,1.00
2015.01.07 17:03:45.628,1.19526,1.19529,1.00,3.22
2015.01.07 17:03:45.730,1.19523,1.19528,1.10,2.85
2015.01.07 17:03:47.142,1.19524,1.19528,1.00,2.25
2015.01.07 17:03:47.395,1.19525,1.19528,1.00,1.42
2015.01.07 17:03:47.498,1.19523,1.19528,1.12,2.47
2015.01.07 17:03:48.036,1.19523,1.19528,1.00,2.25
2015.01.07 17:03:49.496,1.19525,1.19527,1.00,1.12
2015.01.07 17:03:49.699,1.19523,1.19527,1.00,1.12
2015.01.07 17:03:51.642,1.19524,1.19527,1.00,1.12
2015.01.07 17:03:51.693,1.19527,1.19528,1.00,1.12
2015.01.07 17:03:51.946,1.1953,1.19533,1.00,1.50
2015.01.07 17:03:52.451,1.1953,1.19533,1.50,1.12
2015.01.07 17:03:53.830,1.19529,1.19531,1.00,2.10
2015.01.07 17:03:53.932,1.19525,1.19529,1.67,3.60
2015.01.07 17:03:54.033,1.19525,1.19528,1.00,1.27
2015.01.07 17:03:54.637,1.19523,1.19527,1.10,1.12
2015.01.07 17:03:54.890,1.19522,1.19527,1.00,3.60
2015.01.07 17:03:55.395,1.19521,1.19526,1.00,2.25
2015.01.07 17:03:55.915,1.19522,1.19526,1.00,1.50
2015.01.07 17:03:57.074,1.19524,1.19526,1.00,1.42
2015.01.07 17:03:58.117,1.19523,1.19527,1.00,1.35
2015.01.07 17:03:58.622,1.19522,1.19526,1.00,2.10
2015.01.07 17:03:58.977,1.19525,1.19526,2.25,1.05
2015.01.07 17:03:59.179,1.19528,1.1953,1.00,1.00
2015.01.07 17:03:59.332,1.19526,1.19528,1.00,1.60
2015.01.07 17:03:59.383,1.19524,1.19527,1.10,1.35
2015.01.07 17:03:59.535,1.19522,1.19527,1.00,1.75
2015.01.07 17:04:00.041,1.19524,1.19528,1.00,3.00
2015.01.07 17:04:00.091,1.19524,1.19528,1.00,1.50
2015.01.07 17:04:02.755,1.19525,1.19528,1.00,1.00
2015.01.07 17:04:02.958,1.19525,1.1953,1.00,3.00
2015.01.07 17:04:03.474,1.19526,1.19529,1.00,1.50
2015.01.07 17:04:04.030,1.19525,1.19529,1.50,1.50
2015.01.07 17:04:06.031,1.19525,1.19528,1.00,2.85
2015.01.07 17:04:06.132,1.19524,1.19527,1.00,1.12
2015.01.07 17:04:06.675,1.19523,1.19527,1.00,1.12
2015.01.07 17:04:07.232,1.19523,1.19527,1.10,1.10
2015.01.07 17:04:07.535,1.19525,1.19528,1.00,1.12
2015.01.07 17:04:08.040,1.19523,1.19525,1.10,2.85
2015.01.07 17:04:08.091,1.19523,1.19525,1.57,2.85
2015.01.07 17:04:08.193,1.19521,1.19525,1.00,2.47
2015.01.07 17:04:08.243,1.1952,1.19522,1.10,2.10
2015.01.07 17:04:08.395,1.19518,1.19521,1.12,2.10
2015.01.07 17:04:09.036,1.19514,1.19515,1.00,2.10
2015.01.07 17:04:09.088,1.19513,1.19515,1.00,2.92
2015.01.07 17:04:09.290,1.19512,1.19516,1.12,3.60
2015.01.07 17:04:09.341,1.19512,1.19513,1.05,2.10
2015.01.07 17:04:09.442,1.19509,1.19513,1.87,2.10
2015.01.07 17:04:09.947,1.19507,1.19512,1.50,2.85
2015.01.07 17:04:10.452,1.19509,1.19512,1.00,3.22
2015.01.07 17:04:11.601,1.19506,1.19512,3.00,1.87
2015.01.07 17:04:12.107,1.19507,1.19512,1.50,1.10
2015.01.07 17:04:12.814,1.19509,1.19514,1.00,3.00
2015.01.07 17:04:12.865,1.19509,1.19513,1.00,1.00
2015.01.07 17:04:13.571,1.19507,1.19513,2.25,1.00
2015.01.07 17:04:15.933,1.19506,1.19512,2.62,1.50
2015.01.07 17:04:16.237,1.19509,1.19512,1.00,2.10
2015.01.07 17:04:16.742,1.19508,1.19512,1.00,1.50
2015.01.07 17:04:20.368,1.19509,1.19512,1.00,1.50
2015.01.07 17:04:20.872,1.1951,1.19512,1.00,1.42
2015.01.07 17:04:21.407,1.19509,1.19512,1.00,1.50
2015.01.07 17:04:21.924,1.19507,1.19512,1.10,1.50
2015.01.07 17:04:22.429,1.19508,1.19513,1.00,5.10
2015.01.07 17:04:23.115,1.19507,1.19513,1.57,1.75
2015.01.07 17:04:23.811,1.19507,1.19513,1.00,2.25
2015.01.07 17:04:25.018,1.19509,1.19513,1.00,2.25
2015.01.07 17:04:25.069,1.19509,1.19513,1.00,1.00
2015.01.07 17:04:25.221,1.19507,1.19513,1.50,1.00
2015.01.07 17:04:25.777,1.19509,1.19513,1.00,1.00
2015.01.07 17:04:25.878,1.19507,1.19513,1.00,1.50
2015.01.07 17:04:26.439,1.19508,1.19513,1.00,2.25
2015.01.07 17:04:26.945,1.19507,1.19512,1.50,1.50
2015.01.07 17:04:27.147,1.19505,1.19512,3.75,1.50
2015.01.07 17:04:27.197,1.19507,1.19512,1.00,2.25
2015.01.07 17:04:27.500,1.19509,1.19513,1.00,2.25
2015.01.07 17:04:29.207,1.19515,1.19517,1.00,1.00
2015.01.07 17:04:29.268,1.19513,1.19517,1.12,1.00
2015.01.07 17:04:29.420,1.19512,1.19516,1.00,2.25
2015.01.07 17:04:29.928,1.19511,1.19516,1.50,3.00
2015.01.07 17:04:31.147,1.19512,1.19516,1.00,2.25
2015.01.07 17:04:31.451,1.19515,1.1952,1.00,2.25
2015.01.07 17:04:31.503,1.19515,1.1952,1.00,1.50
2015.01.07 17:04:32.011,1.19515,1.19521,1.00,1.10
2015.01.07 17:04:32.517,1.19516,1.19521,1.00,2.10
2015.01.07 17:04:32.872,1.19516,1.19518,1.00,1.00
2015.01.07 17:04:33.074,1.19512,1.19515,1.00,1.00
2015.01.07 17:04:33.581,1.19511,1.19515,1.00,1.00
2015.01.07 17:04:34.675,1.19511,1.19514,1.00,1.50
2015.01.07 17:04:34.726,1.19511,1.19513,1.00,1.27
2015.01.07 17:04:35.233,1.1951,1.19514,1.00,2.92
2015.01.07 17:04:35.739,1.19509,1.19514,1.50,2.25
2015.01.07 17:04:36.369,1.19509,1.19512,1.00,1.72
2015.01.07 17:04:36.875,1.19508,1.19512,1.00,1.72
2015.01.07 17:04:37.935,1.19508,1.19512,1.10,1.10
2015.01.07 17:04:38.440,1.19508,1.19511,1.00,1.10
2015.01.07 17:04:38.946,1.19507,1.19511,1.10,1.10
2015.01.07 17:04:39.351,1.19506,1.1951,1.10,1.87
2015.01.07 17:04:39.856,1.19505,1.19508,1.12,1.00
2015.01.07 17:04:40.160,1.19499,1.19504,5.10,1.75
2015.01.07 17:04:40.261,1.19503,1.19505,1.00,1.10
2015.01.07 17:04:40.312,1.19499,1.19503,1.75,1.35
2015.01.07 17:04:40.565,1.19498,1.19503,1.00,1.50
2015.01.07 17:04:40.666,1.19498,1.19502,1.00,2.47
2015.01.07 17:04:41.172,1.19495,1.19502,3.00,2.62
2015.01.07 17:04:42.629,1.19498,1.19501,1.50,1.00
2015.01.07 17:04:42.681,1.19498,1.19504,1.50,1.87
2015.01.07 17:04:43.288,1.195,1.19505,3.00,1.10
2015.01.07 17:04:43.844,1.19504,1.19508,1.00,1.50
2015.01.07 17:04:44.349,1.19503,1.19508,1.12,1.12
2015.01.07 17:04:47.714,1.19501,1.19508,2.25,3.00
2015.01.07 17:04:47.917,1.19499,1.19506,2.62,1.50
2015.01.07 17:04:48.119,1.19499,1.19503,2.62,2.10
2015.01.07 17:04:48.372,1.19495,1.19499,1.10,1.10
2015.01.07 17:04:48.987,1.19495,1.19497,1.10,1.00
2015.01.07 17:04:49.341,1.19492,1.19498,1.12,1.50
2015.01.07 17:04:51.438,1.19491,1.19495,3.00,1.00
2015.01.07 17:04:51.944,1.1949,1.19495,3.00,1.10
2015.01.07 17:04:52.450,1.19493,1.19497,1.00,1.50
2015.01.07 17:04:52.955,1.19492,1.19498,1.10,1.75
2015.01.07 17:04:53.834,1.19492,1.19499,2.62,3.00
2015.01.07 17:04:54.833,1.19492,1.19496,1.00,1.12
2015.01.07 17:04:56.110,1.19491,1.19496,3.00,1.10
2015.01.07 17:04:56.739,1.19491,1.19497,1.87,1.50
2015.01.07 17:04:57.598,1.19491,1.19495,1.00,1.12
2015.01.07 17:04:58.254,1.19489,1.19494,3.37,1.57
2015.01.07 17:04:58.780,1.19489,1.19494,1.10,1.87
2015.01.07 17:05:00.223,1.19491,1.19494,1.00,1.57
2015.01.07 17:05:00.736,1.19489,1.19494,2.62,1.57
2015.01.07 17:05:01.132,1.19491,1.19496,1.95,1.87
2015.01.07 17:05:01.436,1.19494,1.19498,1.10,2.62
2015.01.07 17:05:01.739,1.19497,1.195,2.85,1.42
2015.01.07 17:05:01.891,1.19499,1.19504,1.00,2.25
2015.01.07 17:05:01.942,1.19499,1.19504,1.00,1.50
2015.01.07 17:05:02.447,1.19499,1.19503,1.00,1.00
2015.01.07 17:05:02.548,1.19501,1.19503,1.00,1.00
2015.01.07 17:05:02.751,1.19499,1.19504,2.25,1.50
2015.01.07 17:05:02.954,1.19499,1.19502,2.25,2.10
2015.01.07 17:05:03.207,1.19495,1.195,1.50,2.10
2015.01.07 17:05:03.510,1.19495,1.19498,1.00,1.00
2015.01.07 17:05:03.714,1.19495,1.195,1.00,1.50
2015.01.07 17:05:03.765,1.19495,1.19498,1.00,1.00
2015.01.07 17:05:04.068,1.19493,1.19498,1.00,1.50
2015.01.07 17:05:04.807,1.19492,1.19498,1.00,1.50
2015.01.07 17:05:04.858,1.19494,1.19498,1.00,1.00
2015.01.07 17:05:04.909,1.19496,1.19501,1.00,1.00
2015.01.07 17:05:05.415,1.19495,1.195,1.87,1.10
2015.01.07 17:05:06.224,1.19495,1.19499,1.87,1.00
2015.01.07 17:05:06.732,1.19493,1.19499,1.50,2.62
2015.01.07 17:05:09.468,1.19492,1.19499,3.00,2.25
2015.01.07 17:05:14.520,1.19494,1.19499,1.12,1.12
2015.01.07 17:05:15.177,1.19493,1.19499,1.87,1.50
2015.01.07 17:05:18.129,1.19502,1.19504,1.87,1.00
2015.01.07 17:05:18.180,1.19503,1.19508,1.87,1.10
2015.01.07 17:05:18.686,1.19505,1.1951,1.10,2.62
2015.01.07 17:05:21.068,1.19506,1.1951,1.00,1.87
2015.01.07 17:05:21.371,1.19508,1.19511,1.50,1.12
2015.01.07 17:05:22.791,1.19509,1.19512,1.10,1.10
2015.01.07 17:05:23.313,1.1951,1.19514,1.00,3.00
2015.01.07 17:05:27.108,1.19511,1.19514,1.00,2.25
2015.01.07 17:05:27.613,1.1951,1.19514,1.57,2.62
2015.01.07 17:05:29.726,1.19508,1.19512,1.12,1.57
2015.01.07 17:05:29.878,1.19506,1.1951,1.12,1.00
2015.01.07 17:05:30.383,1.19506,1.1951,1.57,1.12
2015.01.07 17:05:31.435,1.19507,1.19511,1.00,1.50
2015.01.07 17:05:33.066,1.19506,1.19511,1.57,2.25
2015.01.07 17:05:40.775,1.19504,1.19508,1.50,1.00
2015.01.07 17:05:41.078,1.195,1.19502,1.00,1.35
2015.01.07 17:05:41.283,1.19494,1.19501,2.25,1.10
2015.01.07 17:05:41.434,1.19494,1.19499,3.00,1.00
2015.01.07 17:05:42.797,1.19494,1.19499,4.50,1.00
2015.01.07 17:05:43.316,1.19494,1.19498,2.25,1.00
2015.01.07 17:05:43.822,1.19493,1.19499,2.25,1.00
2015.01.07 17:05:44.587,1.19492,1.19499,3.00,1.87
2015.01.07 17:05:45.103,1.19492,1.19499,1.87,3.00
2015.01.07 17:05:47.557,1.19492,1.19499,4.35,1.87
2015.01.07 17:05:49.344,1.19493,1.19497,1.12,1.00
2015.01.07 17:05:49.849,1.19492,1.19499,3.37,3.00
2015.01.07 17:05:50.607,1.19494,1.19497,1.00,1.10
2015.01.07 17:05:51.115,1.19493,1.19498,4.35,1.10
2015.01.07 17:05:53.858,1.19493,1.19497,2.25,1.00
2015.01.07 17:05:54.364,1.19492,1.19499,3.00,1.87
2015.01.07 17:05:55.086,1.19492,1.19497,4.50,1.00
2015.01.07 17:05:55.620,1.19492,1.19499,3.00,1.87
2015.01.07 17:05:57.832,1.1949,1.19494,3.00,1.00
2015.01.07 17:05:58.339,1.19489,1.19494,2.25,1.00
2015.01.07 17:05:58.844,1.19489,1.19493,1.50,1.00
2015.01.07 17:05:59.703,1.19489,1.19495,1.50,2.32
2015.01.07 17:05:59.805,1.19489,1.19493,2.12,1.00
2015.01.07 17:06:00.318,1.19489,1.19494,2.87,1.10
2015.01.07 17:06:02.516,1.19491,1.19493,1.00,1.00
2015.01.07 17:06:03.071,1.19491,1.19495,1.00,1.87
2015.01.07 17:06:05.925,1.19491,1.19495,1.10,1.10
2015.01.07 17:06:06.386,1.19493,1.19496,1.00,1.12
2015.01.07 17:06:06.891,1.19493,1.19496,1.00,1.10
2015.01.07 17:06:07.409,1.19491,1.19496,2.62,1.10
2015.01.07 17:06:07.762,1.19495,1.19498,1.00,2.25
2015.01.07 17:06:07.864,1.19491,1.19496,3.37,1.10
2015.01.07 17:06:08.015,1.19495,1.19498,1.00,2.02
2015.01.07 17:06:08.167,1.19499,1.19503,3.60,1.00
2015.01.07 17:06:08.218,1.19501,1.19504,1.72,1.50
2015.01.07 17:06:08.320,1.19504,1.19506,1.00,1.10
2015.01.07 17:06:08.421,1.19501,1.19505,1.00,1.00
2015.01.07 17:06:08.992,1.19501,1.19504,1.12,1.00
2015.01.07 17:06:09.043,1.195,1.19502,1.42,2.10
2015.01.07 17:06:09.093,1.19498,1.19502,1.00,2.85
2015.01.07 17:06:09.296,1.19495,1.19501,1.12,1.50
2015.01.07 17:06:09.751,1.19494,1.19499,1.10,1.12
2015.01.07 17:06:11.215,1.19495,1.195,3.00,1.50
2015.01.07 17:06:11.266,1.19498,1.195,1.35,1.42
2015.01.07 17:06:11.519,1.195,1.19503,1.00,1.87
2015.01.07 17:06:12.025,1.19501,1.19506,1.00,1.75
2015.01.07 17:06:12.378,1.19499,1.19504,2.17,1.87
2015.01.07 17:06:12.581,1.19501,1.19506,1.00,2.25
2015.01.07 17:06:13.086,1.19501,1.19506,1.10,1.87
2015.01.07 17:06:15.904,1.19495,1.19499,1.87,1.00
2015.01.07 17:06:16.763,1.19495,1.195,1.12,1.57
2015.01.07 17:06:17.066,1.19493,1.19499,1.10,1.50
2015.01.07 17:06:17.833,1.19494,1.19499,1.00,2.25
2015.01.07 17:06:18.339,1.19493,1.19499,1.10,2.25
2015.01.07 17:06:18.853,1.19494,1.19498,1.00,1.50
2015.01.07 17:06:19.716,1.19493,1.19496,1.50,1.10
2015.01.07 17:06:20.221,1.19492,1.19496,1.10,1.10
2015.01.07 17:06:20.769,1.19492,1.19495,1.00,1.10
2015.01.07 17:06:21.377,1.19493,1.19498,1.00,2.25
2015.01.07 17:06:21.882,1.19494,1.19499,1.50,3.00
2015.01.07 17:06:22.501,1.19494,1.19499,1.50,2.25
2015.01.07 17:06:37.995,1.19493,1.19497,1.57,1.10
2015.01.07 17:06:38.534,1.19493,1.19496,1.57,1.00
2015.01.07 17:06:39.037,1.19493,1.19495,1.57,1.00
2015.01.07 17:06:39.451,1.19493,1.19498,1.57,1.87
2015.01.07 17:06:40.227,1.19493,1.19498,1.50,3.00
2015.01.07 17:06:40.833,1.19493,1.19495,1.00,1.00
2015.01.07 17:06:42.345,1.19493,1.19496,1.00,1.10
2015.01.07 17:06:45.254,1.19494,1.19496,1.00,1.10
2015.01.07 17:06:48.961,1.19493,1.19496,1.00,1.10
2015.01.07 17:06:49.712,1.19494,1.19496,1.00,1.10
2015.01.07 17:06:51.060,1.19493,1.19498,1.00,3.00
2015.01.07 17:06:51.947,1.19493,1.19495,1.00,1.00
2015.01.07 17:06:53.050,1.19493,1.19494,1.00,1.00
2015.01.07 17:06:53.152,1.19493,1.19498,1.00,3.00
2015.01.07 17:06:53.254,1.1949,1.19494,1.12,1.00
2015.01.07 17:06:53.305,1.19486,1.19488,3.00,1.35
2015.01.07 17:06:53.406,1.19482,1.19485,1.00,1.12
2015.01.07 17:06:53.558,1.19481,1.19482,1.00,1.35
2015.01.07 17:06:53.811,1.19474,1.19479,1.10,1.50
2015.01.07 17:06:54.621,1.19474,1.19479,1.00,1.75
2015.01.07 17:06:55.709,1.19472,1.19477,1.10,2.47
2015.01.07 17:06:56.572,1.19474,1.19477,1.00,2.85
2015.01.07 17:06:56.877,1.19474,1.19478,1.50,1.37
2015.01.07 17:06:56.980,1.19475,1.19479,1.00,2.25
2015.01.07 17:06:57.486,1.19474,1.19479,1.50,3.00
2015.01.07 17:06:57.993,1.19474,1.19479,2.32,3.00
2015.01.07 17:07:00.155,1.19475,1.1948,1.00,1.75
2015.01.07 17:07:00.459,1.19477,1.1948,1.00,1.50
2015.01.07 17:07:00.965,1.19478,1.1948,1.00,1.42
2015.01.07 17:07:01.556,1.19478,1.1948,1.00,1.12
2015.01.07 17:07:04.359,1.19476,1.1948,1.57,1.12
2015.01.07 17:07:12.555,1.19477,1.1948,1.00,1.12
2015.01.07 17:07:12.706,1.19479,1.19483,1.50,2.25
2015.01.07 17:07:12.757,1.19479,1.19483,1.50,1.00
2015.01.07 17:07:13.262,1.1948,1.19484,2.10,1.00
2015.01.07 17:07:13.768,1.1948,1.19485,1.50,1.50
2015.01.07 17:07:14.275,1.1948,1.19484,1.50,1.00
2015.01.07 17:07:14.629,1.19484,1.19487,1.00,1.00
2015.01.07 17:07:14.731,1.19485,1.19487,2.85,1.00
2015.01.07 17:07:14.783,1.19489,1.19493,1.00,1.00
2015.01.07 17:07:14.834,1.19489,1.19495,1.50,3.07
2015.01.07 17:07:14.885,1.19491,1.19495,1.00,1.00
2015.01.07 17:07:15.036,1.19492,1.19498,1.00,1.50
2015.01.07 17:07:15.541,1.19491,1.19498,1.50,1.50
2015.01.07 17:07:16.043,1.19493,1.19498,1.00,1.50
2015.01.07 17:07:17.684,1.19491,1.19498,2.25,2.25
2015.01.07 17:07:18.717,1.19493,1.19498,1.50,2.25
2015.01.07 17:07:19.273,1.19494,1.19498,1.00,1.50
2015.01.07 17:07:19.828,1.19493,1.19498,1.50,1.00
2015.01.07 17:07:20.534,1.19493,1.19499,1.50,1.50
2015.01.07 17:07:21.039,1.19494,1.19499,1.00,2.25
2015.01.07 17:07:22.201,1.19494,1.19498,1.50,1.00
2015.01.07 17:07:22.705,1.19493,1.19498,1.50,1.50
2015.01.07 17:07:23.311,1.19494,1.19498,1.00,1.00
2015.01.07 17:07:26.068,1.19493,1.19498,1.50,1.00
2015.01.07 17:07:26.573,1.19494,1.19499,1.00,2.25
2015.01.07 17:07:27.647,1.19493,1.19499,1.50,1.50
2015.01.07 17:07:28.151,1.19494,1.19499,1.00,2.25
2015.01.07 17:07:28.657,1.19493,1.19498,1.50,1.00
2015.01.07 17:07:29.165,1.19494,1.19498,1.00,1.00
2015.01.07 17:07:29.680,1.19493,1.19498,1.00,1.00
2015.01.07 17:07:31.377,1.19494,1.19498,1.00,1.50
2015.01.07 17:07:31.890,1.19493,1.19498,1.00,1.50
2015.01.07 17:07:32.579,1.19493,1.19497,1.00,1.00
2015.01.07 17:07:32.681,1.19491,1.19497,1.00,1.00
2015.01.07 17:07:32.731,1.1949,1.19495,1.50,1.50
2015.01.07 17:07:33.035,1.1948,1.19485,1.87,1.12
2015.01.07 17:07:33.540,1.19481,1.19485,1.00,1.50
2015.01.07 17:07:35.656,1.1948,1.19483,1.00,1.12
2015.01.07 17:07:35.962,1.19473,1.19477,1.75,1.00
2015.01.07 17:07:36.013,1.19472,1.19477,1.50,1.10
2015.01.07 17:07:37.086,1.19472,1.19474,1.42,1.00
2015.01.07 17:07:37.339,1.19469,1.19472,1.10,1.00
2015.01.07 17:07:37.844,1.19469,1.19471,1.00,1.50
2015.01.07 17:07:38.807,1.1947,1.19471,1.00,1.10
2015.01.07 17:07:38.959,1.19471,1.19475,2.10,1.75
2015.01.07 17:07:39.010,1.19472,1.19477,1.87,2.32
2015.01.07 17:07:39.264,1.19472,1.19473,1.00,1.00
2015.01.07 17:07:39.466,1.19469,1.19473,1.00,1.00
2015.01.07 17:07:39.971,1.1947,1.19473,1.00,1.00
2015.01.07 17:07:40.490,1.19471,1.19473,1.00,1.00
2015.01.07 17:07:40.544,1.19471,1.19475,1.50,1.00
2015.01.07 17:07:40.901,1.19473,1.19477,1.00,1.00
2015.01.07 17:07:41.407,1.19472,1.19477,1.50,1.00
2015.01.07 17:07:42.486,1.19472,1.19477,1.50,2.25
2015.01.07 17:07:43.508,1.19472,1.19474,1.00,1.00
2015.01.07 17:07:43.812,1.19471,1.19477,1.87,1.87
2015.01.07 17:07:44.489,1.19473,1.19478,1.57,1.87
2015.01.07 17:07:46.697,1.19474,1.19478,1.00,1.12
2015.01.07 17:07:46.749,1.19477,1.19479,1.00,1.42
2015.01.07 17:07:46.800,1.19475,1.19479,1.25,1.12
2015.01.07 17:07:46.851,1.19479,1.19483,1.00,1.75
2015.01.07 17:07:46.902,1.19479,1.19483,2.85,1.12
2015.01.07 17:07:46.953,1.1948,1.19484,1.60,2.25
2015.01.07 17:07:47.004,1.19483,1.19484,1.00,1.57
2015.01.07 17:07:47.813,1.1948,1.19486,1.57,1.87
2015.01.07 17:07:49.116,1.19481,1.19485,1.00,1.10
2015.01.07 17:07:49.942,1.19482,1.19486,1.00,1.12
2015.01.07 17:07:50.094,1.19486,1.19489,1.50,1.12
2015.01.07 17:07:50.196,1.19489,1.19492,1.10,1.00
2015.01.07 17:07:50.297,1.1949,1.19495,1.10,1.87
2015.01.07 17:07:50.550,1.19492,1.19497,1.00,3.37
2015.01.07 17:07:51.056,1.19493,1.19497,1.00,2.25
2015.01.07 17:07:51.916,1.19491,1.19497,2.32,1.50
2015.01.07 17:07:53.074,1.19493,1.19497,1.00,2.25
2015.01.07 17:07:53.706,1.19494,1.19498,1.00,1.75
2015.01.07 17:07:53.757,1.19494,1.19499,1.00,1.50
2015.01.07 17:07:54.261,1.19493,1.19499,1.50,1.00
2015.01.07 17:07:54.363,1.19495,1.195,1.50,1.00
2015.01.07 17:07:54.815,1.19493,1.19498,1.00,1.00
2015.01.07 17:07:54.967,1.19491,1.19497,3.00,1.50
2015.01.07 17:07:55.321,1.1949,1.19495,1.00,1.00
2015.01.07 17:07:56.028,1.19491,1.19495,1.00,1.00
2015.01.07 17:07:56.533,1.19491,1.19496,1.50,1.87
2015.01.07 17:07:56.887,1.19491,1.19496,1.50,2.25
2015.01.07 17:08:00.268,1.19492,1.19497,1.00,2.25
2015.01.07 17:08:00.319,1.19492,1.19497,1.00,1.50
2015.01.07 17:08:00.824,1.19492,1.19496,1.00,1.00
2015.01.07 17:08:01.329,1.19491,1.19495,1.00,1.00
2015.01.07 17:08:02.546,1.19491,1.19497,3.00,1.50
2015.01.07 17:08:03.054,1.19492,1.19497,2.25,1.00
2015.01.07 17:08:03.156,1.19493,1.19499,1.00,2.25
2015.01.07 17:08:04.294,1.19493,1.19498,1.00,1.00
2015.01.07 17:08:04.547,1.19493,1.19495,1.00,1.00
2015.01.07 17:08:04.648,1.19491,1.19495,1.57,1.10
2015.01.07 17:08:05.658,1.19492,1.19497,1.00,3.37
2015.01.07 17:08:06.162,1.19491,1.19497,2.32,1.50
2015.01.07 17:08:06.969,1.19492,1.19497,1.00,2.25
2015.01.07 17:08:08.693,1.19491,1.19497,3.07,2.25
2015.01.07 17:08:09.208,1.19492,1.19497,1.00,1.50
2015.01.07 17:08:11.299,1.19492,1.19497,1.10,1.12
2015.01.07 17:08:11.805,1.19493,1.19498,1.00,1.50
2015.01.07 17:08:14.698,1.19493,1.19498,1.12,1.10
2015.01.07 17:08:15.883,1.19493,1.19498,1.00,1.50
2015.01.07 17:08:17.332,1.19493,1.19498,1.00,1.75
2015.01.07 17:08:17.953,1.19493,1.19498,1.00,1.50
2015.01.07 17:08:18.673,1.19495,1.195,1.00,3.00
2015.01.07 17:08:18.725,1.19495,1.19499,1.00,1.00
2015.01.07 17:08:18.978,1.19493,1.19499,1.00,1.50
2015.01.07 17:08:19.486,1.19493,1.19498,2.85,1.00
2015.01.07 17:08:19.848,1.19493,1.19496,1.00,1.00
2015.01.07 17:08:20.100,1.19493,1.19498,1.00,1.50
2015.01.07 17:08:20.613,1.19493,1.19497,1.00,1.00
2015.01.07 17:08:21.124,1.19493,1.19499,1.00,1.50
2015.01.07 17:08:21.174,1.19493,1.19497,1.50,1.00
2015.01.07 17:08:21.377,1.19493,1.19499,2.25,1.50
2015.01.07 17:08:21.883,1.19493,1.19498,1.00,1.00
2015.01.07 17:08:22.387,1.19493,1.19497,1.00,1.00
2015.01.07 17:08:22.948,1.19493,1.19498,1.00,1.00
2015.01.07 17:08:23.252,1.19493,1.19497,1.00,1.12
2015.01.07 17:08:29.513,1.19493,1.19495,1.00,1.00
2015.01.07 17:08:30.509,1.19493,1.19496,1.00,1.10
2015.01.07 17:08:31.324,1.19493,1.19495,1.00,1.00
2015.01.07 17:08:31.628,1.1949,1.19495,2.32,1.87
2015.01.07 17:08:31.931,1.19491,1.19496,1.12,3.07
2015.01.07 17:08:33.739,1.1949,1.19495,3.75,1.00
2015.01.07 17:08:35.455,1.1949,1.19494,3.00,1.00
2015.01.07 17:08:36.033,1.1949,1.19495,3.00,1.50
2015.01.07 17:08:36.539,1.1949,1.19496,2.25,2.17
2015.01.07 17:08:36.954,1.19484,1.19488,1.00,1.67
2015.01.07 17:08:37.560,1.19483,1.19485,1.00,1.12
2015.01.07 17:08:37.611,1.19479,1.19483,2.62,1.00
2015.01.07 17:08:38.318,1.19479,1.19484,3.37,1.10
2015.01.07 17:08:38.369,1.19482,1.19484,1.00,1.10
2015.01.07 17:08:38.571,1.19485,1.19488,1.00,1.57
2015.01.07 17:08:39.077,1.19483,1.19488,2.62,1.57
2015.01.07 17:08:39.279,1.19483,1.19486,2.62,1.60
2015.01.07 17:08:39.431,1.19479,1.19484,3.00,1.50
2015.01.07 17:08:39.532,1.19479,1.19483,1.12,1.00
2015.01.07 17:08:42.273,1.19478,1.19483,2.62,1.10
2015.01.07 17:08:42.931,1.19478,1.19484,1.57,2.25
2015.01.07 17:08:44.380,1.19478,1.19483,3.37,1.10
2015.01.07 17:08:46.768,1.19482,1.19484,1.50,1.05
2015.01.07 17:08:46.920,1.19485,1.1949,1.87,1.57
2015.01.07 17:08:47.123,1.19489,1.19493,1.00,2.25
2015.01.07 17:08:47.224,1.1949,1.19493,1.10,1.00
2015.01.07 17:08:47.325,1.1949,1.19496,2.25,2.92
2015.01.07 17:08:47.376,1.1949,1.19493,2.25,1.00
2015.01.07 17:08:47.478,1.1949,1.19493,1.10,1.00
2015.01.07 17:08:47.680,1.1949,1.19495,2.25,1.00
2015.01.07 17:08:48.326,1.19492,1.19496,1.10,1.10
2015.01.07 17:08:48.630,1.19494,1.19497,1.00,1.10
2015.01.07 17:08:49.137,1.19495,1.19498,1.00,1.10
2015.01.07 17:08:49.442,1.195,1.19504,1.42,1.10
2015.01.07 17:08:49.745,1.195,1.19504,2.10,1.00
2015.01.07 17:08:49.796,1.19501,1.19506,1.50,1.00
2015.01.07 17:08:51.070,1.19504,1.19506,1.00,1.00
2015.01.07 17:08:51.123,1.19505,1.1951,1.10,1.31
2015.01.07 17:08:51.174,1.19508,1.19511,2.25,1.12
2015.01.07 17:08:51.427,1.19515,1.1952,1.12,1.57
2015.01.07 17:08:51.528,1.19515,1.19519,1.50,1.00
2015.01.07 17:08:51.629,1.19515,1.19519,1.50,1.00
2015.01.07 17:08:51.731,1.19514,1.19518,1.87,1.00
2015.01.07 17:08:51.782,1.19517,1.19519,1.12,1.10
2015.01.07 17:08:51.833,1.19517,1.19521,1.20,1.50
2015.01.07 17:08:51.883,1.1952,1.19521,1.00,1.00
2015.01.07 17:08:51.985,1.19523,1.19526,1.00,1.10
2015.01.07 17:08:52.137,1.19523,1.19528,1.12,2.32
2015.01.07 17:08:52.642,1.19522,1.19527,1.50,1.00
2015.01.07 17:08:52.945,1.19522,1.19525,1.50,1.00
2015.01.07 17:08:53.464,1.19521,1.19525,1.50,1.00
2015.01.07 17:08:54.274,1.19523,1.19526,1.10,1.00
2015.01.07 17:08:54.375,1.19523,1.19528,1.87,1.10
2015.01.07 17:08:54.427,1.19526,1.19529,1.00,1.87
2015.01.07 17:08:55.957,1.19532,1.19534,1.25,1.87
2015.01.07 17:08:56.011,1.19536,1.1954,3.00,1.00
2015.01.07 17:08:56.062,1.19536,1.19542,4.12,1.42
2015.01.07 17:08:56.365,1.19541,1.19546,2.10,2.25
2015.01.07 17:08:56.466,1.19544,1.19546,1.00,1.10
2015.01.07 17:08:56.518,1.19542,1.19546,1.10,1.10
2015.01.07 17:08:56.720,1.19545,1.19546,1.00,1.00
2015.01.07 17:08:56.771,1.19545,1.19546,1.00,3.00
2015.01.07 17:08:56.822,1.19541,1.19544,1.50,1.54
2015.01.07 17:08:56.924,1.1954,1.19543,1.00,1.10
2015.01.07 17:08:57.026,1.1954,1.19545,1.50,2.10
2015.01.07 17:08:57.077,1.1954,1.19545,1.50,1.35
2015.01.07 17:08:57.128,1.19542,1.19546,1.00,1.00
2015.01.07 17:08:57.431,1.19541,1.19544,1.00,3.04
2015.01.07 17:08:57.685,1.19536,1.19541,1.50,1.00
2015.01.07 17:08:58.089,1.19538,1.19541,2.85,1.00
2015.01.07 17:08:58.393,1.19541,1.19544,2.10,1.00
2015.01.07 17:08:58.909,1.19543,1.19544,1.00,1.00
2015.01.07 17:08:59.670,1.19543,1.19545,1.00,1.00
2015.01.07 17:08:59.975,1.19543,1.19547,1.00,1.00
2015.01.07 17:09:00.026,1.19545,1.19547,1.00,1.00
2015.01.07 17:09:00.532,1.19545,1.19548,1.00,2.10
2015.01.07 17:09:01.051,1.19544,1.19549,1.50,2.85
2015.01.07 17:09:01.355,1.19544,1.19548,1.50,1.12
2015.01.07 17:09:01.658,1.19546,1.1955,1.50,1.50
2015.01.07 17:09:02.113,1.19544,1.19549,1.57,1.12
2015.01.07 17:09:03.173,1.19544,1.19548,1.50,1.12
2015.01.07 17:09:04.612,1.1954,1.19542,1.50,1.12
2015.01.07 17:09:04.665,1.19536,1.19542,1.12,2.62
2015.01.07 17:09:05.170,1.19536,1.1954,1.10,1.10
2015.01.07 17:09:05.272,1.19538,1.1954,1.00,1.10
2015.01.07 17:09:05.373,1.19536,1.1954,1.57,1.10
2015.01.07 17:09:05.424,1.1954,1.19541,1.00,1.05
2015.01.07 17:09:05.475,1.1954,1.19545,1.00,3.00
2015.01.07 17:09:05.627,1.19541,1.19544,1.20,1.00
2015.01.07 17:09:05.728,1.19541,1.19544,2.05,1.00
2015.01.07 17:09:05.829,1.19542,1.19546,2.25,1.00
2015.01.07 17:09:06.271,1.19545,1.19547,1.00,1.50
2015.01.07 17:09:07.062,1.19545,1.19546,1.00,1.00
2015.01.07 17:09:07.567,1.19544,1.19547,1.00,2.32
2015.01.07 17:09:07.871,1.19546,1.19549,1.00,2.17
2015.01.07 17:09:09.439,1.19547,1.19548,1.00,1.10
2015.01.07 17:09:09.946,1.19547,1.1955,1.00,1.12
2015.01.07 17:09:10.047,1.19545,1.19549,1.00,1.05
2015.01.07 17:09:10.553,1.19545,1.19549,1.00,3.12
2015.01.07 17:09:11.059,1.19546,1.19549,1.00,2.52
2015.01.07 17:09:12.687,1.19543,1.19545,1.57,1.00
2015.01.07 17:09:12.890,1.19535,1.19541,1.57,1.69
2015.01.07 17:09:13.423,1.19535,1.19539,1.00,1.12
2015.01.07 17:09:13.928,1.19534,1.19539,2.32,1.87
2015.01.07 17:09:16.663,1.19533,1.19537,1.87,1.00
2015.01.07 17:09:17.067,1.19535,1.1954,2.32,1.87
2015.01.07 17:09:17.269,1.19537,1.1954,1.00,1.12
2015.01.07 17:09:18.021,1.19536,1.19539,1.00,1.10
2015.01.07 17:09:18.375,1.19534,1.19539,1.10,3.97
2015.01.07 17:09:18.780,1.19533,1.19536,1.12,1.00
2015.01.07 17:09:18.983,1.19534,1.19538,1.10,1.42
2015.01.07 17:09:19.034,1.19534,1.19536,1.10,1.00
2015.01.07 17:09:19.581,1.19532,1.19536,1.12,1.50
2015.01.07 17:09:20.929,1.19532,1.19535,1.12,1.00
2015.01.07 17:09:21.283,1.19534,1.19537,1.00,1.10
2015.01.07 17:09:22.671,1.19534,1.19538,1.10,1.10
2015.01.07 17:09:23.176,1.19535,1.19537,1.00,1.00
2015.01.07 17:09:23.684,1.19534,1.19538,1.12,1.00
2015.01.07 17:09:24.196,1.19535,1.19539,1.57,1.57
2015.01.07 17:09:25.727,1.19535,1.19539,2.62,1.00
2015.01.07 17:09:26.283,1.19536,1.19539,1.12,1.00
2015.01.07 17:09:27.040,1.19536,1.19539,1.10,1.50
2015.01.07 17:09:27.343,1.19534,1.19537,1.50,1.00
2015.01.07 17:09:27.848,1.19533,1.19537,3.00,1.00
2015.01.07 17:09:28.850,1.19533,1.19536,3.00,1.00
2015.01.07 17:09:29.270,1.19528,1.1953,2.85,1.00
2015.01.07 17:09:29.321,1.19523,1.19527,2.25,1.00
2015.01.07 17:09:29.828,1.19523,1.19528,1.87,1.57
2015.01.07 17:09:29.980,1.19527,1.1953,1.00,2.25
2015.01.07 17:09:30.132,1.1953,1.19535,2.85,1.50
2015.01.07 17:09:30.183,1.19533,1.19535,1.00,1.00
2015.01.07 17:09:30.285,1.19532,1.19537,1.10,1.12
2015.01.07 17:09:30.336,1.19533,1.19537,1.75,1.00
2015.01.07 17:09:30.386,1.19534,1.1954,1.50,1.10
2015.01.07 17:09:35.822,1.19533,1.19538,1.50,1.00
2015.01.07 17:09:36.328,1.19532,1.19537,2.25,1.50
2015.01.07 17:09:36.531,1.19528,1.19531,1.00,1.12
2015.01.07 17:09:37.036,1.19529,1.19531,1.00,1.10
2015.01.07 17:09:37.643,1.1953,1.19531,1.00,1.00
2015.01.07 17:09:37.744,1.1953,1.19533,1.00,1.57
2015.01.07 17:09:38.680,1.1953,1.19532,1.00,1.00
2015.01.07 17:09:39.388,1.19529,1.19532,1.57,1.00
2015.01.07 17:09:39.903,1.1953,1.19532,1.00,1.00
2015.01.07 17:09:41.377,1.19529,1.19532,1.57,1.00
2015.01.07 17:09:42.247,1.1953,1.19532,1.00,1.00
2015.01.07 17:09:43.228,1.19529,1.19532,1.10,1.00
2015.01.07 17:09:44.581,1.19529,1.19531,1.10,1.00
2015.01.07 17:09:44.986,1.19527,1.19529,1.10,1.00
2015.01.07 17:09:45.088,1.19525,1.19529,1.87,1.00
2015.01.07 17:09:45.291,1.19523,1.19528,1.57,1.27
2015.01.07 17:09:45.797,1.19524,1.19527,1.00,1.12
2015.01.07 17:09:46.505,1.19524,1.19528,1.57,1.10
2015.01.07 17:09:47.018,1.19525,1.19528,1.00,1.10
2015.01.07 17:09:47.533,1.19524,1.19528,1.57,1.10
2015.01.07 17:09:48.037,1.19524,1.19528,1.50,1.50
2015.01.07 17:09:49.093,1.19524,1.19529,1.57,3.22
2015.01.07 17:09:49.721,1.19524,1.19527,1.00,1.12
2015.01.07 17:09:50.280,1.19523,1.19527,1.50,1.87
2015.01.07 17:09:50.789,1.19524,1.19527,1.50,1.10
2015.01.07 17:09:52.961,1.19523,1.19527,2.32,1.10
2015.01.07 17:09:54.122,1.19524,1.19527,1.00,1.57
2015.01.07 17:09:54.627,1.19523,1.19527,1.50,1.12
2015.01.07 17:09:57.930,1.19516,1.19518,1.50,1.72
2015.01.07 17:09:57.981,1.19514,1.19515,1.00,1.00
2015.01.07 17:09:58.083,1.19511,1.19515,1.12,1.00
2015.01.07 17:09:58.386,1.19509,1.19514,1.12,1.95
2015.01.07 17:09:58.538,1.19508,1.19512,1.50,1.00
2015.01.07 17:09:59.045,1.19507,1.19511,2.25,1.00
2015.01.07 17:09:59.853,1.19507,1.1951,1.50,1.00
2015.01.07 17:10:00.055,1.19505,1.19509,1.87,3.37
2015.01.07 17:10:00.208,1.19504,1.19506,1.12,1.00
2015.01.07 17:10:00.716,1.19504,1.19506,1.10,1.00
2015.01.07 17:10:01.222,1.19504,1.19507,1.10,1.00
2015.01.07 17:10:05.204,1.19503,1.19507,1.00,1.12
2015.01.07 17:10:05.728,1.19503,1.19507,1.10,1.10
2015.01.07 17:10:07.011,1.19505,1.19507,1.00,1.10
2015.01.07 17:10:07.714,1.19513,1.19516,3.60,3.00
2015.01.07 17:10:07.765,1.19515,1.19518,1.50,1.00
2015.01.07 17:10:07.918,1.19515,1.19517,1.42,1.00
2015.01.07 17:10:08.019,1.19516,1.19517,1.05,1.50
2015.01.07 17:10:08.223,1.19515,1.19517,1.10,1.00
2015.01.07 17:10:08.477,1.19512,1.19515,1.67,1.00
2015.01.07 17:10:08.629,1.1951,1.19514,1.50,2.10
2015.01.07 17:10:08.933,1.19509,1.19512,1.50,1.00
2015.01.07 17:10:09.438,1.19507,1.19512,2.25,1.50
2015.01.07 17:10:09.956,1.19506,1.19511,3.00,1.50
2015.01.07 17:10:10.163,1.19506,1.1951,1.12,1.00
2015.01.07 17:10:10.678,1.19505,1.19509,2.25,1.00
2015.01.07 17:10:11.590,1.1951,1.19512,1.00,1.00
2015.01.07 17:10:12.096,1.1951,1.19511,1.00,1.00
2015.01.07 17:10:13.925,1.19509,1.19511,1.10,1.00
2015.01.07 17:10:14.278,1.19508,1.19513,3.22,1.57
2015.01.07 17:10:14.379,1.1951,1.19513,1.12,1.50
2015.01.07 17:10:14.632,1.19513,1.19518,1.00,3.00
2015.01.07 17:10:14.684,1.19515,1.19518,1.00,1.87
2015.01.07 17:10:15.140,1.19512,1.19515,1.12,1.00
2015.01.07 17:10:16.248,1.19511,1.19512,1.12,1.00
2015.01.07 17:10:16.301,1.19509,1.19511,1.10,1.00
2015.01.07 17:10:16.806,1.19506,1.19511,1.50,1.50
2015.01.07 17:10:17.334,1.19506,1.19511,1.12,2.32
2015.01.07 17:10:17.839,1.19508,1.19511,1.00,1.57
2015.01.07 17:10:18.042,1.19504,1.19509,3.00,1.50
2015.01.07 17:10:18.093,1.19504,1.19507,1.12,1.35
2015.01.07 17:10:18.194,1.19503,1.19507,1.50,1.87
2015.01.07 17:10:18.448,1.19501,1.19505,1.00,1.12
2015.01.07 17:10:20.603,1.19501,1.19503,1.00,1.00
2015.01.07 17:10:21.109,1.19501,1.19504,1.00,2.32
2015.01.07 17:10:21.636,1.195,1.19504,1.57,1.57
2015.01.07 17:10:21.943,1.19499,1.19502,1.87,2.10
2015.01.07 17:10:22.478,1.19499,1.19504,2.25,2.25
2015.01.07 17:10:22.782,1.195,1.19501,1.00,1.50
2015.01.07 17:10:22.934,1.195,1.19505,1.00,3.00
2015.01.07 17:10:23.288,1.19502,1.19507,1.10,1.87
2015.01.07 17:10:24.998,1.195,1.19502,1.42,1.00
2015.01.07 17:10:25.056,1.19496,1.195,1.57,1.42
2015.01.07 17:10:25.562,1.19496,1.195,1.00,2.62
2015.01.07 17:10:25.815,1.19496,1.19498,1.00,1.12
2015.01.07 17:10:27.470,1.19495,1.19498,1.50,1.12
2015.01.07 17:10:29.711,1.19495,1.19498,1.00,1.10
2015.01.07 17:10:30.420,1.19496,1.19499,1.00,1.12
2015.01.07 17:10:30.977,1.19496,1.195,2.62,1.50
2015.01.07 17:10:31.281,1.19497,1.195,1.00,1.10
2015.01.07 17:10:31.787,1.19496,1.195,1.50,1.12
2015.01.07 17:10:32.618,1.19499,1.195,1.00,1.05
2015.01.07 17:10:32.821,1.19496,1.195,1.57,1.10
2015.01.07 17:10:33.327,1.19493,1.19499,3.00,1.10
2015.01.07 17:10:34.288,1.19493,1.19499,1.12,1.12
2015.01.07 17:10:34.794,1.19492,1.19497,1.87,1.57
2015.01.07 17:10:35.300,1.19492,1.19496,1.87,1.00
2015.01.07 17:10:35.836,1.19492,1.19496,1.10,1.10
2015.01.07 17:10:36.361,1.19491,1.19495,2.62,1.00
2015.01.07 17:10:39.004,1.19491,1.19496,2.62,1.57
2015.01.07 17:10:39.509,1.19491,1.19495,1.87,1.50
2015.01.07 17:10:42.874,1.19492,1.19496,1.10,1.10
2015.01.07 17:10:43.076,1.19496,1.19497,1.00,1.10
2015.01.07 17:10:43.279,1.19493,1.19498,1.12,1.10
2015.01.07 17:10:44.698,1.19493,1.19499,2.25,1.57
2015.01.07 17:10:46.563,1.19494,1.19499,1.12,3.30
2015.01.07 17:10:47.068,1.19494,1.19498,1.10,1.10
2015.01.07 17:10:48.158,1.19494,1.19496,1.10,1.00
2015.01.07 17:10:48.668,1.19493,1.19498,1.87,1.10
2015.01.07 17:10:50.389,1.19493,1.19496,1.87,1.00
2015.01.07 17:10:51.564,1.19492,1.19495,1.50,1.00
2015.01.07 17:10:52.248,1.19492,1.19496,1.50,1.00
2015.01.07 17:10:52.652,1.19491,1.19494,1.50,1.00
2015.01.07 17:10:52.753,1.1949,1.19494,1.12,1.50
2015.01.07 17:10:53.561,1.19489,1.19493,4.50,1.00
2015.01.07 17:10:54.267,1.19489,1.19492,1.50,1.00
2015.01.07 17:10:56.038,1.19489,1.19493,2.25,1.50
2015.01.07 17:10:57.372,1.19489,1.19494,3.00,1.50
2015.01.07 17:10:57.879,1.19489,1.19493,3.75,1.00
2015.01.07 17:10:58.486,1.19489,1.19492,2.25,1.00
2015.01.07 17:10:58.587,1.19487,1.19488,1.50,1.00
2015.01.07 17:10:58.689,1.19482,1.19485,1.10,1.00
2015.01.07 17:10:58.790,1.19485,1.19489,1.00,3.00
2015.01.07 17:10:58.992,1.19486,1.1949,1.00,1.12
2015.01.07 17:10:59.497,1.19485,1.1949,1.57,1.87
2015.01.07 17:11:00.003,1.19486,1.19491,1.57,1.12
2015.01.07 17:11:00.521,1.19487,1.19492,1.10,1.87
2015.01.07 17:11:01.067,1.19488,1.19492,1.00,1.87
2015.01.07 17:11:01.571,1.19488,1.19492,1.87,1.00
2015.01.07 17:11:02.077,1.19488,1.19493,1.87,2.55
2015.01.07 17:11:02.854,1.19488,1.19491,1.87,1.00
2015.01.07 17:11:03.159,1.19488,1.19489,1.00,1.00
2015.01.07 17:11:03.210,1.19486,1.19489,1.57,1.00
2015.01.07 17:11:04.747,1.19487,1.1949,1.10,1.00
2015.01.07 17:11:05.252,1.19487,1.19492,1.10,2.62
2015.01.07 17:11:05.761,1.19487,1.1949,1.10,1.50
2015.01.07 17:11:07.569,1.19486,1.19489,1.87,1.00
2015.01.07 17:11:08.024,1.19485,1.19487,1.12,2.10
2015.01.07 17:11:09.318,1.19484,1.19485,1.00,1.00
2015.01.07 17:11:09.823,1.19482,1.19484,1.12,1.50
2015.01.07 17:11:10.474,1.19482,1.19484,1.10,1.00
2015.01.07 17:11:11.091,1.19484,1.19485,1.00,1.00
2015.01.07 17:11:11.344,1.19485,1.19488,1.10,1.00
2015.01.07 17:11:12.212,1.19484,1.19487,1.87,2.10
2015.01.07 17:11:12.314,1.19482,1.19486,1.67,3.22
2015.01.07 17:11:12.365,1.19482,1.19484,1.37,1.00
2015.01.07 17:11:12.416,1.1948,1.19483,1.50,1.00
2015.01.07 17:11:12.567,1.19479,1.19481,1.50,1.00
2015.01.07 17:11:12.669,1.19478,1.1948,1.50,1.00
2015.01.07 17:11:13.174,1.19477,1.1948,1.00,1.12
2015.01.07 17:11:14.968,1.19477,1.1948,1.00,1.57
2015.01.07 17:11:16.359,1.19478,1.1948,1.00,1.57
2015.01.07 17:11:18.428,1.19478,1.1948,1.00,4.42
2015.01.07 17:11:18.479,1.19473,1.19475,1.00,1.72
2015.01.07 17:11:18.580,1.19471,1.19475,1.10,1.72
2015.01.07 17:11:18.683,1.19469,1.19475,1.10,2.25
2015.01.07 17:11:19.036,1.19471,1.19475,1.00,1.75
2015.01.07 17:11:19.087,1.19473,1.19475,1.00,1.00
2015.01.07 17:11:19.138,1.19473,1.19477,1.00,1.00
2015.01.07 17:11:19.290,1.19474,1.19479,1.50,1.00
2015.01.07 17:11:19.696,1.19472,1.19478,1.50,1.00
2015.01.07 17:11:19.797,1.19474,1.19478,1.00,1.00
2015.01.07 17:11:19.898,1.19472,1.19478,1.50,1.00
2015.01.07 17:11:20.252,1.19475,1.19478,1.00,1.00
2015.01.07 17:11:20.303,1.19475,1.1948,1.50,2.25
2015.01.07 17:11:20.456,1.19477,1.19481,1.00,1.50
2015.01.07 17:11:21.523,1.19478,1.19482,1.00,1.00
2015.01.07 17:11:21.828,1.1948,1.19484,1.50,1.00
2015.01.07 17:11:22.334,1.19479,1.19483,1.50,2.25
2015.01.07 17:11:22.840,1.19479,1.19484,2.25,3.00
2015.01.07 17:11:23.345,1.1948,1.19484,1.50,1.12
2015.01.07 17:11:23.858,1.19481,1.19484,1.00,1.10
2015.01.07 17:11:24.363,1.1948,1.19484,2.32,1.10
2015.01.07 17:11:24.681,1.19482,1.19485,1.00,1.12
2015.01.07 17:11:25.186,1.19481,1.19485,1.57,1.10
2015.01.07 17:11:26.074,1.19483,1.19485,1.00,1.57
2015.01.07 17:11:26.846,1.19482,1.19485,1.50,1.10
2015.01.07 17:11:27.618,1.19483,1.19485,1.00,1.10
2015.01.07 17:11:28.129,1.19484,1.19486,1.00,1.12
2015.01.07 17:11:29.459,1.19484,1.19486,1.00,1.10
2015.01.07 17:11:30.532,1.19484,1.19485,1.00,1.00
2015.01.07 17:11:30.684,1.19481,1.19485,1.57,1.10
2015.01.07 17:11:31.674,1.19481,1.19485,1.50,1.12
2015.01.07 17:11:37.054,1.1948,1.19484,1.10,1.10
2015.01.07 17:11:37.866,1.1948,1.19484,1.50,1.12
2015.01.07 17:11:38.372,1.19481,1.19484,1.00,1.12
2015.01.07 17:11:40.024,1.1948,1.19484,1.50,1.12
2015.01.07 17:11:40.125,1.1948,1.19482,1.00,1.00
2015.01.07 17:11:40.176,1.19476,1.19477,1.50,1.50
2015.01.07 17:11:40.227,1.1947,1.19476,1.50,1.37
2015.01.07 17:11:40.278,1.1947,1.19475,2.92,1.00
2015.01.07 17:11:40.379,1.1947,1.19474,1.12,1.87
2015.01.07 17:11:40.581,1.19468,1.19472,1.00,4.35
2015.01.07 17:11:40.784,1.19466,1.19472,1.57,2.62
2015.01.07 17:11:41.516,1.19467,1.19472,1.00,2.62
2015.01.07 17:11:42.044,1.19466,1.19471,2.32,1.87
2015.01.07 17:11:42.550,1.19467,1.19471,1.00,1.12
2015.01.07 17:11:43.655,1.19469,1.19472,1.00,3.00
2015.01.07 17:11:44.412,1.1947,1.19471,1.00,1.05
2015.01.07 17:11:45.204,1.19472,1.19474,1.50,1.42
2015.01.07 17:11:45.305,1.19474,1.19477,2.62,1.50
2015.01.07 17:11:45.558,1.19475,1.1948,1.00,3.00
2015.01.07 17:11:45.610,1.19475,1.1948,1.00,2.25
2015.01.07 17:11:48.277,1.19477,1.1948,1.00,1.00
2015.01.07 17:11:48.783,1.19477,1.1948,1.00,1.12
2015.01.07 17:11:49.314,1.19476,1.1948,1.00,1.12
2015.01.07 17:11:49.618,1.19471,1.19472,2.25,1.00
2015.01.07 17:11:49.719,1.19469,1.19471,1.00,1.00
2015.01.07 17:11:50.176,1.19467,1.19471,1.10,1.10
2015.01.07 17:11:50.278,1.19467,1.19471,1.00,1.50
2015.01.07 17:11:50.805,1.19466,1.19471,1.10,2.25
2015.01.07 17:11:51.108,1.19468,1.19473,2.10,2.25
2015.01.07 17:11:51.159,1.19471,1.19473,1.00,1.00
2015.01.07 17:11:51.260,1.19471,1.19475,1.00,1.00
2015.01.07 17:11:51.412,1.19471,1.19474,1.00,2.10
2015.01.07 17:11:51.463,1.19468,1.19473,1.50,1.35
2015.01.07 17:11:51.968,1.19469,1.19472,1.00,1.50
2015.01.07 17:11:52.492,1.1947,1.19472,1.00,1.50
2015.01.07 17:11:53.988,1.19469,1.19472,1.00,1.50
2015.01.07 17:11:55.233,1.19469,1.19471,1.00,1.00
2015.01.07 17:11:55.630,1.19466,1.19471,3.00,1.50
2015.01.07 17:11:56.136,1.19466,1.1947,2.62,1.10
2015.01.07 17:11:57.843,1.19469,1.19472,1.00,1.50
2015.01.07 17:11:57.995,1.19469,1.19472,1.00,1.57
2015.01.07 17:11:58.299,1.19467,1.19471,1.57,1.10
2015.01.07 17:11:58.501,1.19469,1.19472,1.50,1.12
2015.01.07 17:11:58.804,1.19471,1.19474,1.00,1.50
2015.01.07 17:11:59.057,1.19472,1.19478,1.10,1.75
2015.01.07 17:11:59.716,1.19474,1.19478,1.50,1.75
2015.01.07 17:11:59.969,1.19472,1.19478,2.32,2.25
2015.01.07 17:12:02.024,1.19473,1.19478,1.00,4.35
2015.01.07 17:12:02.177,1.19472,1.19474,1.10,1.00
2015.01.07 17:12:02.481,1.19467,1.19471,1.10,1.57
2015.01.07 17:12:03.138,1.19467,1.19471,1.00,1.87
2015.01.07 17:12:04.109,1.19469,1.19471,1.50,1.12
2015.01.07 17:12:04.362,1.19472,1.19475,1.00,1.12
2015.01.07 17:12:04.868,1.19472,1.19477,1.10,1.50
2015.01.07 17:12:05.019,1.19472,1.19477,1.12,1.10
2015.01.07 17:12:07.943,1.19472,1.19476,1.00,1.12
2015.01.07 17:12:08.450,1.19472,1.19477,1.10,1.12
2015.01.07 17:12:09.309,1.19472,1.19477,1.50,1.50
2015.01.07 17:12:10.189,1.19473,1.19479,1.12,1.12
2015.01.07 17:12:10.830,1.19473,1.19476,1.12,1.00
2015.01.07 17:12:11.133,1.19467,1.19471,1.50,1.87
2015.01.07 17:12:11.591,1.19467,1.19471,1.10,2.25
2015.01.07 17:12:15.128,1.19469,1.19471,1.00,1.12
2015.01.07 17:12:15.230,1.1947,1.19472,2.85,1.10
2015.01.07 17:12:15.331,1.19471,1.19474,1.12,1.60
2015.01.07 17:12:15.585,1.19468,1.19471,1.12,1.37
2015.01.07 17:12:15.687,1.1947,1.19472,1.00,1.72
2015.01.07 17:12:16.547,1.1947,1.19472,1.00,1.37
2015.01.07 17:12:16.800,1.19468,1.19471,1.10,1.47
2015.01.07 17:12:18.100,1.19466,1.1947,2.62,1.47
2015.01.07 17:12:20.180,1.19468,1.1947,1.00,1.10
2015.01.07 17:12:20.685,1.19466,1.1947,1.87,1.95
2015.01.07 17:12:21.193,1.19466,1.19469,1.50,1.10
2015.01.07 17:12:23.603,1.19469,1.19472,1.00,1.12
2015.01.07 17:12:23.654,1.19469,1.19471,1.00,1.57
2015.01.07 17:12:24.295,1.19469,1.1947,1.00,1.00
2015.01.07 17:12:24.497,1.19466,1.1947,1.12,1.87
2015.01.07 17:12:25.001,1.19466,1.19469,1.10,1.12
2015.01.07 17:12:35.165,1.19467,1.19469,1.00,1.57
2015.01.07 17:12:35.671,1.19466,1.19469,1.00,1.57
2015.01.07 17:12:36.176,1.19465,1.19469,1.10,1.57
2015.01.07 17:12:36.227,1.19467,1.19469,1.00,1.10
2015.01.07 17:12:36.884,1.19468,1.1947,1.00,1.80
2015.01.07 17:12:37.492,1.19469,1.19471,1.00,2.15
2015.01.07 17:12:37.796,1.19475,1.19477,1.00,1.10
2015.01.07 17:12:38.302,1.19475,1.19478,1.00,1.10
2015.01.07 17:12:42.082,1.19476,1.19478,1.00,1.10
2015.01.07 17:12:42.943,1.19475,1.19478,1.00,1.10
2015.01.07 17:12:45.018,1.19474,1.19477,1.10,1.00
2015.01.07 17:12:45.574,1.19472,1.19476,2.25,1.00
2015.01.07 17:12:45.675,1.19472,1.19477,2.25,1.00
2015.01.07 17:12:45.929,1.19469,1.19473,1.50,1.50
2015.01.07 17:12:45.979,1.19469,1.19471,1.42,1.00
2015.01.07 17:12:46.131,1.19468,1.19471,1.10,1.10
2015.01.07 17:12:46.485,1.19468,1.19474,1.87,1.87
2015.01.07 17:12:48.435,1.1947,1.19474,1.00,1.12
2015.01.07 17:12:48.940,1.19472,1.19476,1.00,1.75
2015.01.07 17:12:48.991,1.19472,1.19476,1.10,1.10
2015.01.07 17:12:50.006,1.19472,1.19477,2.62,1.10
2015.01.07 17:12:55.444,1.19472,1.19475,1.12,2.10
2015.01.07 17:12:55.699,1.19469,1.19471,1.00,1.10
2015.01.07 17:12:56.204,1.19466,1.1947,1.50,1.00
2015.01.07 17:12:57.965,1.19468,1.19471,1.10,1.10
2015.01.07 17:12:58.470,1.19469,1.19471,1.00,1.57
2015.01.07 17:12:58.975,1.19466,1.1947,1.50,1.50
2015.01.07 17:12:59.127,1.19466,1.1947,1.10,1.10
2015.01.07 17:12:59.633,1.19464,1.19469,2.62,1.10
2015.01.07 17:13:00.492,1.19466,1.19471,1.00,2.25
2015.01.07 17:13:03.599,1.19465,1.19469,1.10,1.10
2015.01.07 17:13:03.650,1.19465,1.19467,1.10,1.00
2015.01.07 17:13:03.957,1.19466,1.19468,1.00,1.00
2015.01.07 17:13:04.410,1.19467,1.19469,1.00,1.57
2015.01.07 17:13:05.487,1.19467,1.19469,1.00,1.57
2015.01.07 17:13:05.590,1.19466,1.19469,1.00,1.57
2015.01.07 17:13:06.101,1.19467,1.19469,1.00,1.57
2015.01.07 17:13:06.605,1.19467,1.19469,1.00,1.57
2015.01.07 17:13:07.860,1.19466,1.19469,1.00,1.57
2015.01.07 17:13:08.013,1.19468,1.19469,1.00,1.57
2015.01.07 17:13:08.317,1.19466,1.19469,1.00,1.57
2015.01.07 17:13:08.772,1.19467,1.19469,1.00,1.57
2015.01.07 17:13:09.076,1.19466,1.19469,1.00,1.57
2015.01.07 17:13:09.582,1.19467,1.19469,1.00,1.57
2015.01.07 17:13:10.919,1.19467,1.19468,1.00,1.00
2015.01.07 17:13:11.426,1.19466,1.19469,1.00,1.57
2015.01.07 17:13:11.941,1.19467,1.19469,1.00,1.10
2015.01.07 17:13:12.304,1.19465,1.19469,1.57,1.10
2015.01.07 17:13:12.405,1.19467,1.19469,1.00,1.10
2015.01.07 17:13:12.709,1.19467,1.19472,1.57,2.25
2015.01.07 17:13:13.217,1.1947,1.19472,1.00,1.05
2015.01.07 17:13:13.909,1.1947,1.19471,1.00,1.57
2015.01.07 17:13:15.705,1.19469,1.19471,1.00,1.50
2015.01.07 17:13:16.459,1.19468,1.19471,1.10,1.50
2015.01.07 17:13:16.764,1.19464,1.19468,1.10,1.10
2015.01.07 17:13:17.017,1.19463,1.19466,1.12,1.00
2015.01.07 17:13:17.220,1.19461,1.19466,1.12,1.87
2015.01.07 17:13:17.523,1.1946,1.19466,1.57,2.25
2015.01.07 17:13:18.432,1.1946,1.19466,1.87,1.12
2015.01.07 17:13:20.003,1.19462,1.19468,1.50,2.25
2015.01.07 17:13:21.141,1.19463,1.19468,1.00,1.00
2015.01.07 17:13:22.330,1.19464,1.19469,1.00,1.00
2015.01.07 17:13:22.836,1.19464,1.1947,1.00,2.25
2015.01.07 17:13:23.240,1.19467,1.1947,1.00,1.00
2015.01.07 17:13:23.493,1.1947,1.19475,1.10,1.87
2015.01.07 17:13:23.898,1.1947,1.19475,2.85,1.57
2015.01.07 17:13:24.676,1.19469,1.19474,4.87,1.10
2015.01.07 17:13:24.979,1.19469,1.19471,2.17,1.00
2015.01.07 17:13:25.131,1.19466,1.1947,1.75,1.00
2015.01.07 17:13:25.233,1.19465,1.19469,1.50,1.50
2015.01.07 17:13:26.862,1.19465,1.19469,1.12,1.10
2015.01.07 17:13:30.952,1.19465,1.19468,1.12,1.00
2015.01.07 17:13:31.457,1.19463,1.19469,1.50,1.87
2015.01.07 17:13:32.396,1.19463,1.19467,1.50,1.00
2015.01.07 17:13:32.801,1.19462,1.19465,1.37,1.37
2015.01.07 17:13:32.903,1.19456,1.19458,1.00,2.10
2015.01.07 17:13:33.004,1.19452,1.19457,1.87,1.35
2015.01.07 17:13:33.055,1.19452,1.19456,1.20,1.10
2015.01.07 17:13:33.460,1.19453,1.19458,2.25,1.57
2015.01.07 17:13:34.636,1.19453,1.19457,1.12,1.57
2015.01.07 17:13:35.143,1.19455,1.19458,1.00,1.12
2015.01.07 17:13:35.244,1.19456,1.19461,1.87,1.57
2015.01.07 17:13:35.345,1.19456,1.19461,2.25,1.50
2015.01.07 17:13:35.851,1.19457,1.19462,2.25,1.10
2015.01.07 17:13:36.154,1.19454,1.19458,1.87,1.00
2015.01.07 17:13:36.458,1.19457,1.19462,1.87,1.57
2015.01.07 17:13:36.611,1.19458,1.1946,1.12,2.10
2015.01.07 17:13:36.915,1.19455,1.19458,1.10,1.50
2015.01.07 17:13:37.710,1.19454,1.19457,1.12,1.00
2015.01.07 17:13:39.633,1.19452,1.19456,2.62,1.00
2015.01.07 17:13:41.270,1.19452,1.19457,3.37,1.50
2015.01.07 17:13:43.187,1.19454,1.19457,2.55,1.50
2015.01.07 17:13:43.389,1.19453,1.19457,1.50,2.25
2015.01.07 17:13:44.602,1.19455,1.19458,1.10,1.00
2015.01.07 17:13:44.652,1.19455,1.19458,4.05,1.00
2015.01.07 17:13:44.804,1.19457,1.19461,1.12,1.50
2015.01.07 17:13:45.158,1.19455,1.19458,1.67,1.00
2015.01.07 17:13:45.361,1.19455,1.19458,1.12,1.00
2015.01.07 17:13:45.715,1.19458,1.19462,1.00,1.12
2015.01.07 17:13:46.220,1.19458,1.19462,1.12,1.10
2015.01.07 17:13:48.006,1.19458,1.19462,1.50,1.00
2015.01.07 17:13:48.209,1.1946,1.19464,1.12,2.25
2015.01.07 17:13:48.717,1.19462,1.19465,1.10,1.00
2015.01.07 17:13:48.869,1.19463,1.19467,1.12,1.10
2015.01.07 17:13:49.325,1.19465,1.19469,1.12,1.00
2015.01.07 17:13:49.832,1.19465,1.1947,1.12,1.10
2015.01.07 17:13:50.337,1.19465,1.19469,1.12,1.00
2015.01.07 17:13:51.398,1.19465,1.19471,1.12,3.37
2015.01.07 17:13:51.954,1.19465,1.19468,1.12,1.00
2015.01.07 17:13:52.504,1.19465,1.19468,1.10,1.00
2015.01.07 17:13:52.908,1.19463,1.19467,1.50,1.50
2015.01.07 17:13:52.959,1.1946,1.19463,1.00,1.00
2015.01.07 17:13:53.061,1.1946,1.19465,1.57,2.25
2015.01.07 17:13:53.566,1.19459,1.19464,3.37,1.00
2015.01.07 17:13:54.229,1.1946,1.19462,1.12,1.00
2015.01.07 17:13:54.533,1.19454,1.1946,2.25,1.60
2015.01.07 17:13:54.584,1.19454,1.19458,1.87,1.50
2015.01.07 17:13:54.938,1.19456,1.1946,1.50,1.00
2015.01.07 17:13:55.241,1.19454,1.19458,2.25,1.00
2015.01.07 17:13:55.746,1.19455,1.19458,2.17,1.00
2015.01.07 17:13:56.049,1.19456,1.19461,3.00,1.10
2015.01.07 17:13:56.711,1.19456,1.1946,2.25,2.10
2015.01.07 17:13:56.762,1.19455,1.19458,1.10,2.25
2015.01.07 17:13:57.672,1.19453,1.19457,1.50,1.00
2015.01.07 17:13:58.353,1.19452,1.19457,4.12,1.00
2015.01.07 17:14:02.581,1.19455,1.19457,1.30,1.00
2015.01.07 17:14:02.733,1.19456,1.19459,1.12,1.00
2015.01.07 17:14:03.088,1.19454,1.19457,1.67,1.00
2015.01.07 17:14:03.290,1.19452,1.19457,3.37,1.00
2015.01.07 17:14:03.947,1.19453,1.19458,1.50,1.57
2015.01.07 17:14:04.352,1.19455,1.19458,1.95,1.10
2015.01.07 17:14:04.503,1.19458,1.1946,1.00,1.10
2015.01.07 17:14:04.605,1.19458,1.19462,1.12,1.57
2015.01.07 17:14:05.059,1.19456,1.1946,3.00,1.00
2015.01.07 17:14:05.160,1.19456,1.1946,2.25,1.00
2015.01.07 17:14:05.666,1.19456,1.19461,2.25,1.10
2015.01.07 17:14:07.105,1.1946,1.19463,1.00,1.57
2015.01.07 17:14:07.610,1.1946,1.19464,1.10,1.57
2015.01.07 17:14:08.368,1.1946,1.19464,1.50,1.50
2015.01.07 17:14:10.968,1.1946,1.19463,1.50,1.50
2015.01.07 17:14:11.120,1.1946,1.19463,1.10,1.57
2015.01.07 17:14:13.167,1.19461,1.19463,1.00,1.10
2015.01.07 17:14:19.105,1.19461,1.19464,1.10,2.32
2015.01.07 17:14:19.459,1.19462,1.19467,1.12,1.12
2015.01.07 17:14:19.966,1.19463,1.19469,1.12,2.25
2015.01.07 17:14:20.472,1.19463,1.19469,1.50,1.12
2015.01.07 17:14:20.969,1.19471,1.19475,1.10,1.12
2015.01.07 17:14:21.474,1.19472,1.19476,1.10,1.87
2015.01.07 17:14:23.471,1.19473,1.19478,1.00,3.75
2015.01.07 17:14:24.077,1.19472,1.19476,1.10,2.47
2015.01.07 17:14:24.583,1.19472,1.19476,1.00,1.50
2015.01.07 17:14:25.087,1.19473,1.19478,1.00,3.04
2015.01.07 17:14:25.593,1.19473,1.19477,1.10,1.12
2015.01.07 17:14:26.185,1.19474,1.19478,1.00,1.50
2015.01.07 17:14:26.841,1.19473,1.19477,1.10,1.72
2015.01.07 17:14:28.249,1.19471,1.19473,1.42,1.50
2015.01.07 17:14:28.351,1.1947,1.19474,1.50,1.87
2015.01.07 17:14:28.704,1.19471,1.19475,1.10,1.10
2015.01.07 17:14:29.211,1.19472,1.19476,1.00,1.87
2015.01.07 17:14:29.363,1.1947,1.19472,1.12,2.10
2015.01.07 17:14:29.566,1.19469,1.1947,1.00,1.00
2015.01.07 17:14:30.547,1.19468,1.1947,1.10,1.00
2015.01.07 17:14:31.657,1.19466,1.1947,1.10,1.10
2015.01.07 17:14:33.418,1.19465,1.19471,1.57,1.75
2015.01.07 17:14:35.860,1.19465,1.1947,3.37,1.12
2015.01.07 17:14:37.502,1.19463,1.19468,2.25,1.00
2015.01.07 17:14:38.108,1.19463,1.19469,3.00,1.57
2015.01.07 17:14:38.614,1.19463,1.19469,1.50,1.87
2015.01.07 17:14:38.967,1.19463,1.19469,2.62,1.87
2015.01.07 17:14:39.169,1.19468,1.1947,1.00,1.10
2015.01.07 17:14:41.966,1.19469,1.1947,1.00,1.10
2015.01.07 17:14:42.472,1.19468,1.1947,1.00,1.10
2015.01.07 17:14:43.000,1.19469,1.1947,1.00,1.10
2015.01.07 17:14:43.656,1.19469,1.19471,1.00,1.05
2015.01.07 17:14:44.162,1.19469,1.1947,1.00,1.10
2015.01.07 17:14:44.974,1.19468,1.1947,1.00,1.10
2015.01.07 17:14:45.490,1.19469,1.1947,1.00,1.10
2015.01.07 17:14:46.039,1.19468,1.1947,1.00,1.10
2015.01.07 17:14:46.549,1.19469,1.19471,1.00,1.57
2015.01.07 17:14:47.260,1.19469,1.19471,1.00,1.57
2015.01.07 17:14:47.766,1.19469,1.19471,1.00,1.57
2015.01.07 17:14:50.887,1.19468,1.19471,1.00,1.10
2015.01.07 17:14:51.496,1.19468,1.1947,1.00,1.00
2015.01.07 17:14:53.769,1.19467,1.1947,1.10,1.00
2015.01.07 17:14:54.274,1.19466,1.19469,2.81,1.00
2015.01.07 17:14:55.223,1.19459,1.19461,1.50,1.50
2015.01.07 17:14:55.275,1.19456,1.19461,1.00,3.00
2015.01.07 17:14:55.781,1.19457,1.1946,1.50,1.10
2015.01.07 17:14:56.286,1.19456,1.1946,2.32,1.10
2015.01.07 17:14:57.511,1.19458,1.1946,1.00,1.10
2015.01.07 17:14:57.612,1.19458,1.19463,1.57,3.22
2015.01.07 17:14:57.865,1.19461,1.19465,1.00,1.75
2015.01.07 17:14:58.068,1.19462,1.19466,1.00,2.25
2015.01.07 17:14:58.573,1.19462,1.19467,1.00,4.35
2015.01.07 17:14:58.674,1.1946,1.19462,1.80,1.50
2015.01.07 17:14:58.928,1.19447,1.19451,1.50,1.67
2015.01.07 17:14:59.080,1.19445,1.1945,1.10,2.85
2015.01.07 17:14:59.585,1.19444,1.19449,1.57,1.67
2015.01.07 17:14:59.838,1.19445,1.1945,1.10,3.97
2015.01.07 17:15:00.797,1.19445,1.19448,1.10,1.00
2015.01.07 17:15:00.848,1.19444,1.19446,1.12,1.00
2015.01.07 17:15:01.356,1.19444,1.19447,1.10,1.10
2015.01.07 17:15:02.345,1.19445,1.19447,1.00,1.10
2015.01.07 17:15:05.771,1.19446,1.1945,1.00,2.25
2015.01.07 17:15:05.821,1.19446,1.1945,1.00,1.50
2015.01.07 17:15:11.491,1.19447,1.19451,1.00,1.00
2015.01.07 17:15:11.593,1.19449,1.19452,1.50,1.50
2015.01.07 17:15:11.896,1.1946,1.19461,1.00,1.00
2015.01.07 17:15:12.199,1.19461,1.19464,1.00,1.35
2015.01.07 17:15:12.603,1.19463,1.19467,1.00,1.50
2015.01.07 17:15:13.108,1.19463,1.19468,1.50,1.00
2015.01.07 17:15:13.729,1.19464,1.19469,1.00,2.25
2015.01.07 17:15:15.740,1.19465,1.19469,1.00,1.50
2015.01.07 17:15:17.950,1.19466,1.19469,1.00,1.50
2015.01.07 17:15:18.456,1.19466,1.19469,1.87,1.00
2015.01.07 17:15:18.658,1.19465,1.19469,1.76,1.10
2015.01.07 17:15:18.709,1.19467,1.19469,1.00,1.10
2015.01.07 17:15:19.389,1.19465,1.19469,2.32,1.10
2015.01.07 17:15:19.729,1.19467,1.19469,1.00,1.00
2015.01.07 17:15:20.032,1.19471,1.19475,1.00,1.75
2015.01.07 17:15:20.083,1.19471,1.19475,1.00,1.00
2015.01.07 17:15:20.286,1.19474,1.19479,1.50,2.25
2015.01.07 17:15:20.791,1.19475,1.19479,1.50,1.00
2015.01.07 17:15:23.183,1.19475,1.19478,1.00,1.00
2015.01.07 17:15:23.689,1.19473,1.19476,1.12,1.50
2015.01.07 17:15:23.995,1.19471,1.19473,1.12,1.00
2015.01.07 17:15:24.147,1.19466,1.1947,1.57,1.27
2015.01.07 17:15:24.909,1.19466,1.1947,1.00,2.25
2015.01.07 17:15:26.124,1.19464,1.19468,1.12,1.10
2015.01.07 17:15:28.130,1.19461,1.19467,1.75,1.50
2015.01.07 17:15:28.508,1.19459,1.19463,2.62,1.00
2015.01.07 17:15:28.761,1.19457,1.19461,1.50,1.60
2015.01.07 17:15:28.964,1.19454,1.1946,5.25,1.10
2015.01.07 17:15:29.116,1.19458,1.1946,1.00,1.10
2015.01.07 17:15:29.623,1.19458,1.19462,1.10,1.12
2015.01.07 17:15:29.928,1.19454,1.19457,1.10,1.35
2015.01.07 17:15:30.231,1.19452,1.19455,2.25,1.00
2015.01.07 17:15:30.635,1.19455,1.19457,1.00,1.00
2015.01.07 17:15:31.318,1.19459,1.19463,1.00,1.87
2015.01.07 17:15:31.825,1.19458,1.19463,1.10,2.62
2015.01.07 17:15:32.634,1.19459,1.19463,1.50,1.12
2015.01.07 17:15:33.139,1.1946,1.19463,1.00,1.10
2015.01.07 17:15:35.914,1.19459,1.19463,1.10,1.57
2015.01.07 17:15:36.369,1.19458,1.19461,1.00,1.10
2015.01.07 17:15:40.418,1.19456,1.19457,1.05,2.85
2015.01.07 17:15:40.520,1.19453,1.19456,1.00,1.10
2015.01.07 17:15:41.035,1.19453,1.19456,1.00,1.12
2015.01.07 17:15:41.187,1.19455,1.19458,1.00,2.17
2015.01.07 17:15:41.288,1.19456,1.1946,1.50,1.12
2015.01.07 17:15:42.425,1.19455,1.19458,1.10,2.85
2015.01.07 17:15:43.036,1.19452,1.19456,1.95,1.57
2015.01.07 17:15:45.185,1.19453,1.19456,1.00,1.10
2015.01.07 17:15:49.020,1.19454,1.19456,1.00,1.10
2015.01.07 17:15:50.906,1.19453,1.19456,1.00,1.10
2015.01.07 17:15:51.664,1.19452,1.19456,1.95,1.57
2015.01.07 17:15:51.866,1.19451,1.19455,1.87,1.87
2015.01.07 17:15:52.372,1.1945,1.19455,1.50,2.25
2015.01.07 17:15:52.879,1.19451,1.19456,1.00,3.00
2015.01.07 17:15:52.931,1.19451,1.19456,1.00,2.25
2015.01.07 17:15:55.156,1.19451,1.19455,1.00,1.00
2015.01.07 17:15:55.778,1.19451,1.19456,1.00,3.00
2015.01.07 17:15:57.981,1.19451,1.19455,1.00,1.35
2015.01.07 17:15:58.185,1.1945,1.19453,1.00,2.29
2015.01.07 17:15:58.236,1.19446,1.19449,1.12,1.00
2015.01.07 17:15:58.337,1.19445,1.19449,1.10,1.10
2015.01.07 17:15:58.742,1.19445,1.19447,1.50,2.10
2015.01.07 17:15:58.944,1.19436,1.19442,3.00,1.00
2015.01.07 17:15:59.449,1.19441,1.19442,1.00,1.10
2015.01.07 17:15:59.652,1.19443,1.19447,1.50,1.50
2015.01.07 17:15:59.804,1.19441,1.19445,1.10,1.57
2015.01.07 17:15:59.855,1.1944,1.19443,1.12,2.10
2015.01.07 17:15:59.906,1.19439,1.19443,2.25,2.47
2015.01.07 17:16:00.210,1.19442,1.19445,1.00,1.67
2015.01.07 17:16:00.311,1.19442,1.19447,1.10,1.87
2015.01.07 17:16:00.564,1.19444,1.19449,1.00,3.60
2015.01.07 17:16:02.469,1.19448,1.1945,1.00,1.12
2015.01.07 17:16:02.520,1.19448,1.19453,1.57,2.62
2015.01.07 17:16:03.026,1.1945,1.19453,1.00,1.12
2015.01.07 17:16:03.178,1.19451,1.19455,1.00,1.87
2015.01.07 17:16:03.683,1.19452,1.19457,1.50,3.00
2015.01.07 17:16:04.950,1.19453,1.19457,1.00,2.62
2015.01.07 17:16:05.621,1.19453,1.19457,1.50,2.25
2015.01.07 17:16:05.925,1.19455,1.19457,1.00,1.00
2015.01.07 17:16:06.026,1.19456,1.1946,1.50,1.67
2015.01.07 17:16:06.179,1.19458,1.19461,1.00,1.50
2015.01.07 17:16:06.382,1.19455,1.19457,1.10,1.00
2015.01.07 17:16:06.484,1.19453,1.19457,1.00,2.92
2015.01.07 17:16:06.636,1.19451,1.19456,2.32,1.12
2015.01.07 17:16:07.151,1.19451,1.19456,2.25,1.50
2015.01.07 17:16:07.679,1.19452,1.19456,1.00,1.50
2015.01.07 17:16:08.185,1.19451,1.19456,1.50,2.25
2015.01.07 17:16:08.818,1.19452,1.19457,1.00,3.00
2015.01.07 17:16:08.869,1.19456,1.19457,1.00,1.50
2015.01.07 17:16:08.920,1.19456,1.19457,1.00,1.00
2015.01.07 17:16:09.021,1.19456,1.1946,1.00,1.00
2015.01.07 17:16:09.123,1.19458,1.1946,1.00,1.00
2015.01.07 17:16:09.326,1.19458,1.19462,1.00,1.50
2015.01.07 17:16:09.831,1.19458,1.1946,1.00,2.10
2015.01.07 17:16:10.033,1.19453,1.19456,1.00,1.00
2015.01.07 17:16:10.236,1.19451,1.19456,1.50,2.25
2015.01.07 17:16:11.050,1.19449,1.19454,2.25,2.25
2015.01.07 17:16:11.556,1.1945,1.19454,1.00,1.50
2015.01.07 17:16:12.061,1.1945,1.19453,1.00,1.00
2015.01.07 17:16:12.975,1.1945,1.19454,1.00,1.50
2015.01.07 17:16:13.496,1.19451,1.19454,1.00,1.50
2015.01.07 17:16:13.800,1.19453,1.19457,1.00,1.12
2015.01.07 17:16:14.320,1.19452,1.19457,1.57,2.62
2015.01.07 17:16:15.627,1.1945,1.19454,2.32,1.57
2015.01.07 17:16:16.492,1.19451,1.19454,1.00,1.10
2015.01.07 17:16:16.644,1.19452,1.19457,1.12,1.10
2015.01.07 17:16:17.622,1.19452,1.19457,1.10,2.62
2015.01.07 17:16:17.724,1.19455,1.19457,1.00,1.12
2015.01.07 17:16:17.929,1.19456,1.19459,1.50,1.10
2015.01.07 17:16:18.538,1.19455,1.19457,1.12,1.00
2015.01.07 17:16:18.588,1.19452,1.19457,1.10,2.62
2015.01.07 17:16:18.942,1.1945,1.19454,1.10,1.10
2015.01.07 17:16:19.453,1.19451,1.19454,1.00,1.10
2015.01.07 17:16:19.959,1.19452,1.19457,1.10,1.87
2015.01.07 17:16:20.363,1.19454,1.19457,1.00,1.10
2015.01.07 17:16:20.465,1.19454,1.19459,1.50,1.10
2015.01.07 17:16:20.668,1.19453,1.19457,1.50,1.00
2015.01.07 17:16:20.769,1.19452,1.19455,1.10,1.00
2015.01.07 17:16:21.276,1.19456,1.19457,1.00,1.05
2015.01.07 17:16:21.684,1.19454,1.1946,2.25,1.12
2015.01.07 17:16:21.836,1.19454,1.19457,1.12,1.35
2015.01.07 17:16:21.988,1.19451,1.19456,1.10,1.87
2015.01.07 17:16:22.190,1.1945,1.19453,1.12,1.00
2015.01.07 17:16:22.696,1.1945,1.19453,1.10,1.00
2015.01.07 17:16:23.201,1.19451,1.19455,1.00,1.12
2015.01.07 17:16:24.601,1.19449,1.19454,2.62,1.10
2015.01.07 17:16:25.146,1.1945,1.19453,1.00,1.10
2015.01.07 17:16:25.678,1.19448,1.19451,1.12,1.00
2015.01.07 17:16:26.199,1.19448,1.19452,1.10,1.10
2015.01.07 17:16:26.704,1.19449,1.19453,1.00,1.12
2015.01.07 17:16:27.209,1.1945,1.19453,1.50,1.10
2015.01.07 17:16:27.664,1.19452,1.19455,1.00,1.50
2015.01.07 17:16:27.715,1.19452,1.19456,1.10,1.10
2015.01.07 17:16:30.219,1.19451,1.19454,1.12,1.00
2015.01.07 17:16:30.523,1.19458,1.19461,1.00,2.25
2015.01.07 17:16:30.675,1.19458,1.19461,1.00,1.10
2015.01.07 17:16:34.148,1.19457,1.19461,1.57,2.17
2015.01.07 17:16:34.249,1.19456,1.19458,1.05,1.00
2015.01.07 17:16:34.402,1.19453,1.19457,1.50,1.50
2015.01.07 17:16:34.453,1.19453,1.19457,1.00,1.87
2015.01.07 17:16:34.957,1.19452,1.19455,1.10,1.50
2015.01.07 17:16:35.310,1.19449,1.19453,3.00,1.00
2015.01.07 17:16:35.765,1.19449,1.19453,2.25,1.87
2015.01.07 17:16:36.270,1.1945,1.19453,1.50,1.57
2015.01.07 17:16:36.775,1.19449,1.19452,1.10,1.00
2015.01.07 17:16:37.723,1.19452,1.19455,1.10,1.00
2015.01.07 17:16:38.229,1.19452,1.19457,1.57,1.12
2015.01.07 17:16:38.534,1.19452,1.19457,2.25,1.00
2015.01.07 17:16:38.939,1.19456,1.1946,1.00,1.12
2015.01.07 17:16:39.444,1.19457,1.19461,1.00,1.50
2015.01.07 17:16:39.697,1.19455,1.19459,1.10,1.10
2015.01.07 17:16:40.201,1.19454,1.1946,4.42,1.50
2015.01.07 17:16:40.707,1.19455,1.1946,1.42,1.87
2015.01.07 17:16:41.011,1.19453,1.19456,1.57,1.00
2015.01.07 17:16:41.314,1.19455,1.19456,1.00,1.00
2015.01.07 17:16:42.407,1.19455,1.19458,2.17,1.00
2015.01.07 17:16:42.609,1.19457,1.1946,1.00,1.12
2015.01.07 17:16:42.863,1.19454,1.1946,3.97,1.12
2015.01.07 17:16:43.065,1.19457,1.1946,1.00,1.12
2015.01.07 17:16:43.168,1.19454,1.1946,1.87,1.12
2015.01.07 17:16:43.421,1.19453,1.19457,3.00,1.50
2015.01.07 17:16:43.775,1.19454,1.19457,1.00,1.50
2015.01.07 17:16:43.977,1.19458,1.19461,1.00,1.12
2015.01.07 17:16:44.508,1.19457,1.19461,1.00,1.12
2015.01.07 17:16:44.869,1.19457,1.19461,1.00,1.75
2015.01.07 17:16:45.174,1.19455,1.19457,1.00,1.00
2015.01.07 17:16:45.708,1.19454,1.19457,1.00,1.10
2015.01.07 17:16:45.809,1.19456,1.19458,1.00,1.12
2015.01.07 17:16:45.961,1.19456,1.1946,1.69,1.00
2015.01.07 17:16:46.062,1.1946,1.19462,1.00,1.12
2015.01.07 17:16:46.113,1.1946,1.19463,1.50,1.10
2015.01.07 17:16:46.315,1.19461,1.19466,1.12,1.57
2015.01.07 17:16:46.820,1.19461,1.19466,1.69,1.00
2015.01.07 17:16:51.553,1.19462,1.19468,4.12,1.87
2015.01.07 17:16:52.058,1.19462,1.19468,4.50,1.57
2015.01.07 17:16:54.439,1.19467,1.19468,1.00,1.10
2015.01.07 17:16:55.627,1.19466,1.1947,1.50,1.12
2015.01.07 17:16:56.134,1.19467,1.1947,1.00,1.12
2015.01.07 17:16:57.145,1.19466,1.1947,1.00,1.87
2015.01.07 17:16:57.670,1.19466,1.19469,1.00,1.87
2015.01.07 17:16:58.025,1.19463,1.19467,1.12,1.00
2015.01.07 17:16:58.530,1.19462,1.19468,2.06,1.87
2015.01.07 17:16:59.035,1.19464,1.19468,1.35,1.87
2015.01.07 17:17:00.656,1.19468,1.19469,1.00,1.12
2015.01.07 17:17:00.808,1.19469,1.1947,1.00,1.00
2015.01.07 17:17:01.263,1.19467,1.19471,1.00,1.87
2015.01.07 17:17:03.440,1.19469,1.19471,1.00,1.12
2015.01.07 17:17:03.692,1.19469,1.19473,1.50,1.12
2015.01.07 17:17:04.305,1.19467,1.19471,3.97,1.00
2015.01.07 17:17:04.810,1.19467,1.19471,1.10,1.57
2015.01.07 17:17:06.071,1.19469,1.19472,1.50,1.12
2015.01.07 17:17:06.323,1.19471,1.19475,1.00,1.87
2015.01.07 17:17:06.627,1.19473,1.19475,1.00,1.12
2015.01.07 17:17:07.133,1.19473,1.19475,1.50,1.10
2015.01.07 17:17:07.234,1.19473,1.19477,1.10,1.10
2015.01.07 17:17:07.638,1.19474,1.19477,1.00,2.25
2015.01.07 17:17:08.871,1.19474,1.19478,1.00,2.25
2015.01.07 17:17:09.527,1.19473,1.19478,2.25,3.00
2015.01.07 17:17:12.688,1.19473,1.19477,1.50,1.50
2015.01.07 17:17:13.193,1.19472,1.19476,1.00,1.12
2015.01.07 17:17:13.850,1.19473,1.19476,1.00,1.12
2015.01.07 17:17:14.456,1.19473,1.19477,1.00,1.12
2015.01.07 17:17:14.983,1.19474,1.19477,1.00,1.12
2015.01.07 17:17:15.525,1.19473,1.19477,1.50,1.12
2015.01.07 17:17:16.623,1.19474,1.19478,1.00,2.25
2015.01.07 17:17:20.050,1.19473,1.19478,1.50,3.00
2015.01.07 17:17:20.555,1.19474,1.19478,1.00,2.25
2015.01.07 17:17:22.103,1.19473,1.19478,1.50,3.00
2015.01.07 17:17:22.625,1.19474,1.19478,1.00,2.25
2015.01.07 17:17:23.751,1.19474,1.19478,1.50,1.12
2015.01.07 17:17:33.679,1.19473,1.19478,1.57,1.87
2015.01.07 17:17:35.470,1.19474,1.19478,1.00,1.12
2015.01.07 17:17:36.643,1.19473,1.19478,1.57,1.87
2015.01.07 17:17:37.394,1.19473,1.19475,1.10,1.00
2015.01.07 17:17:37.698,1.19467,1.1947,1.20,1.10
2015.01.07 17:17:37.951,1.19464,1.1947,1.87,1.12
2015.01.07 17:17:38.506,1.19466,1.1947,1.00,1.12
2015.01.07 17:17:38.910,1.19464,1.19469,1.10,1.12
2015.01.07 17:17:40.280,1.19464,1.19467,1.57,1.00
2015.01.07 17:17:40.583,1.19462,1.19465,1.10,1.10
2015.01.07 17:17:41.397,1.19462,1.19466,1.87,1.57
2015.01.07 17:17:42.073,1.19464,1.19468,1.00,2.25
2015.01.07 17:17:42.578,1.19463,1.19468,1.10,3.00
2015.01.07 17:17:44.401,1.19466,1.19469,1.00,1.67
2015.01.07 17:17:44.503,1.19467,1.19472,1.12,2.17
2015.01.07 17:17:44.554,1.19468,1.19472,1.50,1.10
2015.01.07 17:17:44.605,1.19468,1.1947,1.50,1.00
2015.01.07 17:17:44.959,1.19465,1.1947,1.00,1.50
2015.01.07 17:17:45.566,1.19465,1.19469,1.00,1.00
2015.01.07 17:17:46.072,1.19464,1.19469,1.87,1.50
2015.01.07 17:17:46.578,1.19464,1.19468,1.87,1.00
2015.01.07 17:17:48.865,1.19464,1.19468,1.12,1.87
2015.01.07 17:17:49.573,1.19462,1.19468,2.62,1.87
2015.01.07 17:17:49.776,1.19466,1.19468,1.50,1.12
2015.01.07 17:17:49.928,1.19467,1.1947,1.87,1.12
2015.01.07 17:17:50.584,1.19466,1.19471,1.10,3.00
2015.01.07 17:17:50.989,1.19468,1.19471,1.00,1.42
2015.01.07 17:17:51.243,1.1947,1.19474,2.25,1.75
2015.01.07 17:17:51.293,1.1947,1.19475,4.35,1.50
2015.01.07 17:17:51.799,1.19471,1.19475,1.00,1.00
2015.01.07 17:17:52.758,1.1947,1.19474,1.50,1.60
2015.01.07 17:17:53.010,1.19463,1.19467,2.25,1.00
2015.01.07 17:17:53.515,1.19461,1.19467,1.00,1.00
2015.01.07 17:17:53.915,1.19471,1.19472,1.00,1.00
2015.01.07 17:17:53.966,1.19471,1.19472,1.00,1.00
2015.01.07 17:17:54.471,1.1947,1.19473,1.00,1.12
2015.01.07 17:17:55.386,1.1947,1.19473,1.00,1.10
2015.01.07 17:17:55.797,1.19469,1.19471,1.10,1.00
2015.01.07 17:17:55.949,1.19466,1.19469,1.10,1.10
2015.01.07 17:17:56.454,1.19462,1.19467,1.75,1.00
2015.01.07 17:17:56.505,1.19464,1.19467,1.10,1.00
2015.01.07 17:17:57.423,1.19467,1.19469,1.00,1.10
2015.01.07 17:17:57.473,1.19468,1.19471,2.10,1.50
2015.01.07 17:17:57.524,1.1947,1.19472,1.00,1.12
2015.01.07 17:17:57.727,1.19471,1.19476,1.00,3.00
2015.01.07 17:17:57.828,1.19471,1.19475,1.00,1.00
2015.01.07 17:17:58.332,1.1947,1.19473,1.00,1.00
2015.01.07 17:17:58.485,1.19467,1.19472,1.00,1.50
2015.01.07 17:17:58.940,1.19466,1.1947,1.50,1.00
2015.01.07 17:17:59.143,1.19464,1.19469,1.50,1.00
2015.01.07 17:17:59.245,1.19469,1.19471,1.00,1.00
2015.01.07 17:17:59.295,1.1947,1.19472,1.00,1.50
2015.01.07 17:17:59.397,1.19471,1.19474,1.00,1.10
2015.01.07 17:17:59.902,1.19471,1.19475,1.00,1.00
2015.01.07 17:18:02.236,1.19471,1.19474,1.10,1.00
2015.01.07 17:18:03.252,1.19471,1.19475,1.57,1.10
2015.01.07 17:18:04.509,1.19472,1.19476,1.00,2.62
2015.01.07 17:18:05.033,1.19472,1.19476,1.57,1.57
2015.01.07 17:18:05.539,1.19471,1.19475,1.87,1.00
2015.01.07 17:18:08.320,1.19472,1.19476,1.10,2.32
2015.01.07 17:18:08.827,1.19474,1.19478,1.00,3.00
2015.01.07 17:18:09.333,1.19475,1.19478,1.00,1.87
2015.01.07 17:18:09.848,1.19476,1.19478,1.00,1.12
2015.01.07 17:18:10.361,1.19475,1.19478,1.00,1.12
2015.01.07 17:18:10.964,1.19475,1.19477,1.00,1.12
2015.01.07 17:18:11.573,1.19473,1.19478,1.00,3.75
2015.01.07 17:18:12.078,1.19472,1.19475,1.10,1.00
2015.01.07 17:18:12.754,1.19472,1.19474,1.10,1.00
2015.01.07 17:18:13.259,1.19471,1.19474,1.10,1.00
2015.01.07 17:18:14.040,1.19471,1.19473,1.10,1.00
2015.01.07 17:18:15.578,1.1947,1.19472,1.10,1.00
2015.01.07 17:18:17.172,1.19468,1.19471,2.25,1.50
2015.01.07 17:18:17.678,1.1947,1.19473,1.00,1.12
2015.01.07 17:18:18.224,1.1947,1.19473,1.00,1.10
2015.01.07 17:18:19.287,1.1947,1.19472,1.00,1.00
2015.01.07 17:18:19.950,1.1947,1.19473,1.00,1.10
2015.01.07 17:18:20.765,1.1947,1.19471,1.00,1.00
2015.01.07 17:18:20.968,1.19456,1.19458,1.50,1.00
2015.01.07 17:18:21.474,1.19458,1.19462,1.00,1.50
2015.01.07 17:18:25.306,1.19458,1.19462,1.00,1.12
2015.01.07 17:18:25.812,1.19458,1.19462,4.80,1.10
2015.01.07 17:18:26.116,1.1946,1.19462,1.50,1.10
2015.01.07 17:18:26.319,1.1946,1.19465,1.50,1.12
2015.01.07 17:18:26.875,1.19462,1.19465,1.00,1.87
2015.01.07 17:18:28.987,1.1946,1.19464,1.72,1.10
2015.01.07 17:18:33.228,1.19459,1.19463,2.62,1.00
2015.01.07 17:18:33.380,1.19451,1.19453,1.00,1.00
2015.01.07 17:18:33.430,1.1945,1.19451,1.00,1.00
2015.01.07 17:18:33.582,1.19446,1.19451,1.87,1.87
2015.01.07 17:18:34.086,1.19445,1.19451,2.25,1.10
2015.01.07 17:18:34.592,1.19448,1.19451,1.10,1.50
2015.01.07 17:18:35.125,1.19446,1.1945,1.50,1.00
2015.01.07 17:18:35.982,1.19446,1.1945,1.12,1.00
2015.01.07 17:18:48.201,1.19446,1.1945,1.57,1.10
2015.01.07 17:18:49.726,1.19445,1.19449,1.87,1.00
2015.01.07 17:18:50.673,1.19444,1.19448,2.32,1.12
2015.01.07 17:18:59.578,1.19445,1.19449,1.00,2.25
2015.01.07 17:19:00.088,1.19445,1.19449,1.10,1.87
2015.01.07 17:19:01.161,1.19446,1.19449,1.00,1.12
2015.01.07 17:19:01.868,1.19449,1.19452,1.00,2.17
2015.01.07 17:19:01.920,1.1945,1.19454,1.00,3.00
2015.01.07 17:19:01.971,1.19452,1.19454,1.00,1.50
2015.01.07 17:19:02.177,1.19458,1.19462,1.00,1.50
2015.01.07 17:19:02.279,1.1946,1.19462,1.00,1.00
2015.01.07 17:19:02.785,1.19459,1.19461,1.00,1.00
2015.01.07 17:19:03.749,1.19469,1.19472,1.00,1.67
2015.01.07 17:19:03.851,1.19469,1.19471,1.00,1.00
2015.01.07 17:19:03.901,1.19471,1.19475,1.00,1.00
2015.01.07 17:19:04.103,1.19472,1.19475,1.00,1.00
2015.01.07 17:19:04.510,1.19471,1.19473,1.00,1.00
2015.01.07 17:19:04.813,1.1947,1.19473,1.50,1.00
2015.01.07 17:19:04.864,1.1947,1.19474,1.50,1.00
2015.01.07 17:19:04.915,1.19469,1.1947,1.00,1.00
2015.01.07 17:19:04.966,1.19467,1.1947,1.00,1.50
2015.01.07 17:19:05.423,1.19468,1.19471,1.00,2.17
2015.01.07 17:19:05.575,1.1947,1.19471,1.00,1.00
2015.01.07 17:19:06.030,1.19467,1.19471,1.12,1.57
2015.01.07 17:19:06.535,1.19467,1.19471,1.10,1.87
2015.01.07 17:19:07.040,1.19466,1.19469,1.12,1.00
2015.01.07 17:19:08.367,1.19465,1.19469,1.12,1.10
2015.01.07 17:19:08.873,1.19464,1.19468,1.87,1.00
2015.01.07 17:19:09.461,1.19464,1.19469,2.62,2.32
2015.01.07 17:19:09.765,1.19464,1.19469,1.20,3.00
2015.01.07 17:19:12.440,1.19465,1.19468,2.10,2.62
2015.01.07 17:19:12.745,1.19469,1.19474,1.50,2.25
2015.01.07 17:19:13.452,1.19469,1.19471,1.50,1.00
2015.01.07 17:19:13.958,1.19468,1.1947,1.57,1.00
2015.01.07 17:19:14.415,1.1947,1.19473,1.00,1.50
2015.01.07 17:19:14.917,1.19469,1.19473,3.00,1.00
2015.01.07 17:19:15.372,1.19466,1.1947,1.00,1.87
2015.01.07 17:19:15.473,1.19464,1.19468,1.10,1.10
2015.01.07 17:19:16.892,1.19468,1.1947,2.47,1.00
2015.01.07 17:19:16.943,1.1947,1.19473,2.10,1.10
2015.01.07 17:19:17.458,1.19471,1.19475,1.00,1.12
2015.01.07 17:19:21.439,1.1947,1.19471,1.00,1.00
2015.01.07 17:19:21.844,1.19468,1.19469,1.10,1.00
2015.01.07 17:19:22.352,1.19469,1.19471,1.10,1.00
2015.01.07 17:19:23.599,1.19469,1.19472,1.10,1.10
2015.01.07 17:19:24.306,1.1947,1.19472,1.00,1.10
2015.01.07 17:19:25.483,1.1947,1.19471,1.00,1.00
2015.01.07 17:19:28.128,1.1947,1.19474,1.42,1.10
2015.01.07 17:19:28.481,1.19471,1.19475,1.87,1.50
2015.01.07 17:19:29.023,1.19472,1.19476,3.22,1.50
2015.01.07 17:19:29.531,1.19474,1.19476,1.00,1.50
2015.01.07 17:19:30.593,1.19483,1.19487,2.85,1.00
2015.01.07 17:19:30.796,1.19485,1.19489,2.92,1.57
2015.01.07 17:19:31.099,1.19485,1.19491,4.35,1.57
2015.01.07 17:19:31.642,1.19485,1.1949,4.35,1.00
2015.01.07 17:19:34.994,1.19486,1.19491,1.50,1.10
2015.01.07 17:19:35.500,1.19485,1.1949,5.10,1.00
2015.01.07 17:19:37.181,1.1949,1.19491,1.25,1.10
2015.01.07 17:19:37.384,1.19499,1.19502,1.50,1.10
2015.01.07 17:19:37.587,1.19499,1.19504,1.87,1.10
2015.01.07 17:19:37.842,1.19502,1.19507,1.65,1.10
2015.01.07 17:19:37.994,1.19502,1.19505,2.05,1.00
2015.01.07 17:19:38.247,1.19497,1.19502,1.12,1.57
2015.01.07 17:19:38.601,1.19498,1.19502,2.85,1.00
2015.01.07 17:19:39.307,1.19499,1.19501,1.42,1.00
2015.01.07 17:19:40.380,1.19499,1.19502,1.50,1.00
2015.01.07 17:19:40.903,1.19499,1.19503,2.25,1.50
2015.01.07 17:19:41.409,1.19499,1.19502,2.25,1.00
2015.01.07 17:19:41.876,1.19499,1.19504,2.62,1.57
2015.01.07 17:19:42.129,1.195,1.19505,2.10,1.50
2015.01.07 17:19:42.634,1.195,1.19505,2.25,1.00
2015.01.07 17:19:46.042,1.19501,1.19506,2.85,2.32
2015.01.07 17:19:46.497,1.19501,1.19503,1.12,1.00
2015.01.07 17:19:46.598,1.195,1.19505,1.12,3.07
2015.01.07 17:19:48.402,1.195,1.19505,1.67,1.50
2015.01.07 17:19:48.920,1.19499,1.19504,1.75,1.00
2015.01.07 17:19:49.124,1.195,1.19502,1.42,1.00
2015.01.07 17:19:49.680,1.19499,1.19502,2.25,1.00
2015.01.07 17:19:50.096,1.19499,1.19503,2.25,1.50
2015.01.07 17:19:50.606,1.19499,1.19503,1.87,1.57
2015.01.07 17:19:50.759,1.19499,1.19501,1.87,1.00
2015.01.07 17:19:50.962,1.19499,1.19503,1.87,1.57
2015.01.07 17:19:52.217,1.19499,1.19502,1.12,1.00
2015.01.07 17:19:52.735,1.195,1.19504,2.92,1.12
2015.01.07 17:19:52.836,1.195,1.19505,3.97,1.57
2015.01.07 17:19:53.351,1.195,1.19505,4.35,1.50
2015.01.07 17:19:53.958,1.19501,1.19506,1.87,1.10
2015.01.07 17:19:54.462,1.19503,1.19506,2.10,1.10
2015.01.07 17:19:54.866,1.19504,1.19507,2.17,1.10
2015.01.07 17:19:57.813,1.19502,1.19506,1.87,1.00
2015.01.07 17:19:58.116,1.19507,1.19508,1.00,1.57
2015.01.07 17:19:58.369,1.19513,1.19518,2.85,2.25
2015.01.07 17:19:58.521,1.19513,1.19518,2.92,1.12
2015.01.07 17:19:58.723,1.19514,1.19518,2.17,1.10
2015.01.07 17:19:59.227,1.19515,1.1952,1.72,1.87
2015.01.07 17:19:59.682,1.19516,1.19521,1.12,1.57
2015.01.07 17:19:59.783,1.19517,1.19523,1.95,2.25
2015.01.07 17:20:00.237,1.19519,1.19523,1.42,1.10
2015.01.07 17:20:00.742,1.19516,1.19521,1.50,1.00
2015.01.07 17:20:01.977,1.19516,1.19521,1.12,2.32
2015.01.07 17:20:04.181,1.19516,1.19518,1.12,1.00
2015.01.07 17:20:04.687,1.19515,1.19518,2.17,1.00
2015.01.07 17:20:05.193,1.19515,1.19519,1.12,1.00
2015.01.07 17:20:05.698,1.19515,1.19516,1.10,1.00
2015.01.07 17:20:07.060,1.19513,1.19517,2.10,1.50
2015.01.07 17:20:07.584,1.19513,1.19515,2.17,1.00
2015.01.07 17:20:07.887,1.1951,1.19512,1.87,1.35
2015.01.07 17:20:07.938,1.19506,1.19508,1.50,1.00
2015.01.07 17:20:08.039,1.19504,1.19507,1.72,1.00
2015.01.07 17:20:08.342,1.19504,1.19507,1.37,1.00
2015.01.07 17:20:08.948,1.19502,1.19505,3.15,1.00
2015.01.07 17:20:09.605,1.19503,1.19506,1.27,1.50
2015.01.07 17:20:10.683,1.19503,1.19506,1.42,1.00
2015.01.07 17:20:10.987,1.19505,1.19509,1.00,2.25
2015.01.07 17:20:11.492,1.19505,1.19507,1.05,1.00
2015.01.07 17:20:12.000,1.19506,1.19507,1.05,1.00
2015.01.07 17:20:12.512,1.19506,1.19508,1.12,1.00
2015.01.07 17:20:13.040,1.19505,1.19509,1.50,1.50
2015.01.07 17:20:13.921,1.19503,1.19507,1.75,1.00
2015.01.07 17:20:14.124,1.19503,1.19507,3.22,1.00
2015.01.07 17:20:14.225,1.19502,1.19507,2.25,1.50
2015.01.07 17:20:15.382,1.19503,1.19507,1.72,1.50
2015.01.07 17:20:15.974,1.19508,1.19511,1.37,1.37
2015.01.07 17:20:16.075,1.19509,1.19513,2.62,1.50
2015.01.07 17:20:16.227,1.19511,1.19514,3.67,1.00
2015.01.07 17:20:16.529,1.19512,1.19517,1.12,1.87
2015.01.07 17:20:17.439,1.19513,1.19516,2.47,1.00
2015.01.07 17:20:17.959,1.19513,1.19517,1.12,1.10
2015.01.07 17:20:18.627,1.19513,1.19516,1.12,1.00
2015.01.07 17:20:19.148,1.19513,1.19517,1.10,1.12
2015.01.07 17:20:19.793,1.19511,1.19513,1.50,1.00
2015.01.07 17:20:19.944,1.19512,1.19515,1.10,1.10
2015.01.07 17:20:20.449,1.19512,1.19515,3.97,1.00
2015.01.07 17:20:20.702,1.19513,1.19517,1.35,1.00
2015.01.07 17:20:21.207,1.19513,1.19517,3.60,1.00
2015.01.07 17:20:22.530,1.19517,1.19518,1.00,1.00
2015.01.07 17:20:22.632,1.19523,1.19528,1.00,1.00
2015.01.07 17:20:22.682,1.19522,1.19528,1.87,2.17
2015.01.07 17:20:22.784,1.19523,1.19527,4.35,1.10
2015.01.07 17:20:23.037,1.19522,1.19527,1.10,1.50
2015.01.07 17:20:23.341,1.19524,1.1953,1.57,2.25
2015.01.07 17:20:24.205,1.19524,1.19528,1.00,1.12
2015.01.07 17:20:24.661,1.19523,1.19525,1.10,1.00
2015.01.07 17:20:25.066,1.19523,1.19527,2.55,1.57
2015.01.07 17:20:25.420,1.19521,1.19525,2.25,1.00
2015.01.07 17:20:25.927,1.19522,1.19527,1.10,1.12
2015.01.07 17:20:26.432,1.1952,1.19525,3.75,1.00
2015.01.07 17:20:26.786,1.19525,1.19527,2.10,2.15
2015.01.07 17:20:27.190,1.19525,1.19526,2.10,1.50
2015.01.07 17:20:27.292,1.19519,1.19524,1.75,1.50
2015.01.07 17:20:27.847,1.19518,1.19522,3.75,1.00
2015.01.07 17:20:29.189,1.19517,1.19522,3.00,2.25
2015.01.07 17:20:29.690,1.19517,1.19521,1.50,1.00
2015.01.07 17:20:30.296,1.19518,1.19522,2.85,1.50
2015.01.07 17:20:30.600,1.19517,1.19521,2.85,1.00
2015.01.07 17:20:30.954,1.19517,1.19522,4.35,1.50
2015.01.07 17:20:31.466,1.19518,1.19521,1.50,1.00
2015.01.07 17:20:31.973,1.1952,1.19522,1.27,1.00
2015.01.07 17:20:32.478,1.19519,1.19523,4.35,1.50
2015.01.07 17:20:32.984,1.19518,1.19523,1.87,1.50
2015.01.07 17:20:33.236,1.19517,1.19522,2.25,2.32
2015.01.07 17:20:33.741,1.19517,1.19522,1.50,3.82
2015.01.07 17:20:34.044,1.19515,1.1952,1.87,2.25
2015.01.07 17:20:34.146,1.19515,1.1952,1.50,1.12
2015.01.07 17:20:34.248,1.1951,1.19516,1.00,1.35
2015.01.07 17:20:34.700,1.19512,1.19516,2.47,1.00
2015.01.07 17:20:35.006,1.19515,1.19518,1.12,1.00
2015.01.07 17:20:38.324,1.19516,1.19518,1.10,1.00
2015.01.07 17:20:38.425,1.1952,1.19522,2.85,1.87
2015.01.07 17:20:38.527,1.19521,1.19523,1.12,1.50
2015.01.07 17:20:38.577,1.19521,1.19526,1.12,1.10
2015.01.07 17:20:38.730,1.1952,1.19524,1.50,1.00
2015.01.07 17:20:39.235,1.19519,1.19523,1.50,1.50
2015.01.07 17:20:39.841,1.19518,1.19522,3.00,1.00
2015.01.07 17:20:40.346,1.19519,1.19523,1.67,2.25
2015.01.07 17:20:40.851,1.19518,1.19522,1.75,1.50
2015.01.07 17:20:41.054,1.19517,1.19522,2.25,2.32
2015.01.07 17:20:42.835,1.19517,1.19521,3.00,1.00
2015.01.07 17:20:44.002,1.19517,1.1952,3.60,1.00
2015.01.07 17:20:44.961,1.19517,1.19519,1.42,1.00
2015.01.07 17:20:45.462,1.19515,1.19519,3.97,2.25
2015.01.07 17:20:45.968,1.19516,1.19519,1.67,1.50
2015.01.07 17:20:46.473,1.19517,1.1952,2.85,1.00
2015.01.07 17:20:47.362,1.19516,1.19519,2.17,1.00
2015.01.07 17:20:47.941,1.19516,1.1952,3.60,2.25
2015.01.07 17:20:49.702,1.19517,1.19521,1.50,1.50
2015.01.07 17:20:50.307,1.19517,1.1952,1.67,1.00
2015.01.07 17:20:51.500,1.19518,1.19522,1.67,1.50
2015.01.07 17:20:51.854,1.1952,1.19523,1.10,1.00
2015.01.07 17:20:52.309,1.19523,1.19524,1.00,1.00
2015.01.07 17:20:52.562,1.19526,1.19531,2.32,1.12
2015.01.07 17:20:52.613,1.19526,1.19531,3.00,1.00
2015.01.07 17:20:53.119,1.19528,1.19532,1.50,1.50
2015.01.07 17:20:53.473,1.19527,1.19531,1.87,1.00
2015.01.07 17:20:53.978,1.19528,1.19532,1.10,2.32
2015.01.07 17:20:54.180,1.19526,1.1953,3.00,1.00
2015.01.07 17:20:54.685,1.19527,1.19531,1.12,1.00
2015.01.07 17:20:56.434,1.19527,1.19532,1.12,2.32
2015.01.07 17:20:56.985,1.19526,1.19531,3.00,1.00
2015.01.07 17:20:57.491,1.19527,1.19532,1.12,2.32
2015.01.07 17:20:58.520,1.19526,1.19531,2.25,1.00
2015.01.07 17:20:59.025,1.19526,1.19531,1.75,1.50
2015.01.07 17:20:59.533,1.19526,1.1953,1.75,1.00
2015.01.07 17:21:00.039,1.19525,1.19529,2.25,1.00
2015.01.07 17:21:01.319,1.19524,1.19529,3.00,1.50
2015.01.07 17:21:01.816,1.19518,1.1952,1.12,1.00
2015.01.07 17:21:02.419,1.19516,1.19521,1.75,1.50
2015.01.07 17:21:02.928,1.19517,1.19522,3.97,3.00
2015.01.07 17:21:04.778,1.19517,1.19521,2.47,1.00
2015.01.07 17:21:05.616,1.19516,1.19519,1.45,1.00
2015.01.07 17:21:05.818,1.19515,1.19519,2.62,1.00
2015.01.07 17:21:06.425,1.19515,1.1952,2.62,2.25
2015.01.07 17:21:08.120,1.19515,1.19519,2.62,1.00
2015.01.07 17:21:09.408,1.19515,1.1952,4.72,2.25
2015.01.07 17:21:09.865,1.19516,1.1952,2.85,1.50
2015.01.07 17:21:11.320,1.19516,1.19519,1.27,1.00
2015.01.07 17:21:11.752,1.19515,1.19518,1.87,1.00
2015.01.07 17:21:12.258,1.19515,1.19519,1.12,1.00
2015.01.07 17:21:13.864,1.19514,1.19519,2.25,2.25
2015.01.07 17:21:14.167,1.19514,1.19518,2.25,1.00
2015.01.07 17:21:14.269,1.19513,1.19516,1.67,1.00
2015.01.07 17:21:14.370,1.19511,1.19515,2.62,1.00
2015.01.07 17:21:14.472,1.19511,1.19515,1.75,1.50
2015.01.07 17:21:14.523,1.19511,1.19513,1.12,1.35
2015.01.07 17:21:14.624,1.19509,1.1951,1.10,1.00
2015.01.07 17:21:14.776,1.19508,1.1951,1.00,1.57
2015.01.07 17:21:14.928,1.19511,1.19513,2.10,1.10
2015.01.07 17:21:15.180,1.19511,1.19515,2.55,1.10
2015.01.07 17:21:15.718,1.19512,1.19517,2.25,1.10
2015.01.07 17:21:18.276,1.1951,1.19512,1.00,1.00
2015.01.07 17:21:18.379,1.19507,1.19511,1.12,1.50
2015.01.07 17:21:18.885,1.19506,1.19511,1.12,1.10
2015.01.07 17:21:20.986,1.19507,1.19511,1.12,1.00
2015.01.07 17:21:21.491,1.19505,1.1951,3.00,1.50
2015.01.07 17:21:21.743,1.19504,1.19509,1.57,2.62
2015.01.07 17:21:22.876,1.19504,1.19505,1.00,1.00
2015.01.07 17:21:23.381,1.19501,1.19505,2.25,1.00
2015.01.07 17:21:24.419,1.19501,1.19504,2.47,1.00
2015.01.07 17:21:24.924,1.19501,1.19505,1.50,3.00
2015.01.07 17:21:25.440,1.19501,1.19505,1.12,3.00
2015.01.07 17:21:25.951,1.19501,1.19504,1.12,1.00
2015.01.07 17:21:26.254,1.19499,1.19502,1.75,3.00
2015.01.07 17:21:26.406,1.19496,1.19497,1.00,1.00
2015.01.07 17:21:26.507,1.19496,1.19499,1.00,1.10
2015.01.07 17:21:26.659,1.19497,1.195,3.67,1.00
2015.01.07 17:21:27.013,1.19498,1.19501,2.10,1.10
2015.01.07 17:21:28.747,1.19498,1.19502,2.17,1.57
2015.01.07 17:21:29.663,1.19498,1.19502,1.47,1.10
2015.01.07 17:21:29.916,1.19499,1.19504,1.50,2.32
2015.01.07 17:21:30.573,1.19499,1.19503,1.12,1.00
2015.01.07 17:21:30.674,1.19499,1.19501,1.12,1.00
2015.01.07 17:21:30.776,1.19497,1.19501,2.62,1.00
2015.01.07 17:21:34.188,1.19497,1.195,1.87,1.00
2015.01.07 17:21:34.694,1.19497,1.19501,1.87,1.00
2015.01.07 17:21:36.500,1.19497,1.19502,3.97,3.07
2015.01.07 17:21:37.776,1.19496,1.195,3.75,1.00
2015.01.07 17:21:38.281,1.19497,1.19501,1.42,1.10
2015.01.07 17:21:38.794,1.19497,1.195,1.12,1.00
2015.01.07 17:21:39.306,1.19497,1.19501,1.12,1.00
2015.01.07 17:21:40.547,1.19498,1.19502,1.10,1.57
2015.01.07 17:21:41.079,1.19496,1.195,2.25,1.00
2015.01.07 17:21:41.584,1.19496,1.19501,1.12,1.87
2015.01.07 17:21:42.072,1.19494,1.19498,2.62,1.00
2015.01.07 17:21:42.443,1.19492,1.19497,2.62,1.50
2015.01.07 17:21:42.949,1.19493,1.19496,3.60,1.00
2015.01.07 17:21:45.796,1.19497,1.19499,2.10,1.12
2015.01.07 17:21:45.948,1.19498,1.19501,1.87,2.25
2015.01.07 17:21:46.050,1.19498,1.19501,1.95,1.00
2015.01.07 17:21:46.304,1.19499,1.19504,2.10,1.12
2015.01.07 17:21:46.809,1.19499,1.19504,4.72,1.10
2015.01.07 17:21:47.316,1.19499,1.19504,3.22,1.00
2015.01.07 17:21:54.474,1.19499,1.19501,1.87,2.85
2015.01.07 17:21:54.525,1.19497,1.19499,1.00,1.00
2015.01.07 17:21:54.577,1.19497,1.19499,1.50,1.87
2015.01.07 17:21:54.679,1.19492,1.19499,1.87,2.62
2015.01.07 17:21:54.780,1.19491,1.19497,2.25,1.10
2015.01.07 17:21:55.490,1.19491,1.19496,1.12,1.12
2015.01.07 17:21:56.287,1.19488,1.19494,2.25,1.00
2015.01.07 17:21:56.439,1.19487,1.19493,2.62,1.57
2015.01.07 17:21:57.399,1.19487,1.19492,1.87,1.00
2015.01.07 17:21:58.049,1.19485,1.1949,1.12,1.87
2015.01.07 17:22:01.192,1.19485,1.1949,2.25,2.32
2015.01.07 17:22:02.692,1.19483,1.19484,1.00,1.10
2015.01.07 17:22:02.744,1.19478,1.19481,1.50,1.00
2015.01.07 17:22:03.249,1.19478,1.19481,1.10,1.10
2015.01.07 17:22:04.836,1.19478,1.19481,1.00,1.12
2015.01.07 17:22:06.284,1.19477,1.19482,1.10,3.75
2015.01.07 17:22:08.033,1.19478,1.1948,1.00,1.10
2015.01.07 17:22:09.165,1.19477,1.1948,1.10,1.10
2015.01.07 17:22:09.681,1.19478,1.1948,1.00,1.10
2015.01.07 17:22:10.467,1.19477,1.1948,1.10,1.10
2015.01.07 17:22:14.159,1.19477,1.1948,1.00,1.87
2015.01.07 17:22:16.007,1.19477,1.19478,1.00,1.00
2015.01.07 17:22:16.938,1.19474,1.19478,2.62,1.00
2015.01.07 17:22:16.991,1.19474,1.19477,1.50,1.00
2015.01.07 17:22:17.143,1.19473,1.19475,1.12,1.00
2015.01.07 17:22:17.346,1.19474,1.19476,1.12,1.00
2015.01.07 17:22:17.599,1.19478,1.1948,1.35,1.10
2015.01.07 17:22:17.649,1.1948,1.19482,1.50,1.42
2015.01.07 17:22:17.801,1.19483,1.19487,2.85,2.25
