2013.05.06 16:00:00.137,0.99352,0.99357,1.50,2.25
2013.05.06 16:00:01.153,0.99351,0.99357,2.40,2.25
2013.05.06 16:00:01.271,0.99351,0.99357,1.65,3.75
2013.05.06 16:00:02.122,0.99349,0.99356,2.25,1.65
2013.05.06 16:00:02.662,0.99349,0.99355,2.25,1.50
2013.05.06 16:00:04.464,0.99349,0.99354,1.50,1.50
2013.05.06 16:00:05.323,0.99349,0.99355,2.63,1.50
2013.05.06 16:00:05.461,0.99355,0.99362,1.88,5.63
2013.05.06 16:00:05.596,0.99357,0.99363,2.25,3.00
2013.05.06 16:00:06.152,0.99358,0.99363,1.13,2.25
2013.05.06 16:00:10.403,0.99358,0.99363,1.50,1.50
2013.05.06 16:00:10.973,0.99357,0.99362,1.50,1.50
2013.05.06 16:00:15.331,0.99358,0.99363,1.13,3.75
2013.05.06 16:00:18.551,0.99359,0.99365,1.13,4.50
2013.05.06 16:00:19.512,0.99357,0.99363,2.25,1.88
2013.05.06 16:00:20.051,0.99357,0.99363,1.73,1.50
2013.05.06 16:00:20.553,0.99357,0.99362,1.50,1.50
2013.05.06 16:00:21.592,0.99356,0.99362,1.50,2.63
2013.05.06 16:00:22.280,0.99356,0.99362,1.50,2.63
2013.05.06 16:00:22.791,0.99355,0.99361,1.50,1.65
2013.05.06 16:00:24.322,0.99355,0.99362,2.63,1.50
2013.05.06 16:00:32.521,0.99357,0.99363,3.00,1.50
2013.05.06 16:00:34.592,0.99357,0.99363,1.50,2.25
2013.05.06 16:00:38.201,0.99357,0.99364,2.25,2.40
2013.05.06 16:00:38.741,0.99359,0.99364,1.65,1.50
2013.05.06 16:00:40.243,0.99359,0.99365,1.65,3.00
2013.05.06 16:00:57.843,0.99361,0.99368,2.40,2.63
2013.05.06 16:00:58.095,0.99361,0.99366,2.40,1.50
2013.05.06 16:00:58.163,0.99361,0.99368,3.15,1.50
2013.05.06 16:00:59.143,0.99359,0.99365,3.60,1.50
2013.05.06 16:00:59.262,0.99357,0.99362,3.00,1.50
2013.05.06 16:00:59.822,0.99356,0.99362,3.90,1.50
2013.05.06 16:01:00.342,0.99356,0.99362,2.40,1.50
2013.05.06 16:01:01.182,0.99357,0.99361,1.50,1.50
2013.05.06 16:01:01.736,0.99356,0.99361,1.50,1.65
2013.05.06 16:01:02.043,0.99357,0.99364,2.25,2.78
2013.05.06 16:01:06.633,0.99357,0.99364,2.25,2.40
2013.05.06 16:01:07.263,0.99358,0.99364,2.25,2.40
2013.05.06 16:01:07.442,0.99359,0.99366,4.88,1.13
2013.05.06 16:01:07.801,0.99361,0.99368,1.65,1.50
2013.05.06 16:01:08.802,0.99361,0.99368,1.65,1.50
2013.05.06 16:01:08.922,0.99363,0.9937,2.25,1.50
2013.05.06 16:01:09.522,0.99361,0.99366,5.40,1.50
2013.05.06 16:01:09.582,0.99361,0.99366,3.53,1.50
2013.05.06 16:01:09.702,0.9936,0.99366,1.88,1.50
2013.05.06 16:01:10.122,0.9936,0.99366,1.88,2.25
2013.05.06 16:01:12.022,0.99359,0.99365,3.23,1.50
2013.05.06 16:01:12.813,0.9936,0.99364,1.50,1.50
2013.05.06 16:01:13.321,0.99358,0.99363,1.13,1.50
2013.05.06 16:01:13.872,0.99357,0.99363,3.38,1.73
2013.05.06 16:01:13.932,0.99355,0.99363,2.25,2.63
2013.05.06 16:01:13.992,0.99355,0.9936,1.50,1.13
2013.05.06 16:01:15.262,0.99355,0.99362,1.88,2.48
2013.05.06 16:01:20.514,0.99355,0.99361,2.25,1.65
2013.05.06 16:01:21.052,0.99357,0.99362,1.50,1.50
2013.05.06 16:01:21.352,0.99356,0.99362,2.25,2.40
2013.05.06 16:01:21.712,0.99355,0.9936,1.65,1.50
2013.05.06 16:01:25.732,0.99353,0.99359,3.00,1.50
2013.05.06 16:01:28.652,0.99355,0.9936,1.50,1.50
2013.05.06 16:01:29.392,0.99355,0.99361,2.25,1.50
2013.05.06 16:01:31.112,0.99355,0.9936,2.25,1.13
2013.05.06 16:01:31.651,0.99357,0.99361,1.50,1.65
2013.05.06 16:01:35.171,0.99357,0.99363,2.25,1.35
2013.05.06 16:01:35.231,0.99357,0.99363,1.50,2.10
2013.05.06 16:01:35.292,0.99359,0.99365,1.65,3.18
2013.05.06 16:01:35.413,0.99359,0.99365,2.40,2.25
2013.05.06 16:01:36.012,0.99361,0.99367,1.50,1.50
2013.05.06 16:01:36.372,0.99359,0.99364,2.63,1.50
2013.05.06 16:01:36.812,0.99359,0.99363,1.50,1.50
2013.05.06 16:01:40.502,0.99359,0.99364,2.25,1.50
2013.05.06 16:01:40.622,0.99359,0.99365,2.40,1.50
2013.05.06 16:01:40.802,0.99359,0.99365,2.40,2.25
2013.05.06 16:01:41.341,0.99358,0.99364,2.63,1.65
2013.05.06 16:01:41.407,0.99358,0.99363,3.38,1.50
2013.05.06 16:01:44.311,0.99357,0.99364,1.50,4.65
2013.05.06 16:01:49.691,0.99357,0.99362,1.50,2.25
2013.05.06 16:01:50.882,0.99356,0.99362,1.50,3.38
2013.05.06 16:01:55.964,0.99356,0.99361,1.50,1.65
2013.05.06 16:01:59.022,0.99355,0.99361,1.50,2.40
2013.05.06 16:02:00.271,0.99355,0.99362,3.00,2.63
2013.05.06 16:02:03.292,0.99355,0.99361,2.25,1.65
2013.05.06 16:02:13.522,0.99353,0.99358,3.15,1.50
2013.05.06 16:02:13.583,0.9935,0.99356,2.25,1.50
2013.05.06 16:02:14.133,0.99349,0.99355,1.50,1.50
2013.05.06 16:02:15.913,0.99349,0.99354,1.50,1.50
2013.05.06 16:02:19.202,0.9935,0.99355,1.50,1.50
2013.05.06 16:02:25.422,0.99351,0.99355,1.50,1.50
2013.05.06 16:02:26.091,0.9935,0.99355,1.50,1.50
2013.05.06 16:02:39.434,0.99348,0.99354,3.00,4.88
2013.05.06 16:02:39.503,0.99346,0.99351,2.25,1.88
2013.05.06 16:02:39.683,0.99343,0.99348,2.25,1.50
2013.05.06 16:02:40.043,0.99344,0.9935,2.25,2.06
2013.05.06 16:02:40.344,0.99346,0.99352,2.40,2.63
2013.05.06 16:02:40.643,0.99346,0.99352,2.25,1.88
2013.05.06 16:02:40.713,0.99349,0.99354,1.50,3.00
2013.05.06 16:02:45.214,0.99345,0.99353,3.00,2.25
2013.05.06 16:02:45.272,0.99347,0.99351,1.13,1.50
2013.05.06 16:02:45.332,0.99347,0.99354,1.13,3.98
2013.05.06 16:02:45.871,0.99348,0.99354,1.13,4.88
2013.05.06 16:02:46.754,0.99348,0.99354,1.13,3.38
2013.05.06 16:02:48.253,0.99347,0.99354,1.88,2.25
2013.05.06 16:02:53.483,0.99347,0.99354,1.50,3.75
2013.05.06 16:02:56.821,0.99349,0.99354,1.50,3.00
2013.05.06 16:02:59.431,0.99349,0.99355,3.60,3.00
2013.05.06 16:02:59.958,0.99353,0.99362,1.13,3.75
2013.05.06 16:03:00.035,0.99355,0.99361,2.25,1.68
2013.05.06 16:03:09.162,0.99357,0.99363,1.50,2.48
2013.05.06 16:03:09.722,0.99359,0.99363,1.50,1.13
2013.05.06 16:03:11.944,0.99357,0.99362,1.50,1.50
2013.05.06 16:03:12.207,0.99356,0.99361,3.00,1.50
2013.05.06 16:03:12.453,0.99357,0.99362,2.25,1.88
2013.05.06 16:03:15.703,0.99357,0.99363,2.25,2.25
2013.05.06 16:03:16.002,0.99357,0.99363,1.50,1.13
2013.05.06 16:03:22.135,0.99357,0.99363,1.50,1.13
2013.05.06 16:03:31.643,0.99356,0.99363,3.00,2.48
2013.05.06 16:03:33.791,0.99358,0.99363,3.00,1.50
2013.05.06 16:03:52.451,0.9936,0.99371,3.00,1.50
2013.05.06 16:03:52.632,0.99367,0.99373,1.50,2.25
2013.05.06 16:03:52.693,0.99367,0.99373,3.75,2.25
2013.05.06 16:03:53.232,0.99368,0.99373,1.88,1.50
2013.05.06 16:03:53.617,0.99372,0.99378,1.50,4.58
2013.05.06 16:03:53.933,0.99374,0.9938,1.50,1.13
2013.05.06 16:03:54.555,0.99372,0.99379,2.25,2.40
2013.05.06 16:03:54.683,0.9937,0.99376,4.50,2.25
2013.05.06 16:03:55.103,0.99372,0.99378,2.25,3.00
2013.05.06 16:03:56.592,0.99371,0.99377,1.50,3.15
2013.05.06 16:03:56.652,0.99371,0.99376,1.50,1.50
2013.05.06 16:03:58.602,0.99369,0.99375,1.65,2.25
2013.05.06 16:04:08.581,0.99369,0.99374,2.40,1.50
2013.05.06 16:04:08.824,0.99367,0.99373,1.50,1.50
2013.05.06 16:04:16.605,0.99368,0.99374,1.88,4.50
2013.05.06 16:04:17.153,0.99368,0.99374,1.88,1.50
2013.05.06 16:04:18.075,0.99369,0.99374,1.65,2.25
2013.05.06 16:04:18.403,0.99374,0.99378,1.65,1.50
2013.05.06 16:04:18.942,0.99375,0.9938,1.50,1.88
2013.05.06 16:04:27.444,0.99375,0.9938,1.50,1.50
2013.05.06 16:04:29.921,0.99374,0.9938,2.40,3.00
2013.05.06 16:04:30.472,0.99375,0.99379,1.50,1.50
2013.05.06 16:04:37.538,0.99369,0.99379,3.00,2.25
2013.05.06 16:04:37.843,0.99367,0.99373,2.85,2.25
2013.05.06 16:04:37.903,0.99367,0.99373,1.50,2.25
2013.05.06 16:04:37.964,0.99369,0.99375,1.35,3.75
2013.05.06 16:04:38.204,0.99374,0.99379,1.65,2.25
2013.05.06 16:04:51.153,0.99374,0.99379,1.65,1.50
2013.05.06 16:04:53.002,0.99377,0.99381,2.25,1.50
2013.05.06 16:04:54.512,0.99374,0.99379,2.25,4.65
2013.05.06 16:04:54.572,0.99373,0.99378,2.25,1.50
2013.05.06 16:04:54.632,0.99373,0.99378,1.50,1.50
2013.05.06 16:04:55.173,0.99371,0.99377,1.65,1.50
2013.05.06 16:04:58.182,0.99371,0.99376,2.03,1.50
2013.05.06 16:04:58.302,0.9937,0.99375,1.50,1.50
2013.05.06 16:04:58.843,0.99369,0.99375,1.65,2.25
2013.05.06 16:05:00.204,0.99368,0.99373,1.50,1.13
2013.05.06 16:05:00.332,0.99367,0.99373,1.50,2.63
2013.05.06 16:05:03.513,0.99367,0.99373,1.50,3.00
2013.05.06 16:05:04.842,0.99368,0.99373,1.50,2.25
2013.05.06 16:05:04.904,0.9937,0.99376,1.13,1.88
2013.05.06 16:05:05.034,0.99371,0.99375,1.65,1.50
2013.05.06 16:05:05.683,0.99371,0.99377,1.65,2.25
2013.05.06 16:05:05.804,0.99373,0.99378,2.25,1.50
2013.05.06 16:05:05.863,0.99373,0.9938,2.25,1.88
2013.05.06 16:05:06.862,0.99373,0.99378,2.25,1.50
2013.05.06 16:05:07.402,0.99372,0.99378,2.25,2.25
2013.05.06 16:05:08.992,0.99372,0.99378,3.00,1.50
2013.05.06 16:05:18.402,0.99372,0.99379,2.25,1.65
2013.05.06 16:05:18.941,0.99373,0.9938,2.25,2.63
2013.05.06 16:05:26.092,0.99371,0.99379,1.50,1.88
2013.05.06 16:05:26.633,0.99371,0.99379,2.40,1.65
2013.05.06 16:05:26.694,0.99373,0.99379,1.50,1.65
2013.05.06 16:05:26.892,0.99373,0.99379,2.25,1.65
2013.05.06 16:05:27.406,0.99373,0.99379,1.50,2.40
2013.05.06 16:05:28.362,0.99372,0.99379,2.25,2.40
2013.05.06 16:05:29.913,0.99373,0.99379,1.50,2.48
2013.05.06 16:05:30.456,0.99373,0.99378,1.50,1.50
2013.05.06 16:05:41.582,0.99373,0.99379,1.50,4.02
2013.05.06 16:06:07.943,0.99373,0.9938,2.25,3.38
2013.05.06 16:06:11.992,0.9937,0.99378,1.13,1.13
2013.05.06 16:06:12.495,0.9937,0.99375,1.50,1.50
2013.05.06 16:06:25.712,0.9937,0.99375,1.50,1.50
2013.05.06 16:06:26.459,0.9937,0.99375,1.50,1.50
2013.05.06 16:06:27.253,0.9937,0.99376,1.50,1.50
2013.05.06 16:06:33.965,0.9937,0.99375,1.50,1.50
2013.05.06 16:06:45.682,0.9937,0.99376,2.63,1.88
2013.05.06 16:06:45.743,0.99371,0.99377,1.65,2.63
2013.05.06 16:06:46.663,0.99369,0.99375,2.40,1.50
2013.05.06 16:06:46.723,0.9937,0.99375,1.50,1.50
2013.05.06 16:06:47.713,0.99365,0.99375,3.75,1.13
2013.05.06 16:06:48.193,0.99368,0.99375,1.88,1.88
2013.05.06 16:06:56.252,0.9937,0.99375,1.50,1.50
2013.05.06 16:06:57.001,0.9937,0.99376,2.25,1.50
2013.05.06 16:06:57.822,0.9937,0.99375,3.00,1.50
2013.05.06 16:06:59.272,0.9937,0.99375,1.50,1.50
2013.05.06 16:07:04.353,0.99371,0.99375,1.50,1.50
2013.05.06 16:07:57.763,0.9937,0.99375,1.50,1.50
2013.05.06 16:07:57.883,0.99365,0.99373,4.50,1.35
2013.05.06 16:07:58.123,0.99369,0.99374,1.50,2.25
2013.05.06 16:07:58.662,0.99369,0.99375,2.25,2.25
2013.05.06 16:07:59.632,0.99369,0.99375,1.50,2.25
2013.05.06 16:08:00.853,0.9937,0.99376,1.50,2.25
2013.05.06 16:08:10.492,0.99368,0.99374,3.00,1.50
2013.05.06 16:08:23.933,0.9937,0.99375,1.50,1.50
2013.05.06 16:08:39.444,0.9937,0.99375,1.50,2.25
2013.05.06 16:08:45.055,0.9937,0.99375,1.50,1.50
2013.05.06 16:08:56.782,0.99368,0.99374,2.25,2.25
2013.05.06 16:08:57.760,0.9937,0.99374,1.50,3.00
2013.05.06 16:09:03.014,0.9937,0.99375,1.50,4.50
2013.05.06 16:09:10.792,0.99368,0.99373,1.73,1.50
2013.05.06 16:09:11.393,0.9937,0.99375,1.50,3.38
2013.05.06 16:09:39.136,0.9937,0.99374,1.50,1.50
2013.05.06 16:09:48.713,0.99371,0.99377,1.50,2.78
2013.05.06 16:09:48.773,0.99373,0.99378,1.50,2.63
2013.05.06 16:09:49.323,0.99373,0.9938,2.25,2.25
2013.05.06 16:09:54.193,0.99373,0.9938,2.25,3.75
2013.05.06 16:09:54.383,0.99372,0.99378,1.50,2.25
2013.05.06 16:09:54.905,0.99372,0.99378,3.00,2.25
2013.05.06 16:09:55.672,0.99372,0.99378,2.25,1.50
2013.05.06 16:09:56.259,0.99374,0.99378,1.50,1.50
2013.05.06 16:09:56.984,0.99372,0.99378,2.25,1.50
2013.05.06 16:09:59.743,0.99373,0.9938,2.25,1.88
2013.05.06 16:10:47.323,0.99372,0.99379,2.25,2.03
2013.05.06 16:10:47.443,0.99372,0.99378,2.25,4.73
2013.05.06 16:10:47.872,0.9937,0.99375,1.50,1.50
2013.05.06 16:11:01.543,0.99368,0.99375,3.38,3.00
2013.05.06 16:11:02.102,0.99368,0.99373,1.88,1.50
2013.05.06 16:11:03.693,0.99369,0.99375,1.65,3.75
2013.05.06 16:11:10.953,0.99368,0.99374,1.88,1.50
2013.05.06 16:11:19.183,0.99369,0.99373,1.65,1.50
2013.05.06 16:11:19.243,0.99367,0.99375,2.25,4.88
2013.05.06 16:11:19.362,0.99366,0.99374,3.90,2.40
2013.05.06 16:11:19.723,0.99367,0.99374,1.88,2.25
2013.05.06 16:11:20.253,0.99368,0.99374,1.13,2.25
2013.05.06 16:11:25.553,0.99369,0.99376,2.40,1.88
2013.05.06 16:11:25.912,0.99372,0.9938,3.00,2.25
2013.05.06 16:11:26.623,0.99371,0.9938,1.65,2.25
2013.05.06 16:11:27.253,0.99372,0.99378,3.98,1.50
2013.05.06 16:11:27.553,0.99374,0.99381,3.15,1.50
2013.05.06 16:11:48.664,0.99374,0.9938,2.40,1.50
2013.05.06 16:12:07.275,0.99375,0.99381,1.88,1.50
2013.05.06 16:12:07.344,0.99377,0.99381,1.50,1.50
2013.05.06 16:12:08.932,0.99374,0.99381,1.65,1.50
2013.05.06 16:12:19.843,0.99374,0.9938,1.65,1.50
2013.05.06 16:12:20.023,0.99374,0.9938,1.65,2.25
2013.05.06 16:12:21.203,0.99374,0.99379,1.73,1.50
2013.05.06 16:12:23.563,0.99374,0.9938,1.65,1.50
2013.05.06 16:12:26.613,0.99374,0.9938,1.65,1.50
2013.05.06 16:12:27.613,0.99374,0.9938,2.40,1.50
2013.05.06 16:12:29.732,0.99374,0.9938,2.40,1.50
2013.05.06 16:12:38.155,0.99373,0.9938,3.23,1.50
2013.05.06 16:12:43.695,0.99375,0.9938,1.50,1.35
2013.05.06 16:12:44.473,0.99371,0.9938,4.65,2.48
2013.05.06 16:12:47.993,0.99372,0.99379,1.50,1.65
2013.05.06 16:13:05.734,0.99373,0.99379,1.50,1.65
2013.05.06 16:13:11.853,0.99373,0.99379,2.25,1.65
2013.05.06 16:13:33.394,0.99373,0.99379,1.50,1.65
2013.05.06 16:13:43.142,0.99372,0.99378,3.00,1.50
2013.05.06 16:13:46.038,0.99373,0.99378,1.50,1.35
2013.05.06 16:13:46.583,0.99373,0.99378,1.50,1.35
2013.05.06 16:13:47.124,0.99372,0.99378,3.00,2.10
2013.05.06 16:13:56.123,0.99372,0.99378,2.25,1.35
2013.05.06 16:13:56.664,0.99372,0.99379,3.00,2.25
2013.05.06 16:13:58.973,0.99369,0.99375,7.88,1.88
2013.05.06 16:13:59.033,0.99367,0.99375,3.75,1.13
2013.05.06 16:14:00.214,0.99369,0.99374,1.65,1.50
2013.05.06 16:14:00.514,0.99369,0.99375,1.88,1.50
2013.05.06 16:14:00.573,0.99371,0.99375,1.65,2.25
2013.05.06 16:14:01.114,0.99369,0.99375,1.65,2.25
2013.05.06 16:14:04.183,0.99367,0.99375,4.50,4.73
2013.05.06 16:14:04.304,0.99367,0.99374,2.63,2.25
2013.05.06 16:14:05.255,0.99369,0.99373,1.65,1.50
2013.05.06 16:14:14.243,0.99369,0.99374,1.65,1.50
2013.05.06 16:14:24.113,0.99369,0.99374,1.65,1.50
2013.05.06 16:14:25.085,0.99369,0.99374,1.65,1.50
2013.05.06 16:14:26.523,0.99369,0.99374,1.65,1.50
2013.05.06 16:15:05.387,0.99368,0.99374,1.88,2.25
2013.05.06 16:15:07.052,0.99368,0.99374,2.63,2.25
2013.05.06 16:15:09.633,0.99368,0.99375,1.88,4.35
2013.05.06 16:15:13.820,0.9937,0.99376,1.50,4.13
2013.05.06 16:15:15.692,0.99368,0.99375,1.88,4.35
2013.05.06 16:15:16.203,0.99368,0.99375,1.88,5.48
2013.05.06 16:15:16.754,0.99368,0.99374,1.88,1.50
2013.05.06 16:15:22.353,0.99367,0.99373,1.50,1.50
2013.05.06 16:15:22.902,0.99368,0.99374,2.63,3.75
2013.05.06 16:15:26.935,0.99368,0.99373,1.88,1.50
2013.05.06 16:15:27.783,0.99368,0.99373,2.63,2.25
2013.05.06 16:15:30.666,0.99368,0.99374,2.63,1.50
2013.05.06 16:15:33.374,0.99368,0.99373,2.63,1.50
2013.05.06 16:15:42.563,0.99369,0.99375,1.65,2.10
2013.05.06 16:15:49.275,0.9937,0.99374,1.50,1.50
2013.05.06 16:15:49.394,0.99368,0.99375,2.63,2.10
2013.05.06 16:15:49.633,0.99367,0.99372,2.25,1.65
2013.05.06 16:15:49.933,0.99368,0.99374,1.88,2.25
2013.05.06 16:15:50.773,0.99371,0.99376,1.65,1.50
2013.05.06 16:16:00.214,0.99371,0.99375,1.65,1.50
2013.05.06 16:16:01.473,0.99369,0.99375,2.25,1.13
2013.05.06 16:16:02.184,0.99368,0.99374,1.13,1.50
2013.05.06 16:16:02.749,0.99368,0.99374,1.13,1.50
2013.05.06 16:16:08.234,0.99367,0.99375,1.73,2.25
2013.05.06 16:16:09.869,0.99368,0.99375,2.48,2.25
2013.05.06 16:16:32.964,0.99367,0.99374,1.50,1.50
2013.05.06 16:16:33.024,0.99368,0.99374,1.50,2.25
2013.05.06 16:16:33.383,0.99367,0.99373,1.50,1.50
2013.05.06 16:16:34.905,0.99368,0.99373,1.50,1.50
2013.05.06 16:16:35.226,0.99362,0.99369,2.48,3.41
2013.05.06 16:16:35.534,0.99365,0.99371,2.63,5.10
2013.05.06 16:16:35.918,0.99366,0.99373,1.65,2.63
2013.05.06 16:16:36.474,0.99367,0.99373,1.50,2.63
2013.05.06 16:16:39.674,0.99366,0.99372,1.65,1.50
2013.05.06 16:16:40.244,0.99367,0.99373,1.50,2.25
2013.05.06 16:16:49.114,0.99367,0.99373,1.50,2.25
2013.05.06 16:16:49.234,0.99365,0.99373,2.63,2.25
2013.05.06 16:16:52.883,0.99366,0.99373,1.65,1.50
2013.05.06 16:16:55.148,0.99366,0.99374,1.65,3.38
2013.05.06 16:16:55.453,0.99374,0.99379,1.65,4.50
2013.05.06 16:16:58.364,0.99372,0.99377,1.50,1.13
2013.05.06 16:16:58.878,0.99371,0.99377,2.25,1.13
2013.05.06 16:17:02.113,0.99369,0.99375,2.25,1.13
2013.05.06 16:17:02.233,0.99372,0.99378,1.50,2.63
2013.05.06 16:17:04.534,0.99372,0.99379,2.25,2.70
2013.05.06 16:17:04.893,0.99372,0.99378,1.50,1.65
2013.05.06 16:17:04.960,0.99369,0.99376,4.13,1.73
2013.05.06 16:17:05.026,0.99372,0.99377,1.50,2.03
2013.05.06 16:17:07.005,0.99369,0.99376,3.90,1.50
2013.05.06 16:17:09.064,0.99369,0.99375,4.50,1.13
2013.05.06 16:17:09.184,0.99369,0.99373,2.25,1.50
2013.05.06 16:17:09.364,0.99365,0.99373,4.50,1.50
2013.05.06 16:17:09.484,0.99367,0.99373,1.50,1.88
2013.05.06 16:17:19.934,0.99364,0.99371,1.65,1.50
2013.05.06 16:17:39.303,0.99365,0.99371,1.50,3.00
2013.05.06 16:17:39.844,0.99365,0.99373,2.63,1.88
2013.05.06 16:17:43.144,0.99366,0.99373,1.65,1.88
2013.05.06 16:17:44.318,0.99364,0.99371,1.65,2.25
2013.05.06 16:17:44.744,0.99364,0.99369,2.25,1.65
2013.05.06 16:17:45.373,0.99361,0.99368,1.65,1.50
2013.05.06 16:17:45.908,0.9936,0.99367,1.50,2.40
2013.05.06 16:17:45.976,0.9936,0.99366,1.50,1.50
2013.05.06 16:17:46.503,0.9936,0.99364,1.50,1.50
2013.05.06 16:17:48.115,0.99358,0.99364,2.10,2.25
2013.05.06 16:17:49.333,0.99358,0.99364,2.25,1.50
2013.05.06 16:17:57.776,0.99359,0.99363,1.65,1.50
2013.05.06 16:17:59.055,0.99359,0.99364,1.65,1.50
2013.05.06 16:17:59.373,0.9936,0.99366,2.25,2.25
2013.05.06 16:17:59.675,0.99363,0.99369,1.50,1.65
2013.05.06 16:18:10.924,0.99363,0.99368,1.50,2.25
2013.05.06 16:18:13.334,0.99363,0.99369,2.25,1.65
2013.05.06 16:18:16.085,0.99363,0.9937,2.63,3.00
2013.05.06 16:18:16.146,0.99363,0.9937,2.25,1.13
2013.05.06 16:18:17.325,0.99365,0.99369,1.50,1.50
2013.05.06 16:18:17.385,0.99365,0.99371,2.25,1.88
2013.05.06 16:18:28.534,0.99363,0.9937,1.88,1.13
2013.05.06 16:18:28.895,0.99365,0.99372,2.85,1.65
2013.05.06 16:18:29.443,0.99365,0.99371,2.25,1.50
2013.05.06 16:18:30.025,0.99365,0.99371,1.50,1.50
2013.05.06 16:18:31.755,0.99364,0.99371,1.28,1.50
2013.05.06 16:18:31.814,0.99367,0.99372,1.50,1.65
2013.05.06 16:18:31.934,0.99364,0.99373,8.97,1.13
2013.05.06 16:18:32.474,0.99366,0.99372,1.50,1.65
2013.05.06 16:18:33.134,0.99364,0.99371,1.28,1.50
2013.05.06 16:18:37.755,0.99364,0.99371,2.40,1.50
2013.05.06 16:18:43.105,0.99363,0.99369,1.50,2.25
2013.05.06 16:18:43.165,0.99362,0.99368,2.25,1.88
2013.05.06 16:18:43.524,0.99361,0.99366,1.50,2.25
2013.05.06 16:18:43.584,0.99358,0.99364,3.38,1.50
2013.05.06 16:19:03.524,0.99358,0.99363,2.63,1.50
2013.05.06 16:19:17.182,0.99358,0.99363,1.73,2.25
2013.05.06 16:19:19.569,0.99359,0.99366,3.38,1.50
2013.05.06 16:19:19.696,0.99363,0.99368,1.13,1.88
2013.05.06 16:19:21.504,0.99364,0.99371,3.15,1.13
2013.05.06 16:19:35.306,0.99366,0.99371,1.50,1.50
2013.05.06 16:19:44.726,0.99367,0.99373,2.25,2.10
2013.05.06 16:19:44.796,0.99368,0.99374,1.88,2.10
2013.05.06 16:19:44.855,0.99365,0.99372,1.50,1.65
2013.05.06 16:19:45.533,0.99366,0.99372,1.50,1.65
2013.05.06 16:19:47.934,0.99366,0.99371,1.50,1.50
2013.05.06 16:19:52.735,0.99364,0.9937,3.90,1.50
2013.05.06 16:19:54.254,0.99366,0.99372,1.50,2.03
2013.05.06 16:19:55.065,0.99366,0.99371,1.50,1.50
2013.05.06 16:19:57.695,0.99362,0.9937,3.75,1.50
2013.05.06 16:19:59.914,0.99358,0.99369,4.88,2.48
2013.05.06 16:20:00.333,0.99358,0.99362,1.50,2.25
2013.05.06 16:20:02.723,0.99355,0.99362,1.13,3.00
2013.05.06 16:20:05.504,0.99355,0.99361,1.13,1.50
2013.05.06 16:20:08.964,0.99355,0.99362,1.88,1.50
2013.05.06 16:20:09.024,0.99352,0.9936,3.98,2.25
2013.05.06 16:20:09.385,0.99349,0.99355,1.65,1.50
2013.05.06 16:20:09.934,0.99348,0.99354,1.65,1.50
2013.05.06 16:20:10.524,0.99347,0.99353,2.48,1.50
2013.05.06 16:20:11.034,0.99348,0.99355,1.65,3.00
2013.05.06 16:20:11.581,0.99351,0.9936,2.40,1.50
2013.05.06 16:20:12.994,0.99352,0.9936,5.03,2.25
2013.05.06 16:20:13.753,0.99352,0.9936,1.50,2.25
2013.05.06 16:20:16.018,0.99353,0.9936,1.50,2.25
2013.05.06 16:20:22.115,0.99354,0.99359,1.50,1.50
2013.05.06 16:20:22.234,0.99357,0.99364,2.63,1.88
2013.05.06 16:20:22.353,0.99358,0.99364,1.13,2.25
2013.05.06 16:20:25.673,0.99357,0.99363,2.48,2.25
2013.05.06 16:20:36.664,0.99357,0.99362,2.25,2.25
2013.05.06 16:20:36.724,0.99352,0.9936,1.50,1.13
2013.05.06 16:20:36.905,0.9935,0.99356,1.88,1.50
2013.05.06 16:20:37.084,0.99352,0.99359,1.50,3.90
2013.05.06 16:20:38.935,0.99351,0.99359,3.90,2.40
2013.05.06 16:20:46.293,0.9935,0.9936,1.73,4.13
2013.05.06 16:20:47.069,0.99351,0.99359,1.65,2.40
2013.05.06 16:20:49.336,0.9935,0.99357,2.25,1.50
2013.05.06 16:20:49.532,0.9935,0.99356,2.25,1.50
2013.05.06 16:20:49.715,0.99351,0.99358,1.65,1.88
2013.05.06 16:20:49.834,0.9935,0.99358,2.25,2.25
2013.05.06 16:20:52.484,0.99351,0.99358,2.40,1.50
2013.05.06 16:20:52.664,0.99348,0.99356,2.63,1.13
2013.05.06 16:20:52.964,0.99345,0.99351,2.63,1.50
2013.05.06 16:20:55.464,0.99346,0.99354,1.73,3.75
2013.05.06 16:20:55.705,0.99351,0.99357,1.50,2.63
2013.05.06 16:20:56.244,0.99352,0.99359,1.50,1.65
2013.05.06 16:21:00.714,0.99351,0.99359,2.25,2.40
2013.05.06 16:21:03.724,0.99351,0.99359,4.88,2.40
2013.05.06 16:21:06.274,0.99351,0.99358,1.50,1.50
2013.05.06 16:21:06.515,0.99348,0.99353,2.25,1.50
2013.05.06 16:21:06.635,0.99346,0.9935,1.13,1.50
2013.05.06 16:21:06.701,0.99344,0.9935,1.50,1.50
2013.05.06 16:21:07.263,0.99343,0.99349,1.13,1.50
2013.05.06 16:21:11.855,0.99344,0.9935,1.50,5.85
2013.05.06 16:21:20.164,0.99344,0.99349,2.40,1.50
2013.05.06 16:21:20.731,0.99344,0.99349,1.65,1.50
2013.05.06 16:21:26.365,0.99342,0.9935,3.75,3.38
2013.05.06 16:21:39.054,0.99343,0.9935,1.50,6.23
2013.05.06 16:21:40.794,0.99342,0.99349,1.50,4.65
2013.05.06 16:21:41.034,0.9934,0.99346,1.13,1.50
2013.05.06 16:21:41.216,0.99339,0.99346,1.13,2.25
2013.05.06 16:21:41.283,0.9934,0.99345,1.88,1.50
2013.05.06 16:21:41.824,0.9934,0.99347,4.13,2.25
2013.05.06 16:21:42.244,0.99342,0.99348,1.13,1.50
2013.05.06 16:21:42.424,0.99342,0.99349,2.63,2.25
2013.05.06 16:21:42.785,0.99342,0.99349,3.00,1.65
2013.05.06 16:21:43.145,0.9934,0.99346,1.13,3.00
2013.05.06 16:22:06.444,0.99339,0.99345,1.50,1.50
2013.05.06 16:22:06.564,0.99339,0.99343,1.65,1.50
2013.05.06 16:22:06.684,0.99339,0.99346,3.15,1.50
2013.05.06 16:22:06.805,0.99342,0.99348,2.25,1.50
2013.05.06 16:22:06.985,0.99345,0.9935,1.88,2.25
2013.05.06 16:22:07.694,0.99344,0.9935,1.50,1.50
2013.05.06 16:22:11.065,0.99344,0.99351,2.25,2.40
2013.05.06 16:22:11.604,0.99344,0.99348,1.50,1.50
2013.05.06 16:22:27.477,0.99341,0.99348,1.65,2.25
2013.05.06 16:22:36.264,0.99339,0.99347,1.50,1.50
2013.05.06 16:22:36.504,0.99339,0.99343,1.65,1.50
2013.05.06 16:22:38.495,0.99335,0.99343,1.50,1.50
2013.05.06 16:22:38.554,0.99335,0.99342,2.25,1.50
2013.05.06 16:22:39.373,0.99337,0.99342,1.50,1.50
2013.05.06 16:22:48.164,0.99337,0.99342,1.50,1.50
2013.05.06 16:22:48.852,0.99337,0.99342,1.50,1.50
2013.05.06 16:22:49.634,0.99336,0.99342,2.40,1.50
2013.05.06 16:23:12.094,0.99335,0.99342,4.50,1.50
2013.05.06 16:23:16.834,0.99336,0.99342,1.28,2.25
2013.05.06 16:23:24.074,0.99336,0.99342,1.28,2.25
2013.05.06 16:23:32.655,0.99335,0.99342,3.00,3.00
2013.05.06 16:23:33.504,0.99335,0.99342,3.00,3.00
2013.05.06 16:23:35.104,0.99335,0.99342,3.75,2.25
2013.05.06 16:23:35.757,0.99335,0.99342,3.75,2.25
2013.05.06 16:23:37.324,0.99335,0.99342,3.75,2.25
2013.05.06 16:23:38.076,0.99335,0.99341,3.75,1.50
2013.05.06 16:23:40.084,0.99335,0.99341,2.25,1.50
2013.05.06 16:23:40.683,0.99335,0.99341,2.25,1.50
2013.05.06 16:23:47.095,0.99335,0.99342,2.63,1.50
2013.05.06 16:23:47.659,0.99335,0.99342,1.88,2.25
2013.05.06 16:23:50.394,0.99335,0.9934,1.73,1.50
2013.05.06 16:23:50.696,0.99332,0.99338,3.00,1.13
2013.05.06 16:23:50.814,0.99335,0.9934,1.13,3.64
2013.05.06 16:23:50.994,0.99336,0.9934,1.65,2.63
2013.05.06 16:23:59.655,0.99334,0.9934,2.40,2.63
2013.05.06 16:24:28.334,0.99334,0.99338,1.65,1.50
2013.05.06 16:24:28.455,0.99331,0.99338,4.65,1.13
2013.05.06 16:24:43.375,0.99333,0.9934,1.50,3.75
2013.05.06 16:24:43.935,0.99332,0.99337,1.50,1.50
2013.05.06 16:24:44.474,0.99333,0.9934,1.50,3.75
2013.05.06 16:24:44.996,0.99333,0.9934,3.00,2.25
2013.05.06 16:24:45.605,0.99335,0.99341,1.50,3.38
2013.05.06 16:24:46.374,0.99334,0.99341,2.40,3.38
2013.05.06 16:24:46.966,0.99335,0.99339,1.50,1.65
2013.05.06 16:24:52.765,0.99325,0.99336,7.43,5.26
2013.05.06 16:24:52.837,0.99327,0.99332,4.69,1.50
2013.05.06 16:24:52.906,0.99327,0.99331,4.69,1.50
2013.05.06 16:24:52.967,0.99325,0.99331,1.88,1.50
2013.05.06 16:24:53.036,0.99326,0.99332,2.40,3.38
2013.05.06 16:24:53.225,0.99326,0.99331,1.50,1.50
2013.05.06 16:24:53.986,0.99324,0.9933,2.25,1.88
2013.05.06 16:24:54.937,0.99326,0.99332,2.40,3.00
2013.05.06 16:24:59.524,0.99326,0.99332,2.40,3.00
2013.05.06 16:24:59.705,0.99325,0.9933,1.50,1.13
2013.05.06 16:24:59.765,0.99324,0.9933,3.00,1.88
2013.05.06 16:25:00.304,0.99325,0.9933,1.50,1.50
2013.05.06 16:25:21.445,0.99326,0.99332,3.00,2.25
2013.05.06 16:25:21.685,0.99333,0.99339,1.32,1.13
2013.05.06 16:25:21.745,0.99336,0.9934,1.50,3.75
2013.05.06 16:25:21.806,0.99336,0.9934,1.50,3.00
2013.05.06 16:25:22.345,0.99337,0.99342,1.50,1.50
2013.05.06 16:25:37.394,0.99335,0.99341,2.63,1.50
2013.05.06 16:25:37.925,0.99335,0.9934,1.50,1.88
2013.05.06 16:25:38.986,0.99333,0.9934,1.50,1.88
2013.05.06 16:25:43.285,0.99333,0.99339,1.50,1.13
2013.05.06 16:25:43.345,0.9933,0.99337,2.25,1.65
2013.05.06 16:25:43.889,0.99328,0.99334,1.13,2.25
2013.05.06 16:25:47.501,0.99329,0.99335,1.65,2.25
2013.05.06 16:25:51.459,0.99329,0.99334,1.65,1.50
2013.05.06 16:25:54.425,0.9933,0.99336,2.63,1.50
2013.05.06 16:25:54.485,0.9933,0.99338,4.13,2.63
2013.05.06 16:25:54.545,0.99332,0.99338,1.50,1.50
2013.05.06 16:25:55.944,0.99331,0.99336,1.65,1.50
2013.05.06 16:25:56.005,0.9933,0.99335,2.25,1.50
2013.05.06 16:25:56.545,0.99328,0.99334,1.50,2.25
2013.05.06 16:26:05.457,0.99333,0.99338,1.50,1.88
2013.05.06 16:26:06.005,0.99335,0.9934,1.50,1.50
2013.05.06 16:26:07.115,0.99335,0.9934,1.50,1.50
2013.05.06 16:26:10.535,0.99333,0.9934,4.50,1.13
2013.05.06 16:26:20.506,0.99333,0.9934,4.50,1.13
2013.05.06 16:26:37.484,0.99333,0.9934,3.00,1.88
2013.05.06 16:26:38.695,0.99335,0.99341,1.50,3.23
2013.05.06 16:27:05.785,0.99334,0.9934,2.25,2.63
2013.05.06 16:27:06.327,0.99334,0.9934,1.50,4.50
2013.05.06 16:27:11.274,0.99334,0.9934,1.50,3.38
2013.05.06 16:27:14.327,0.99335,0.99341,1.50,3.00
2013.05.06 16:27:14.875,0.99336,0.99341,1.50,1.50
2013.05.06 16:27:15.416,0.99334,0.99339,1.50,1.65
2013.05.06 16:27:40.124,0.99335,0.99341,1.88,2.25
2013.05.06 16:27:40.425,0.99336,0.99344,1.50,2.93
2013.05.06 16:27:41.255,0.99336,0.9934,1.50,1.50
2013.05.06 16:27:49.084,0.99336,0.9934,1.50,1.50
2013.05.06 16:27:58.865,0.99335,0.99341,1.50,1.50
2013.05.06 16:27:59.225,0.9933,0.99337,1.88,2.25
2013.05.06 16:28:00.505,0.99331,0.99337,1.65,1.50
2013.05.06 16:28:21.867,0.99331,0.99338,1.65,3.75
2013.05.06 16:28:22.375,0.99331,0.99337,1.65,1.50
2013.05.06 16:28:27.785,0.99332,0.99338,1.50,4.88
2013.05.06 16:28:28.395,0.99333,0.99339,1.50,2.03
2013.05.06 16:28:48.638,0.9933,0.99337,4.13,1.50
2013.05.06 16:28:49.186,0.99333,0.99339,1.50,3.90
2013.05.06 16:28:49.726,0.99334,0.9934,2.25,1.13
2013.05.06 16:28:51.136,0.9933,0.99336,1.50,2.25
2013.05.06 16:28:51.195,0.99331,0.99336,1.50,2.25
2013.05.06 16:28:51.825,0.99328,0.99334,1.65,1.50
2013.05.06 16:28:52.855,0.99329,0.99336,1.65,4.50
2013.05.06 16:28:53.394,0.99327,0.99333,2.33,1.50
2013.05.06 16:28:53.816,0.99329,0.99334,1.50,1.50
2013.05.06 16:28:54.735,0.99329,0.99336,1.50,1.83
2013.05.06 16:28:58.615,0.99329,0.99335,4.50,1.50
2013.05.06 16:28:59.036,0.99331,0.99338,1.65,1.13
2013.05.06 16:28:59.214,0.99336,0.99342,1.65,2.85
2013.05.06 16:28:59.585,0.99338,0.99344,2.25,1.65
2013.05.06 16:29:01.657,0.99339,0.99345,1.50,2.63
2013.05.06 16:29:06.247,0.99338,0.99344,1.50,1.65
2013.05.06 16:29:07.787,0.99339,0.99344,1.50,1.65
2013.05.06 16:29:08.876,0.99339,0.99345,1.65,1.50
2013.05.06 16:29:14.825,0.9934,0.99345,1.50,1.50
2013.05.06 16:29:14.944,0.99342,0.99348,3.75,1.50
2013.05.06 16:29:15.484,0.99344,0.99349,1.50,1.65
2013.05.06 16:29:16.045,0.99343,0.99349,4.50,1.65
2013.05.06 16:29:26.185,0.99344,0.99349,3.75,1.65
2013.05.06 16:29:29.045,0.99341,0.99347,2.40,2.25
2013.05.06 16:29:29.166,0.99339,0.99344,1.50,1.65
2013.05.06 16:29:29.707,0.99336,0.99342,1.50,2.40
2013.05.06 16:29:33.038,0.99337,0.99341,1.50,1.50
2013.05.06 16:29:37.846,0.99336,0.99341,1.50,1.50
2013.05.06 16:29:38.406,0.99336,0.9934,1.50,1.50
2013.05.06 16:29:41.205,0.99336,0.99342,1.50,2.40
2013.05.06 16:29:47.435,0.99337,0.99341,1.50,1.50
2013.05.06 16:29:47.796,0.99337,0.99345,3.75,3.00
2013.05.06 16:29:49.925,0.99339,0.99344,1.50,1.65
2013.05.06 16:29:54.814,0.99337,0.99341,3.75,1.50
2013.05.06 16:30:04.475,0.99337,0.99346,1.50,3.18
2013.05.06 16:30:04.595,0.99337,0.99343,1.73,1.50
2013.05.06 16:30:04.656,0.99337,0.99342,2.25,1.65
2013.05.06 16:30:05.256,0.99336,0.9934,1.50,1.50
2013.05.06 16:30:05.377,0.99334,0.99339,1.50,1.65
2013.05.06 16:30:05.806,0.99334,0.99341,3.15,1.88
2013.05.06 16:30:05.925,0.99335,0.99342,3.00,3.15
2013.05.06 16:30:36.345,0.99337,0.99343,2.25,1.88
2013.05.06 16:30:46.216,0.99339,0.99344,1.50,1.65
2013.05.06 16:30:47.695,0.99337,0.99343,2.25,1.88
2013.05.06 16:30:48.234,0.99337,0.99341,2.25,1.50
2013.05.06 16:31:05.394,0.99337,0.99343,3.00,1.50
2013.05.06 16:31:07.356,0.99339,0.99343,1.50,2.25
2013.05.06 16:31:14.946,0.99339,0.99345,1.50,3.38
2013.05.06 16:31:25.025,0.99336,0.99343,1.76,3.75
2013.05.06 16:31:25.085,0.99337,0.99341,1.50,1.50
2013.05.06 16:31:25.205,0.99337,0.99343,3.00,1.73
2013.05.06 16:31:25.507,0.99339,0.99345,1.50,2.25
2013.05.06 16:31:26.054,0.99339,0.99345,1.65,1.50
2013.05.06 16:31:31.325,0.99339,0.99344,1.65,2.25
2013.05.06 16:31:37.875,0.99338,0.99343,1.50,1.50
2013.05.06 16:31:41.856,0.99339,0.99345,1.50,1.88
2013.05.06 16:32:34.226,0.99343,0.9935,2.25,3.00
2013.05.06 16:32:34.465,0.99346,0.9935,1.65,1.50
2013.05.06 16:32:34.585,0.99346,0.99352,3.53,1.50
2013.05.06 16:32:35.125,0.99346,0.99352,1.50,1.88
2013.05.06 16:32:39.018,0.99346,0.99352,1.50,1.88
2013.05.06 16:32:48.077,0.99347,0.99352,2.25,1.88
2013.05.06 16:32:57.655,0.99348,0.99355,1.50,3.18
2013.05.06 16:33:00.595,0.99347,0.99351,1.50,1.50
2013.05.06 16:33:39.995,0.99348,0.99354,1.50,1.08
2013.05.06 16:33:40.535,0.99348,0.99353,1.50,1.88
2013.05.06 16:33:41.535,0.99349,0.99354,1.50,1.08
2013.05.06 16:34:22.365,0.99351,0.99355,1.35,1.16
2013.05.06 16:34:22.606,0.99354,0.9936,1.50,1.88
2013.05.06 16:34:23.455,0.99354,0.9936,1.50,2.63
2013.05.06 16:34:33.435,0.99355,0.9936,2.25,1.88
2013.05.06 16:34:35.856,0.99355,0.9936,1.50,1.50
2013.05.06 16:34:36.035,0.99357,0.99361,1.50,1.65
2013.05.06 16:35:11.687,0.99357,0.99361,1.50,1.65
2013.05.06 16:35:13.725,0.99357,0.99361,1.50,1.65
2013.05.06 16:35:20.355,0.99355,0.99361,1.50,2.40
2013.05.06 16:35:20.964,0.99357,0.99361,1.50,2.40
2013.05.06 16:35:30.082,0.99355,0.99361,1.50,2.40
2013.05.06 16:35:30.905,0.99356,0.99361,1.50,2.40
2013.05.06 16:35:31.429,0.99355,0.99361,1.50,2.40
2013.05.06 16:35:35.863,0.99354,0.99361,2.25,1.65
2013.05.06 16:35:39.534,0.99354,0.99362,3.38,3.38
2013.05.06 16:35:41.114,0.99355,0.99362,1.50,2.63
2013.05.06 16:36:11.408,0.99354,0.9936,1.50,1.50
2013.05.06 16:36:11.537,0.99353,0.99359,1.50,5.63
2013.05.06 16:36:11.719,0.99351,0.99357,1.50,1.88
2013.05.06 16:36:11.799,0.99351,0.99356,1.50,2.48
2013.05.06 16:36:11.986,0.99349,0.99354,1.50,1.65
2013.05.06 16:36:12.345,0.99349,0.99356,2.25,1.65
2013.05.06 16:36:13.825,0.99349,0.99355,3.00,1.50
2013.05.06 16:36:16.015,0.99349,0.99355,1.50,1.50
2013.05.06 16:36:16.386,0.99346,0.99352,1.50,2.63
2013.05.06 16:36:16.945,0.99346,0.99352,1.50,1.88
2013.05.06 16:36:23.544,0.99348,0.99353,1.13,1.50
2013.05.06 16:36:23.617,0.99348,0.99354,1.88,1.50
2013.05.06 16:36:23.805,0.99348,0.99354,1.50,1.73
2013.05.06 16:36:23.871,0.99347,0.99351,1.50,1.65
2013.05.06 16:36:24.506,0.99345,0.99351,1.50,1.65
2013.05.06 16:36:41.575,0.99345,0.99351,2.25,1.65
2013.05.06 16:36:52.136,0.99344,0.9935,2.25,1.13
2013.05.06 16:36:52.437,0.99339,0.99345,2.25,1.13
2013.05.06 16:36:52.565,0.99338,0.99344,1.50,2.40
2013.05.06 16:36:52.867,0.9934,0.99346,1.88,4.50
2013.05.06 16:36:53.049,0.99343,0.99347,1.50,1.50
2013.05.06 16:36:53.236,0.99342,0.99348,1.50,1.50
2013.05.06 16:36:56.855,0.99344,0.9935,1.50,1.88
2013.05.06 16:36:57.367,0.99342,0.99348,1.50,4.13
2013.05.06 16:36:58.580,0.9934,0.99346,1.50,3.00
2013.05.06 16:36:59.796,0.99342,0.99348,1.50,3.00
2013.05.06 16:36:59.856,0.99343,0.99349,1.50,2.40
2013.05.06 16:37:21.267,0.99345,0.99351,1.50,3.90
2013.05.06 16:37:24.529,0.99345,0.99351,1.50,1.65
2013.05.06 16:37:36.026,0.99345,0.99351,1.50,2.40
2013.05.06 16:37:44.046,0.99343,0.9935,3.75,1.88
2013.05.06 16:37:44.165,0.99342,0.99349,3.38,3.75
2013.05.06 16:37:44.226,0.99338,0.99346,2.25,1.88
2013.05.06 16:37:44.585,0.99335,0.99341,2.25,1.50
2013.05.06 16:37:44.836,0.99333,0.9934,3.38,1.13
2013.05.06 16:37:46.985,0.99333,0.99341,3.75,2.48
2013.05.06 16:37:51.885,0.99334,0.99341,1.50,3.98
2013.05.06 16:37:51.947,0.99336,0.99343,1.13,2.43
2013.05.06 16:37:52.127,0.99338,0.99344,1.13,1.50
2013.05.06 16:37:52.186,0.9934,0.99345,1.13,3.38
2013.05.06 16:37:52.252,0.9934,0.99347,4.13,3.00
2013.05.06 16:37:52.805,0.99343,0.9935,2.25,1.50
2013.05.06 16:37:53.405,0.99343,0.99349,3.00,1.65
2013.05.06 16:38:04.056,0.99345,0.9935,1.50,1.88
2013.05.06 16:38:16.366,0.99342,0.99347,1.50,2.40
2013.05.06 16:38:16.606,0.99341,0.99346,1.65,1.50
2013.05.06 16:38:16.667,0.9934,0.99346,1.73,3.00
2013.05.06 16:38:16.785,0.99341,0.99346,1.65,3.00
2013.05.06 16:38:18.108,0.99342,0.99348,1.50,4.13
2013.05.06 16:38:23.533,0.99343,0.99347,1.50,1.50
2013.05.06 16:38:24.096,0.99343,0.99348,1.50,1.50
2013.05.06 16:38:30.427,0.99344,0.9935,1.50,4.88
2013.05.06 16:39:00.706,0.99342,0.99348,1.88,2.10
2013.05.06 16:39:01.069,0.99338,0.99345,3.00,2.25
2013.05.06 16:39:01.204,0.99335,0.9934,1.50,1.50
2013.05.06 16:39:01.506,0.99334,0.9934,1.50,2.63
2013.05.06 16:39:11.905,0.99335,0.9934,1.50,1.13
2013.05.06 16:39:18.563,0.99334,0.9934,1.50,1.13
2013.05.06 16:39:22.235,0.99335,0.9934,1.50,1.13
2013.05.06 16:39:48.195,0.99334,0.9934,1.50,1.13
2013.05.06 16:39:50.824,0.99335,0.99341,1.50,1.50
2013.05.06 16:39:50.964,0.99336,0.99341,1.50,1.50
2013.05.06 16:39:51.938,0.9933,0.99337,1.13,3.00
2013.05.06 16:39:52.496,0.9933,0.99337,2.63,2.25
2013.05.06 16:39:58.166,0.99333,0.99338,1.50,1.50
2013.05.06 16:40:00.296,0.99334,0.99339,1.50,1.65
2013.05.06 16:40:00.536,0.99336,0.99341,1.50,5.63
2013.05.06 16:40:09.566,0.99337,0.99342,1.35,1.65
2013.05.06 16:40:09.626,0.99338,0.99343,1.13,3.00
2013.05.06 16:40:10.165,0.99341,0.99345,1.65,1.50
2013.05.06 16:40:10.886,0.99341,0.99347,1.65,3.75
2013.05.06 16:40:12.777,0.99342,0.99348,1.50,2.25
2013.05.06 16:40:13.275,0.99342,0.99348,2.25,2.25
2013.05.06 16:40:13.815,0.9934,0.99346,3.38,2.25
2013.05.06 16:40:14.365,0.9934,0.99346,2.63,2.25
2013.05.06 16:40:17.317,0.99342,0.99348,1.50,3.75
2013.05.06 16:40:19.837,0.99343,0.99348,1.50,3.75
2013.05.06 16:40:19.957,0.99344,0.99349,1.50,1.65
2013.05.06 16:40:20.375,0.99345,0.99351,1.50,1.65
2013.05.06 16:40:21.335,0.99343,0.99351,1.88,2.40
2013.05.06 16:40:21.516,0.99345,0.99351,1.50,2.40
2013.05.06 16:40:22.056,0.99344,0.99352,2.25,2.63
2013.05.06 16:40:26.366,0.99344,0.99349,2.25,1.65
2013.05.06 16:40:30.906,0.99345,0.99352,1.50,2.63
2013.05.06 16:40:31.466,0.99346,0.99352,1.50,1.88
2013.05.06 16:40:32.185,0.99346,0.99351,1.50,1.50
2013.05.06 16:40:55.086,0.99344,0.99349,1.65,1.50
2013.05.06 16:40:58.025,0.99344,0.9935,1.50,1.88
2013.05.06 16:40:58.645,0.99344,0.9935,2.25,1.13
2013.05.06 16:41:18.506,0.99344,0.9935,2.25,1.88
2013.05.06 16:41:22.766,0.99347,0.99357,3.60,2.25
2013.05.06 16:41:23.067,0.99357,0.99362,2.48,1.50
2013.05.06 16:41:23.606,0.99358,0.99363,1.13,1.50
2013.05.06 16:41:24.086,0.99356,0.99362,3.53,1.50
2013.05.06 16:41:24.146,0.99357,0.99363,3.00,1.50
2013.05.06 16:41:27.146,0.99359,0.99365,1.65,3.00
2013.05.06 16:41:27.597,0.99356,0.99362,1.88,2.40
2013.05.06 16:41:27.957,0.99357,0.99363,1.88,1.50
2013.05.06 16:41:33.757,0.99357,0.99363,1.50,2.25
2013.05.06 16:41:39.498,0.99356,0.99362,1.88,1.88
2013.05.06 16:41:39.616,0.99354,0.9936,5.48,1.88
2013.05.06 16:41:39.796,0.99355,0.99361,2.25,2.85
2013.05.06 16:41:40.056,0.99357,0.99363,3.38,2.25
2013.05.06 16:41:41.445,0.99359,0.99365,1.65,2.25
2013.05.06 16:41:50.146,0.99357,0.99363,2.63,1.50
2013.05.06 16:41:50.386,0.99358,0.99363,1.65,1.50
2013.05.06 16:41:55.505,0.99359,0.99363,1.65,1.50
2013.05.06 16:42:13.896,0.99359,0.99365,1.65,3.75
2013.05.06 16:42:16.186,0.99357,0.99363,1.73,3.00
2013.05.06 16:42:23.189,0.99355,0.99361,3.00,1.50
2013.05.06 16:42:23.256,0.99356,0.99363,1.65,1.50
2013.05.06 16:42:37.300,0.99358,0.99363,1.50,1.50
2013.05.06 16:42:37.860,0.99359,0.99365,1.65,4.50
2013.05.06 16:42:40.176,0.99359,0.99365,1.65,3.00
2013.05.06 16:42:43.345,0.99359,0.99365,1.65,3.75
2013.05.06 16:42:51.187,0.99359,0.99364,1.65,2.25
2013.05.06 16:42:51.786,0.99359,0.99365,1.65,3.75
2013.05.06 16:42:58.075,0.99359,0.99363,1.65,1.50
2013.05.06 16:42:59.376,0.99359,0.99365,1.65,2.25
2013.05.06 16:43:19.200,0.99357,0.99363,1.73,1.50
2013.05.06 16:43:19.998,0.99359,0.99365,1.65,2.25
2013.05.06 16:43:53.557,0.99356,0.99361,2.03,1.50
2013.05.06 16:43:53.977,0.99353,0.99359,3.15,1.50
2013.05.06 16:43:54.037,0.99354,0.99362,1.13,1.88
2013.05.06 16:43:54.096,0.99356,0.99362,1.13,1.50
2013.05.06 16:43:54.657,0.99356,0.99363,1.13,3.00
2013.05.06 16:44:43.876,0.99358,0.99363,1.13,2.25
2013.05.06 16:44:44.235,0.99352,0.99361,1.73,1.65
2013.05.06 16:44:44.596,0.99357,0.99361,1.50,1.50
2013.05.06 16:44:45.150,0.99357,0.99362,1.50,1.50
2013.05.06 16:44:45.656,0.99357,0.99362,1.50,1.50
2013.05.06 16:44:48.469,0.99357,0.99362,1.88,1.50
2013.05.06 16:44:48.778,0.99354,0.9936,1.13,1.50
2013.05.06 16:44:49.256,0.99355,0.99361,3.00,1.50
2013.05.06 16:44:49.662,0.99355,0.99362,3.00,2.25
2013.05.06 16:44:49.918,0.99354,0.99361,3.38,1.65
2013.05.06 16:44:50.239,0.99356,0.99362,1.50,3.00
2013.05.06 16:44:50.315,0.99356,0.99363,1.50,2.25
2013.05.06 16:44:50.377,0.99356,0.99361,1.50,1.50
2013.05.06 16:44:50.497,0.99354,0.99358,3.75,1.50
2013.05.06 16:44:50.798,0.99356,0.99362,2.25,1.88
2013.05.06 16:44:52.986,0.99355,0.99361,3.60,1.50
2013.05.06 16:44:53.547,0.99354,0.9936,3.60,1.50
2013.05.06 16:44:53.848,0.99357,0.99363,1.50,1.13
2013.05.06 16:44:54.469,0.99354,0.99362,2.25,2.63
2013.05.06 16:44:54.537,0.99357,0.99362,1.13,1.50
2013.05.06 16:45:00.337,0.99356,0.99362,2.40,1.50
2013.05.06 16:45:00.396,0.99355,0.99362,3.98,1.50
2013.05.06 16:45:00.755,0.99357,0.99364,1.13,2.63
2013.05.06 16:45:02.763,0.99356,0.99362,2.48,1.50
2013.05.06 16:45:10.339,0.99356,0.99362,2.25,2.25
2013.05.06 16:45:10.886,0.99357,0.99362,1.73,1.50
2013.05.06 16:45:14.797,0.99355,0.99361,2.25,2.25
2013.05.06 16:45:15.707,0.99356,0.99363,1.65,1.50
2013.05.06 16:45:15.888,0.99354,0.9936,2.03,2.25
2013.05.06 16:45:16.246,0.99351,0.99359,2.40,3.15
2013.05.06 16:45:16.796,0.9935,0.99358,1.35,1.50
2013.05.06 16:45:17.237,0.9935,0.99355,1.13,1.50
2013.05.06 16:45:17.297,0.99347,0.99355,6.15,1.50
2013.05.06 16:45:17.417,0.99347,0.99354,3.75,1.50
2013.05.06 16:45:19.356,0.99347,0.99353,3.38,1.50
2013.05.06 16:45:24.632,0.99345,0.99353,3.00,3.00
2013.05.06 16:45:30.277,0.99343,0.99351,5.25,1.50
2013.05.06 16:45:32.427,0.99346,0.9935,1.65,2.25
2013.05.06 16:45:35.133,0.99346,0.99352,1.65,3.00
2013.05.06 16:45:47.127,0.99347,0.99353,2.25,1.50
2013.05.06 16:45:53.566,0.99345,0.99352,2.48,1.50
2013.05.06 16:46:00.166,0.99341,0.9935,2.25,2.10
2013.05.06 16:46:00.587,0.9934,0.99345,3.00,1.50
2013.05.06 16:46:00.706,0.99341,0.99346,1.50,1.50
2013.05.06 16:46:01.007,0.99338,0.99345,1.88,1.50
2013.05.06 16:46:01.897,0.99338,0.99343,3.38,1.50
2013.05.06 16:46:03.318,0.99339,0.99345,1.65,1.50
2013.05.06 16:46:07.479,0.99341,0.99347,1.65,3.38
2013.05.06 16:46:08.027,0.99341,0.99349,1.13,1.88
2013.05.06 16:46:09.359,0.99338,0.99345,5.03,1.50
2013.05.06 16:46:09.901,0.99338,0.99343,1.88,1.50
2013.05.06 16:46:12.106,0.99339,0.99345,1.13,1.50
2013.05.06 16:46:12.657,0.9934,0.99346,1.88,1.50
2013.05.06 16:46:16.111,0.99341,0.99346,1.65,2.25
2013.05.06 16:46:16.356,0.99343,0.99349,1.13,1.88
2013.05.06 16:46:16.787,0.99343,0.99349,1.88,2.63
2013.05.06 16:46:18.283,0.99343,0.99349,1.88,2.63
2013.05.06 16:46:21.362,0.99343,0.99349,1.88,2.63
2013.05.06 16:46:22.537,0.99345,0.99351,1.13,2.25
2013.05.06 16:46:22.656,0.99348,0.99353,1.13,5.62
2013.05.06 16:46:22.957,0.9935,0.99356,1.13,1.50
2013.05.06 16:46:23.085,0.99348,0.99353,1.65,1.50
2013.05.06 16:46:25.996,0.99347,0.99352,1.73,1.50
2013.05.06 16:46:26.537,0.99346,0.99352,2.40,1.50
2013.05.06 16:46:33.607,0.99346,0.99352,1.65,1.50
2013.05.06 16:46:37.998,0.99347,0.99352,1.50,1.50
2013.05.06 16:46:42.261,0.99345,0.99352,1.73,1.50
2013.05.06 16:46:51.997,0.99348,0.99352,1.50,1.50
2013.05.06 16:46:52.536,0.99348,0.99354,1.50,2.78
2013.05.06 16:47:03.480,0.99349,0.99354,1.65,4.13
2013.05.06 16:47:07.987,0.99349,0.99356,1.88,5.81
2013.05.06 16:47:08.167,0.99354,0.99358,1.65,1.35
2013.05.06 16:47:10.216,0.9935,0.99357,1.50,1.50
2013.05.06 16:47:10.338,0.99348,0.99355,2.40,1.50
2013.05.06 16:47:10.888,0.9935,0.99355,1.88,3.00
2013.05.06 16:47:11.436,0.99347,0.99353,1.88,1.50
2013.05.06 16:47:11.947,0.99348,0.99353,1.13,2.25
2013.05.06 16:47:12.066,0.99346,0.99353,2.25,4.88
2013.05.06 16:47:12.127,0.99344,0.99349,1.50,1.50
2013.05.06 16:47:12.187,0.99345,0.99351,1.50,3.15
2013.05.06 16:47:12.676,0.99346,0.99352,2.25,1.13
2013.05.06 16:47:12.798,0.99347,0.99354,1.50,3.18
2013.05.06 16:47:13.305,0.99348,0.99354,1.50,2.63
2013.05.06 16:47:24.747,0.99348,0.99354,1.50,2.63
2013.05.06 16:47:26.176,0.99347,0.99354,2.25,2.63
2013.05.06 16:47:26.739,0.99346,0.99353,4.28,1.50
2013.05.06 16:47:27.297,0.99348,0.99354,1.88,1.50
2013.05.06 16:47:33.473,0.99348,0.99353,1.13,1.50
2013.05.06 16:47:33.977,0.9935,0.99355,1.13,1.50
2013.05.06 16:47:34.756,0.99349,0.99355,3.38,2.25
2013.05.06 16:47:37.237,0.99348,0.99354,1.50,2.25
2013.05.06 16:47:37.299,0.99349,0.99354,1.50,1.50
2013.05.06 16:47:39.806,0.99346,0.99354,1.50,1.50
2013.05.06 16:47:39.866,0.99346,0.99353,2.25,1.65
2013.05.06 16:47:39.938,0.99346,0.99353,3.75,1.28
2013.05.06 16:47:40.296,0.99347,0.99352,1.13,1.50
2013.05.06 16:47:40.777,0.99347,0.99353,1.88,2.63
2013.05.06 16:47:43.367,0.99349,0.99353,1.50,1.50
2013.05.06 16:47:44.116,0.99351,0.99355,1.50,1.88
2013.05.06 16:47:45.327,0.99348,0.99353,1.50,1.50
2013.05.06 16:47:47.326,0.99349,0.99354,1.50,2.25
2013.05.06 16:47:47.447,0.99349,0.99356,2.63,4.68
2013.05.06 16:47:47.566,0.99349,0.99355,2.25,1.13
2013.05.06 16:47:47.627,0.99352,0.99357,3.00,1.50
2013.05.06 16:47:47.986,0.99353,0.9936,2.25,1.73
2013.05.06 16:47:52.166,0.99355,0.9936,1.50,3.23
2013.05.06 16:47:52.707,0.99353,0.99359,1.50,1.88
2013.05.06 16:47:53.066,0.99351,0.99357,1.50,1.50
2013.05.06 16:47:53.587,0.99351,0.99356,1.50,1.50
2013.05.06 16:47:54.126,0.99349,0.99355,1.88,3.75
2013.05.06 16:47:55.106,0.99348,0.99353,1.50,1.50
2013.05.06 16:47:55.987,0.99347,0.99353,2.63,2.25
2013.05.06 16:47:57.617,0.99347,0.99353,2.25,2.40
2013.05.06 16:47:57.677,0.99346,0.99353,1.50,2.78
2013.05.06 16:47:58.218,0.99347,0.99353,1.88,2.63
2013.05.06 16:48:00.150,0.99347,0.99353,2.63,3.38
2013.05.06 16:48:03.697,0.99349,0.99353,1.50,2.25
2013.05.06 16:48:04.346,0.99347,0.99353,1.88,2.25
2013.05.06 16:48:10.206,0.99345,0.99353,2.40,2.40
2013.05.06 16:48:10.508,0.99345,0.99353,2.63,1.88
2013.05.06 16:48:19.128,0.99347,0.99353,1.13,1.13
2013.05.06 16:48:31.800,0.99351,0.99356,1.13,6.00
2013.05.06 16:48:31.868,0.99351,0.99356,8.25,3.00
2013.05.06 16:48:31.987,0.99352,0.99358,1.13,1.50
2013.05.06 16:48:32.166,0.99353,0.9936,2.25,1.73
2013.05.06 16:48:32.227,0.99353,0.99361,1.50,3.60
2013.05.06 16:48:33.207,0.99353,0.99361,2.25,1.88
2013.05.06 16:48:33.267,0.99355,0.99361,1.50,1.88
2013.05.06 16:48:35.336,0.99355,0.99361,2.25,1.88
2013.05.06 16:48:36.597,0.99357,0.99362,1.50,1.13
2013.05.06 16:48:37.136,0.99358,0.99363,1.50,1.88
2013.05.06 16:48:40.378,0.99355,0.99361,2.25,1.88
2013.05.06 16:48:40.737,0.99355,0.99361,1.50,1.13
2013.05.06 16:48:49.867,0.99353,0.99361,3.75,1.73
2013.05.06 16:48:50.406,0.99351,0.99356,3.00,1.13
2013.05.06 16:48:50.818,0.99353,0.99358,2.25,1.65
2013.05.06 16:48:50.887,0.9935,0.99359,3.90,5.25
2013.05.06 16:48:51.427,0.9935,0.99356,1.50,2.22
2013.05.06 16:48:52.097,0.99348,0.99356,1.50,3.53
2013.05.06 16:48:58.640,0.99349,0.99355,2.25,1.28
2013.05.06 16:48:58.827,0.99351,0.99357,1.88,3.75
2013.05.06 16:48:58.949,0.99353,0.99359,1.65,2.25
2013.05.06 16:49:05.488,0.99352,0.99358,2.25,1.13
2013.05.06 16:49:05.548,0.99351,0.99359,3.38,1.88
2013.05.06 16:49:10.797,0.99352,0.99359,2.25,1.88
2013.05.06 16:49:12.977,0.99352,0.99359,2.25,1.13
2013.05.06 16:49:13.949,0.99353,0.99358,1.50,1.13
2013.05.06 16:49:14.506,0.99351,0.99356,1.50,1.50
2013.05.06 16:49:17.277,0.9935,0.99356,1.65,2.25
2013.05.06 16:49:19.750,0.99351,0.99356,1.50,2.25
2013.05.06 16:49:21.336,0.99349,0.99355,1.50,1.65
2013.05.06 16:49:21.578,0.99346,0.99351,1.50,1.50
2013.05.06 16:49:21.696,0.99347,0.99352,1.88,2.25
2013.05.06 16:49:21.817,0.99348,0.99354,1.50,2.43
2013.05.06 16:49:29.059,0.99348,0.99354,2.25,1.50
2013.05.06 16:49:35.370,0.99349,0.99354,1.50,1.50
2013.05.06 16:49:50.449,0.99348,0.99354,1.50,1.50
2013.05.06 16:49:59.387,0.99348,0.99355,3.00,2.78
2013.05.06 16:49:59.937,0.99349,0.99354,1.50,1.50
2013.05.06 16:50:06.948,0.99349,0.99354,1.50,2.63
2013.05.06 16:50:50.986,0.99349,0.99354,1.50,1.50
2013.05.06 16:50:52.367,0.99349,0.99354,1.50,1.88
2013.05.06 16:51:07.134,0.99347,0.99354,2.63,1.13
2013.05.06 16:52:36.657,0.99348,0.99354,1.50,1.50
2013.05.06 16:52:47.868,0.99348,0.99354,2.10,1.50
2013.05.06 16:52:48.108,0.99348,0.99353,1.50,1.88
2013.05.06 16:52:50.085,0.99348,0.99355,1.50,2.40
2013.05.06 16:53:00.757,0.99349,0.99354,1.50,2.25
2013.05.06 16:53:01.057,0.99347,0.99353,3.00,1.65
2013.05.06 16:53:01.238,0.99347,0.99353,1.88,2.25
2013.05.06 16:53:02.327,0.99349,0.99353,1.50,2.25
2013.05.06 16:53:07.430,0.99347,0.99352,1.50,1.50
2013.05.06 16:53:18.062,0.99347,0.99352,1.50,1.50
2013.05.06 16:53:50.557,0.99347,0.99353,1.50,2.78
2013.05.06 16:53:51.497,0.99347,0.99352,1.50,1.50
2013.05.06 16:53:52.317,0.99349,0.99353,1.50,1.65
2013.05.06 16:53:52.828,0.99349,0.99355,1.50,2.03
2013.05.06 16:53:59.887,0.99349,0.99355,1.50,2.03
2013.05.06 16:54:00.187,0.99355,0.99362,1.65,3.93
2013.05.06 16:54:00.307,0.99353,0.9936,1.50,4.28
2013.05.06 16:54:00.608,0.99354,0.99358,1.35,1.88
2013.05.06 16:54:00.727,0.99352,0.99357,3.00,1.50
2013.05.06 16:54:01.268,0.99352,0.99358,1.50,1.73
2013.05.06 16:54:31.245,0.99354,0.99363,1.50,3.18
2013.05.06 16:54:31.427,0.99352,0.99359,1.50,1.13
2013.05.06 16:54:31.728,0.99351,0.99357,2.54,1.50
2013.05.06 16:54:32.427,0.99351,0.99356,1.50,1.50
2013.05.06 16:54:33.021,0.99351,0.99355,1.50,1.50
2013.05.06 16:54:34.208,0.99349,0.99355,1.41,2.25
2013.05.06 16:54:34.389,0.99351,0.99357,1.88,4.88
2013.05.06 16:54:34.517,0.99353,0.99357,1.50,1.65
2013.05.06 16:54:35.067,0.99353,0.99359,1.50,1.35
2013.05.06 16:54:44.549,0.99353,0.99359,1.50,1.88
2013.05.06 16:54:45.544,0.9935,0.99358,2.25,1.13
2013.05.06 16:54:54.497,0.99351,0.99358,1.50,3.33
2013.05.06 16:54:55.047,0.99352,0.99358,2.25,2.40
2013.05.06 16:54:55.507,0.99352,0.99358,1.65,1.50
2013.05.06 16:54:55.567,0.99353,0.99358,1.50,1.50
2013.05.06 16:54:56.247,0.99352,0.99358,2.25,1.88
2013.05.06 16:55:00.207,0.99353,0.99358,1.50,1.73
2013.05.06 16:55:00.757,0.99354,0.9936,1.58,1.28
2013.05.06 16:55:01.297,0.99354,0.99359,1.50,1.13
2013.05.06 16:55:01.957,0.99354,0.9936,2.25,1.28
2013.05.06 16:55:02.077,0.99355,0.9936,1.50,1.88
2013.05.06 16:55:03.568,0.99354,0.99358,1.50,1.73
2013.05.06 16:55:03.688,0.99352,0.99358,1.50,1.73
2013.05.06 16:55:03.748,0.99351,0.99358,1.50,1.65
2013.05.06 16:55:05.459,0.99349,0.99355,1.50,1.65
2013.05.06 16:55:05.588,0.99346,0.99354,2.10,3.00
2013.05.06 16:55:07.448,0.99344,0.9935,1.50,1.65
2013.05.06 16:55:08.888,0.99344,0.9935,2.25,1.88
2013.05.06 16:55:09.008,0.99341,0.99346,2.25,1.50
2013.05.06 16:55:12.909,0.99341,0.99347,1.50,1.50
2013.05.06 16:55:19.173,0.99341,0.99345,1.50,1.50
2013.05.06 16:55:44.257,0.99341,0.99347,1.50,2.25
2013.05.06 16:56:16.159,0.9934,0.99346,1.65,1.50
2013.05.06 16:56:17.144,0.9934,0.99345,2.25,1.50
2013.05.06 16:56:35.155,0.9934,0.99346,2.25,1.50
2013.05.06 16:56:38.598,0.99335,0.99343,1.88,5.10
2013.05.06 16:56:38.958,0.99329,0.99334,1.50,1.50
2013.05.06 16:56:39.017,0.99327,0.99334,1.50,2.25
2013.05.06 16:56:39.378,0.99324,0.99331,3.00,1.50
2013.05.06 16:56:39.439,0.99326,0.99332,3.00,2.25
2013.05.06 16:56:39.508,0.99326,0.99332,5.25,2.25
2013.05.06 16:56:40.069,0.99327,0.99334,1.50,1.50
2013.05.06 16:56:41.383,0.99326,0.99331,2.25,1.65
2013.05.06 16:56:41.455,0.99326,0.99331,2.40,2.25
2013.05.06 16:56:42.788,0.99325,0.99331,1.50,1.65
2013.05.06 16:56:45.381,0.99327,0.99333,1.88,2.63
2013.05.06 16:56:45.508,0.99328,0.99333,1.88,1.31
2013.05.06 16:56:45.748,0.99326,0.99333,2.25,2.06
2013.05.06 16:56:46.252,0.99329,0.99333,1.50,1.31
2013.05.06 16:56:49.921,0.99327,0.99333,1.50,2.06
2013.05.06 16:56:51.137,0.99329,0.99334,1.50,2.81
2013.05.06 16:56:51.903,0.99329,0.99334,1.50,2.81
2013.05.06 16:57:02.165,0.99329,0.99334,1.50,1.31
2013.05.06 16:57:02.348,0.99323,0.9933,3.00,1.13
2013.05.06 16:57:02.897,0.99324,0.99329,1.50,1.46
2013.05.06 16:57:05.358,0.99323,0.99329,2.25,2.21
2013.05.06 16:57:05.717,0.99325,0.99332,2.63,2.66
2013.05.06 16:57:06.257,0.99327,0.99332,1.50,1.31
2013.05.06 16:57:06.807,0.99327,0.99332,3.00,1.31
2013.05.06 16:57:10.528,0.99327,0.99333,3.00,2.06
2013.05.06 16:57:11.139,0.99327,0.99333,3.00,2.81
2013.05.06 16:57:30.901,0.99327,0.99334,2.25,1.83
2013.05.06 16:57:31.544,0.99328,0.99334,1.50,1.83
2013.05.06 16:57:31.788,0.99329,0.99336,2.40,3.56
2013.05.06 16:57:32.337,0.9933,0.99336,1.50,2.06
2013.05.06 16:57:32.900,0.99329,0.99334,1.65,1.50
2013.05.06 16:57:35.248,0.99327,0.99333,3.00,2.85
2013.05.06 16:57:35.368,0.99326,0.99332,2.40,1.50
2013.05.06 16:57:35.487,0.99327,0.99332,1.50,1.50
2013.05.06 16:57:36.887,0.9933,0.99334,1.50,2.40
2013.05.06 16:57:44.109,0.99328,0.99333,2.63,1.50
2013.05.06 16:57:46.757,0.99326,0.99333,5.25,3.60
2013.05.06 16:57:46.938,0.99326,0.99331,2.25,1.50
2013.05.06 16:57:47.118,0.99326,0.99332,2.40,3.75
2013.05.06 16:57:47.481,0.99326,0.99331,2.25,1.88
2013.05.06 16:57:47.668,0.99323,0.9933,1.50,2.63
2013.05.06 16:57:48.027,0.9932,0.99328,2.63,2.63
2013.05.06 16:57:48.147,0.9932,0.99328,1.88,1.13
2013.05.06 16:57:48.207,0.99321,0.99328,1.65,1.88
2013.05.06 16:57:48.448,0.99323,0.99328,1.13,1.88
2013.05.06 16:57:48.987,0.99325,0.9933,1.50,1.50
2013.05.06 16:57:49.408,0.9932,0.99327,4.13,1.50
2013.05.06 16:57:49.528,0.9932,0.99327,2.63,2.25
2013.05.06 16:57:49.887,0.99322,0.99328,2.25,4.13
2013.05.06 16:57:50.379,0.99322,0.99328,1.50,1.88
2013.05.06 16:57:50.889,0.99321,0.99328,2.40,1.88
2013.05.06 16:57:57.108,0.9932,0.99326,1.13,1.50
2013.05.06 16:57:57.347,0.9932,0.99326,1.50,3.15
2013.05.06 16:58:03.880,0.99318,0.99325,2.63,1.88
2013.05.06 16:58:06.328,0.99318,0.99323,2.63,1.50
2013.05.06 16:58:06.449,0.99316,0.99322,3.00,1.88
2013.05.06 16:58:06.997,0.99317,0.99322,1.50,1.50
2013.05.06 16:58:11.601,0.99317,0.99324,2.25,1.83
2013.05.06 16:58:19.608,0.9932,0.99326,1.13,6.64
2013.05.06 16:58:19.668,0.99322,0.99326,1.50,3.38
2013.05.06 16:58:19.738,0.99322,0.99328,1.13,7.35
2013.05.06 16:58:19.799,0.99323,0.99328,1.88,3.98
2013.05.06 16:58:20.338,0.99324,0.9933,1.50,1.31
2013.05.06 16:58:24.640,0.99323,0.99328,1.50,1.88
2013.05.06 16:58:25.710,0.99324,0.99328,1.50,1.13
2013.05.06 16:58:28.127,0.99324,0.9933,1.50,2.81
2013.05.06 16:58:29.818,0.99324,0.99328,1.50,1.13
2013.05.06 16:58:30.367,0.99324,0.99329,2.25,1.28
2013.05.06 16:58:34.378,0.99324,0.99329,1.50,1.28
2013.05.06 16:58:34.498,0.9932,0.99327,3.00,1.13
2013.05.06 16:58:34.629,0.99318,0.99324,3.90,1.50
2013.05.06 16:58:35.178,0.99318,0.99324,1.65,1.50
2013.05.06 16:58:37.688,0.9932,0.99324,1.50,1.50
2013.05.06 16:58:45.567,0.9932,0.99329,3.38,4.83
2013.05.06 16:58:46.108,0.99324,0.9933,1.50,1.50
2013.05.06 16:58:48.035,0.99325,0.99331,1.50,1.73
2013.05.06 16:58:48.468,0.99324,0.9933,1.50,1.88
2013.05.06 16:58:50.309,0.99322,0.99327,1.50,1.13
2013.05.06 16:58:50.370,0.99319,0.99325,2.40,1.50
2013.05.06 16:58:50.880,0.99318,0.99324,1.65,1.50
2013.05.06 16:58:53.088,0.99319,0.99323,1.65,1.50
2013.05.06 16:58:54.277,0.99319,0.99329,3.75,17.80
2013.05.06 16:58:54.518,0.99322,0.99329,2.25,2.40
2013.05.06 16:58:54.638,0.99324,0.9933,3.15,1.50
2013.05.06 16:58:55.019,0.99326,0.99331,1.50,1.50
2013.05.06 16:58:56.289,0.99326,0.99332,3.15,1.50
2013.05.06 16:58:57.148,0.99328,0.99334,1.50,2.03
2013.05.06 16:59:22.653,0.99326,0.99332,2.40,1.50
2013.05.06 16:59:23.210,0.99327,0.99333,1.50,1.50
2013.05.06 16:59:24.100,0.99324,0.99331,1.13,1.88
2013.05.06 16:59:24.459,0.99321,0.99327,1.65,2.25
2013.05.06 16:59:24.582,0.99321,0.99328,1.50,1.13
2013.05.06 16:59:24.948,0.99319,0.99326,1.65,1.50
2013.05.06 16:59:40.640,0.9932,0.99326,1.88,1.50
2013.05.06 16:59:40.706,0.9932,0.99329,1.88,5.21
2013.05.06 16:59:40.775,0.9932,0.99329,2.63,4.28
2013.05.06 16:59:40.841,0.9932,0.99327,2.63,2.25
2013.05.06 16:59:40.912,0.99323,0.99329,1.50,2.40
2013.05.06 16:59:41.040,0.99324,0.99329,1.50,1.50
2013.05.06 16:59:41.168,0.99326,0.99334,1.65,3.15
2013.05.06 16:59:41.229,0.99326,0.99332,2.25,2.63
2013.05.06 16:59:41.757,0.99326,0.99331,1.50,1.65
2013.05.06 16:59:45.933,0.99327,0.99331,1.50,1.65
2013.05.06 16:59:46.058,0.99328,0.99334,1.50,2.03
2013.05.06 16:59:47.069,0.99329,0.99335,1.50,1.88
2013.05.06 16:59:50.198,0.99327,0.99333,1.50,1.50
2013.05.06 16:59:52.898,0.99328,0.99336,1.65,2.63
2013.05.06 16:59:56.969,0.9933,0.99336,1.50,1.50
