2017.05.29 07:00:00.171,1.11249,1.11254,3.22,1.25
2017.05.29 07:00:00.377,1.11251,1.11257,2.10,1.76
2017.05.29 07:00:00.841,1.11253,1.11258,1.72,1.46
2017.05.29 07:00:01.042,1.11255,1.11259,1.30,1.31
2017.05.29 07:00:01.741,1.11255,1.11257,3.80,1.00
2017.05.29 07:00:01.920,1.11255,1.1126,7.03,2.06
2017.05.29 07:00:02.074,1.11257,1.11262,3.05,2.44
2017.05.29 07:00:02.601,1.11257,1.11262,3.43,1.69
2017.05.29 07:00:05.217,1.11257,1.1126,3.43,1.00
2017.05.29 07:00:05.417,1.11255,1.11259,1.00,1.69
2017.05.29 07:00:06.874,1.11254,1.11259,1.25,1.31
2017.05.29 07:00:07.384,1.11254,1.11259,2.81,1.25
2017.05.29 07:00:12.508,1.11256,1.11259,1.12,1.00
2017.05.29 07:00:12.561,1.11258,1.1126,3.60,1.12
2017.05.29 07:00:12.665,1.11259,1.11262,1.30,1.69
2017.05.29 07:00:13.430,1.11259,1.11264,1.00,1.31
2017.05.29 07:00:15.178,1.11258,1.11262,3.00,1.25
2017.05.29 07:00:17.490,1.11257,1.11258,4.12,1.25
2017.05.29 07:00:17.543,1.11254,1.11257,3.37,2.44
2017.05.29 07:00:17.646,1.11253,1.11257,5.25,3.19
2017.05.29 07:00:17.901,1.11255,1.11258,1.87,1.50
2017.05.29 07:00:18.158,1.11257,1.11262,5.06,1.31
2017.05.29 07:00:18.336,1.11259,1.11264,2.10,5.14
2017.05.29 07:00:18.849,1.11257,1.11262,9.19,1.00
2017.05.29 07:00:19.358,1.11257,1.11263,10.31,2.44
2017.05.29 07:00:20.378,1.11258,1.11263,2.25,5.63
2017.05.29 07:00:20.890,1.11258,1.11262,1.00,1.62
2017.05.29 07:00:22.695,1.11258,1.11262,1.00,2.44
2017.05.29 07:00:23.213,1.11258,1.11262,1.00,2.44
2017.05.29 07:00:23.890,1.1126,1.11263,1.00,2.81
2017.05.29 07:00:23.942,1.1126,1.11263,2.62,1.00
2017.05.29 07:00:24.146,1.11259,1.11262,4.35,1.62
2017.05.29 07:00:24.777,1.11258,1.11262,1.00,2.44
2017.05.29 07:00:25.084,1.11261,1.11262,1.00,1.00
2017.05.29 07:00:25.290,1.11262,1.11264,1.50,1.00
2017.05.29 07:00:25.341,1.11265,1.11266,1.00,1.87
2017.05.29 07:00:25.496,1.11266,1.11267,1.00,1.25
2017.05.29 07:00:25.844,1.11265,1.11267,1.12,1.12
2017.05.29 07:00:25.947,1.11265,1.11269,1.12,1.31
2017.05.29 07:00:26.472,1.11266,1.1127,1.25,1.99
2017.05.29 07:00:26.992,1.11268,1.11271,2.62,1.37
2017.05.29 07:00:27.502,1.11269,1.11272,1.50,1.69
2017.05.29 07:00:29.499,1.11268,1.11272,1.12,1.69
2017.05.29 07:00:30.051,1.11268,1.11271,1.00,1.37
2017.05.29 07:00:30.257,1.11264,1.11267,1.25,1.12
2017.05.29 07:00:30.819,1.11263,1.11267,2.25,1.31
2017.05.29 07:00:31.831,1.11266,1.1127,1.69,1.20
2017.05.29 07:00:31.883,1.11266,1.11271,2.29,3.94
2017.05.29 07:00:31.935,1.11267,1.11272,4.16,1.12
2017.05.29 07:00:31.987,1.11267,1.11273,5.29,3.60
2017.05.29 07:00:32.245,1.11269,1.11274,3.79,2.00
2017.05.29 07:00:32.789,1.1127,1.11275,1.35,2.44
2017.05.29 07:00:46.950,1.11269,1.11273,1.37,2.06
2017.05.29 07:00:47.104,1.11268,1.11272,3.75,1.25
2017.05.29 07:00:48.675,1.11268,1.11273,3.00,1.76
2017.05.29 07:00:50.802,1.11268,1.11273,3.00,1.76
2017.05.29 07:00:52.023,1.11268,1.11273,3.00,3.26
2017.05.29 07:00:52.584,1.11268,1.11273,3.00,3.26
2017.05.29 07:00:53.243,1.11268,1.11272,1.00,2.44
2017.05.29 07:00:53.936,1.11266,1.11269,1.12,1.69
2017.05.29 07:00:53.988,1.11264,1.11267,1.37,1.25
2017.05.29 07:00:54.317,1.11262,1.11266,2.25,1.69
2017.05.29 07:00:54.870,1.11262,1.11266,1.00,1.69
2017.05.29 07:00:57.772,1.11261,1.11266,3.19,2.06
2017.05.29 07:00:59.534,1.11261,1.11262,1.50,1.00
2017.05.29 07:00:59.790,1.11257,1.11261,1.87,1.69
2017.05.29 07:01:00.288,1.11256,1.11259,1.05,1.00
2017.05.29 07:01:00.699,1.11254,1.11257,1.43,1.12
2017.05.29 07:01:00.905,1.11251,1.11256,4.50,2.81
2017.05.29 07:01:01.185,1.11253,1.11257,3.19,1.87
2017.05.29 07:01:01.341,1.11255,1.11259,3.94,1.00
2017.05.29 07:01:01.749,1.11256,1.1126,1.69,1.87
2017.05.29 07:01:02.573,1.11257,1.11261,2.81,1.12
2017.05.29 07:01:03.084,1.11256,1.11261,5.06,1.12
2017.05.29 07:01:03.136,1.11256,1.11261,2.44,3.19
2017.05.29 07:01:03.646,1.11256,1.1126,1.31,1.12
2017.05.29 07:01:04.166,1.11257,1.11261,1.00,1.31
2017.05.29 07:01:04.539,1.11255,1.11259,1.12,1.31
2017.05.29 07:01:05.055,1.11253,1.11259,3.19,1.69
2017.05.29 07:01:06.050,1.11253,1.11258,3.19,1.50
2017.05.29 07:01:06.732,1.11252,1.11257,3.26,1.00
2017.05.29 07:01:07.243,1.11254,1.11259,1.25,2.06
2017.05.29 07:01:07.550,1.11259,1.11262,1.00,1.12
2017.05.29 07:01:08.077,1.11257,1.11263,4.76,2.06
2017.05.29 07:01:12.577,1.11258,1.11262,1.25,2.25
2017.05.29 07:01:13.946,1.11256,1.11259,1.37,1.00
2017.05.29 07:01:14.049,1.11255,1.11258,1.31,1.12
2017.05.29 07:01:20.744,1.11253,1.11257,4.50,2.44
2017.05.29 07:01:20.796,1.11253,1.11255,1.12,1.12
2017.05.29 07:01:21.000,1.1125,1.11254,1.31,1.12
2017.05.29 07:01:21.430,1.11252,1.11254,1.00,1.12
2017.05.29 07:01:21.686,1.11253,1.11257,1.50,2.44
2017.05.29 07:01:22.225,1.11253,1.11257,1.50,1.31
2017.05.29 07:01:23.560,1.11252,1.11257,5.44,1.31
2017.05.29 07:01:24.631,1.11253,1.11257,1.50,1.31
2017.05.29 07:01:24.784,1.11254,1.11259,3.56,1.87
2017.05.29 07:01:24.886,1.11255,1.11259,1.31,1.50
2017.05.29 07:01:25.497,1.11256,1.11259,1.62,1.12
2017.05.29 07:01:25.845,1.11261,1.11265,3.56,1.00
2017.05.29 07:01:26.355,1.11263,1.11266,1.00,1.12
2017.05.29 07:01:26.876,1.11261,1.11266,4.69,1.31
2017.05.29 07:01:28.990,1.11263,1.11266,1.00,1.12
2017.05.29 07:01:29.585,1.11261,1.11266,6.19,1.12
2017.05.29 07:01:30.579,1.11261,1.11266,3.19,1.69
2017.05.29 07:01:31.070,1.1126,1.11265,3.19,1.31
2017.05.29 07:01:31.580,1.11259,1.11264,3.56,1.50
2017.05.29 07:01:32.273,1.11261,1.11265,1.12,2.44
2017.05.29 07:01:33.422,1.1126,1.11265,1.31,2.44
2017.05.29 07:01:36.761,1.1126,1.11265,3.56,1.69
2017.05.29 07:01:38.302,1.1126,1.11265,2.81,1.69
2017.05.29 07:01:41.225,1.1126,1.11265,4.91,1.69
2017.05.29 07:01:41.277,1.11263,1.11265,1.00,1.12
2017.05.29 07:01:41.803,1.11262,1.11268,3.56,1.31
2017.05.29 07:01:45.090,1.11262,1.11267,1.87,1.56
2017.05.29 07:01:45.600,1.11263,1.11269,1.12,4.76
2017.05.29 07:01:46.091,1.11265,1.11269,1.54,1.12
2017.05.29 07:01:46.195,1.11266,1.11271,5.47,2.44
2017.05.29 07:01:46.698,1.11267,1.11273,1.50,4.76
2017.05.29 07:01:48.595,1.11266,1.11271,1.69,2.06
2017.05.29 07:01:48.647,1.11265,1.1127,2.25,1.69
2017.05.29 07:01:49.152,1.11263,1.11268,2.81,1.00
2017.05.29 07:01:59.630,1.11265,1.11269,1.50,1.62
2017.05.29 07:02:00.139,1.11264,1.11269,2.44,1.62
2017.05.29 07:02:00.241,1.11265,1.1127,5.06,1.31
2017.05.29 07:02:00.293,1.11266,1.1127,4.31,1.00
2017.05.29 07:02:00.714,1.11265,1.11269,3.19,1.50
2017.05.29 07:02:11.929,1.11266,1.11269,1.00,1.37
2017.05.29 07:02:12.083,1.11267,1.11271,2.85,1.62
2017.05.29 07:02:12.592,1.11267,1.11273,3.37,2.93
2017.05.29 07:02:13.106,1.11268,1.11273,1.31,1.62
2017.05.29 07:02:13.414,1.1127,1.11274,1.35,1.31
2017.05.29 07:02:14.021,1.1127,1.11276,3.60,5.89
2017.05.29 07:02:15.578,1.1127,1.11274,1.00,1.62
2017.05.29 07:02:15.732,1.11268,1.11274,3.56,1.69
2017.05.29 07:02:16.089,1.11271,1.11274,1.00,1.56
2017.05.29 07:02:16.242,1.11274,1.11277,1.00,1.62
2017.05.29 07:02:16.345,1.11276,1.11277,1.00,1.00
2017.05.29 07:02:16.863,1.11274,1.11279,3.37,1.94
2017.05.29 07:02:17.424,1.11275,1.1128,2.06,2.06
2017.05.29 07:02:17.930,1.11276,1.1128,1.12,2.06
2017.05.29 07:02:18.440,1.11275,1.1128,1.01,1.31
2017.05.29 07:02:19.229,1.11275,1.11277,1.00,2.10
2017.05.29 07:02:19.331,1.11272,1.11276,1.50,2.66
2017.05.29 07:02:19.867,1.11271,1.11275,1.50,1.69
2017.05.29 07:02:20.417,1.1127,1.11275,4.76,1.69
2017.05.29 07:02:21.688,1.11271,1.11275,2.62,1.69
2017.05.29 07:02:22.191,1.1127,1.11275,4.01,1.69
2017.05.29 07:02:22.696,1.11271,1.11275,2.62,1.69
2017.05.29 07:02:23.983,1.1127,1.11274,2.51,1.00
2017.05.29 07:02:24.501,1.1127,1.11274,1.76,1.50
2017.05.29 07:02:25.230,1.1127,1.11274,1.76,1.00
2017.05.29 07:02:26.188,1.11271,1.11274,1.50,1.00
2017.05.29 07:02:27.178,1.1127,1.11274,3.26,1.00
2017.05.29 07:02:30.871,1.11271,1.11275,1.00,1.69
2017.05.29 07:02:31.380,1.1127,1.11274,3.26,1.00
2017.05.29 07:02:36.004,1.11269,1.11274,1.95,1.91
2017.05.29 07:02:36.157,1.11266,1.11271,5.51,1.00
2017.05.29 07:02:40.773,1.11267,1.11272,4.01,1.31
2017.05.29 07:02:41.289,1.11267,1.11272,1.57,3.79
2017.05.29 07:02:41.392,1.11266,1.1127,1.95,3.04
2017.05.29 07:02:41.545,1.11265,1.11269,3.26,1.30
2017.05.29 07:02:47.943,1.11266,1.11271,2.70,2.44
2017.05.29 07:02:48.478,1.11267,1.11271,1.00,1.69
2017.05.29 07:02:49.591,1.11266,1.1127,1.00,1.69
2017.05.29 07:02:51.260,1.11265,1.11269,1.00,1.69
2017.05.29 07:02:51.776,1.11266,1.1127,1.00,2.44
2017.05.29 07:02:51.879,1.11264,1.11269,1.84,3.04
2017.05.29 07:02:59.981,1.11265,1.11269,4.31,1.37
2017.05.29 07:03:00.489,1.11265,1.11269,1.00,1.69
2017.05.29 07:03:00.999,1.11263,1.11269,7.39,1.69
2017.05.29 07:03:05.540,1.11263,1.11269,2.51,5.29
2017.05.29 07:03:06.052,1.11262,1.11268,4.91,5.29
2017.05.29 07:03:07.011,1.11262,1.11268,4.54,4.69
2017.05.29 07:03:07.636,1.11262,1.11268,3.79,4.69
2017.05.29 07:03:12.285,1.11262,1.11267,3.60,2.81
2017.05.29 07:03:12.593,1.11256,1.11261,8.14,1.16
2017.05.29 07:03:12.644,1.11256,1.11261,3.64,1.16
2017.05.29 07:03:14.310,1.11258,1.11261,1.00,1.91
2017.05.29 07:03:14.667,1.1126,1.11262,1.00,2.06
2017.05.29 07:03:14.770,1.11262,1.11264,1.00,1.69
2017.05.29 07:03:15.318,1.11261,1.11265,1.00,2.44
2017.05.29 07:03:15.802,1.11259,1.11263,1.00,1.25
2017.05.29 07:03:17.334,1.1126,1.11263,1.00,1.25
2017.05.29 07:03:18.232,1.11262,1.11265,1.00,2.44
2017.05.29 07:03:18.743,1.11262,1.11266,1.00,3.94
2017.05.29 07:03:19.252,1.11262,1.11266,1.00,1.69
2017.05.29 07:03:23.229,1.11261,1.11265,1.12,4.16
2017.05.29 07:03:23.560,1.1126,1.11263,1.00,1.91
2017.05.29 07:03:29.205,1.11261,1.11264,1.50,2.62
2017.05.29 07:03:29.409,1.11262,1.11265,1.69,1.50
2017.05.29 07:03:29.919,1.11263,1.11266,1.12,1.00
2017.05.29 07:03:30.133,1.11265,1.11267,1.00,3.37
2017.05.29 07:03:30.287,1.11267,1.1127,1.00,3.00
2017.05.29 07:03:32.438,1.11267,1.1127,2.44,1.50
2017.05.29 07:03:32.542,1.11266,1.11268,1.00,4.50
2017.05.29 07:03:32.594,1.11265,1.11268,1.69,5.25
2017.05.29 07:03:32.800,1.11262,1.11264,1.00,1.25
2017.05.29 07:03:32.921,1.11259,1.11262,2.36,3.75
2017.05.29 07:03:33.384,1.11261,1.11263,1.00,4.12
2017.05.29 07:03:33.489,1.11264,1.11265,1.00,1.00
2017.05.29 07:03:33.696,1.11265,1.11267,1.00,1.12
2017.05.29 07:03:34.241,1.11266,1.1127,1.25,3.97
2017.05.29 07:03:34.762,1.11266,1.1127,1.25,1.87
2017.05.29 07:03:37.141,1.11267,1.1127,1.25,1.50
2017.05.29 07:03:37.651,1.11268,1.11271,1.00,1.50
2017.05.29 07:03:38.216,1.11268,1.11271,1.00,1.12
2017.05.29 07:03:44.690,1.1127,1.11271,1.00,1.00
2017.05.29 07:03:44.794,1.11271,1.11273,1.00,1.00
2017.05.29 07:03:45.353,1.1127,1.11273,1.00,1.00
2017.05.29 07:03:48.257,1.1127,1.11273,1.00,3.00
2017.05.29 07:03:49.612,1.11269,1.11272,1.00,1.00
2017.05.29 07:03:50.135,1.1127,1.11274,1.25,2.25
2017.05.29 07:03:50.238,1.11272,1.11274,1.00,2.25
2017.05.29 07:03:50.748,1.11272,1.11276,1.00,3.56
2017.05.29 07:03:52.676,1.11271,1.11275,1.00,1.69
2017.05.29 07:03:53.186,1.11272,1.11275,1.00,1.69
2017.05.29 07:03:54.670,1.11272,1.11275,1.00,1.31
2017.05.29 07:03:55.234,1.11274,1.11278,1.00,4.69
2017.05.29 07:03:58.307,1.11275,1.11278,1.00,1.31
2017.05.29 07:03:58.823,1.11276,1.11279,1.00,3.56
2017.05.29 07:04:00.079,1.11276,1.1128,1.00,2.06
2017.05.29 07:04:00.597,1.11277,1.1128,1.00,3.19
2017.05.29 07:04:03.743,1.11276,1.11279,1.00,3.19
2017.05.29 07:04:04.694,1.11276,1.11278,1.00,1.69
2017.05.29 07:04:05.209,1.11275,1.11278,1.00,2.44
2017.05.29 07:04:06.072,1.11274,1.11278,1.12,4.69
2017.05.29 07:04:06.889,1.11272,1.11277,1.76,3.56
2017.05.29 07:04:07.397,1.11273,1.11277,1.12,4.31
2017.05.29 07:04:07.796,1.11271,1.11275,2.32,1.16
2017.05.29 07:04:07.949,1.1127,1.11274,1.39,1.35
2017.05.29 07:04:08.102,1.11269,1.11273,1.37,5.81
2017.05.29 07:04:08.308,1.11267,1.11272,2.51,3.94
2017.05.29 07:04:08.818,1.11267,1.11272,3.26,3.94
2017.05.29 07:04:09.352,1.11266,1.11269,1.95,2.10
2017.05.29 07:04:09.506,1.11265,1.11269,2.06,2.62
2017.05.29 07:04:10.017,1.11265,1.11269,2.06,1.87
2017.05.29 07:04:15.580,1.11267,1.11271,2.25,4.69
2017.05.29 07:04:16.142,1.11268,1.11273,1.37,2.44
2017.05.29 07:04:16.448,1.11269,1.11273,1.87,1.69
2017.05.29 07:04:16.703,1.11271,1.11276,2.14,2.81
2017.05.29 07:04:16.840,1.11271,1.11276,3.26,2.62
2017.05.29 07:04:17.354,1.11273,1.11277,2.25,1.31
2017.05.29 07:04:17.959,1.11273,1.11278,2.32,4.69
2017.05.29 07:04:19.393,1.11273,1.11278,2.70,3.19
2017.05.29 07:04:22.363,1.11273,1.11278,2.62,3.19
2017.05.29 07:04:23.510,1.11273,1.11278,2.25,3.19
2017.05.29 07:04:24.011,1.11273,1.11277,3.00,1.31
2017.05.29 07:04:28.007,1.11274,1.11278,1.37,2.44
2017.05.29 07:04:28.742,1.11274,1.11278,3.37,1.31
2017.05.29 07:04:31.677,1.11275,1.11279,3.37,2.52
2017.05.29 07:04:32.536,1.11276,1.11279,1.30,2.15
2017.05.29 07:04:34.369,1.11275,1.11279,4.57,2.15
2017.05.29 07:04:34.971,1.11276,1.11279,1.30,2.15
2017.05.29 07:04:35.974,1.11275,1.11279,4.50,2.15
2017.05.29 07:04:37.450,1.11276,1.11279,1.30,2.15
2017.05.29 07:04:40.959,1.11275,1.11279,4.50,2.15
2017.05.29 07:04:42.799,1.11275,1.11279,1.87,1.31
2017.05.29 07:04:49.944,1.11275,1.11278,1.00,2.06
2017.05.29 07:04:50.046,1.11272,1.11276,1.57,2.81
2017.05.29 07:04:50.201,1.1127,1.11273,2.25,1.00
2017.05.29 07:04:50.559,1.11269,1.11273,1.50,2.44
2017.05.29 07:04:51.078,1.11269,1.11273,1.50,2.44
2017.05.29 07:04:54.729,1.11269,1.11272,1.50,1.31
2017.05.29 07:04:55.593,1.1127,1.11272,1.00,1.31
2017.05.29 07:04:56.142,1.1127,1.11272,1.00,1.69
2017.05.29 07:04:56.722,1.11271,1.11273,1.12,1.31
2017.05.29 07:04:57.233,1.11272,1.11274,1.12,1.31
2017.05.29 07:04:58.532,1.11272,1.11274,1.12,1.12
2017.05.29 07:04:59.045,1.11272,1.11275,1.37,2.15
2017.05.29 07:04:59.096,1.11272,1.11275,1.12,2.15
2017.05.29 07:04:59.952,1.11272,1.11275,1.12,2.52
2017.05.29 07:05:00.555,1.11272,1.11274,1.37,1.00
2017.05.29 07:05:02.454,1.11272,1.11275,1.12,2.52
2017.05.29 07:05:03.192,1.11272,1.11274,1.00,1.25
2017.05.29 07:05:03.601,1.1127,1.11273,1.50,2.44
2017.05.29 07:05:05.379,1.1127,1.11272,1.12,1.56
2017.05.29 07:05:05.959,1.1127,1.11273,1.12,3.19
2017.05.29 07:05:06.419,1.11271,1.11273,1.00,1.31
2017.05.29 07:05:08.615,1.11272,1.11274,1.00,2.06
2017.05.29 07:05:09.166,1.11271,1.11273,1.12,1.69
2017.05.29 07:05:10.407,1.11269,1.11273,1.37,3.56
2017.05.29 07:05:11.504,1.11269,1.11272,1.20,1.25
2017.05.29 07:05:12.260,1.11269,1.11272,1.47,1.25
2017.05.29 07:05:15.019,1.11269,1.11272,1.12,1.31
2017.05.29 07:05:15.325,1.11272,1.11274,1.12,1.19
2017.05.29 07:05:15.849,1.11272,1.11274,1.37,1.25
2017.05.29 07:05:15.900,1.11272,1.11275,2.62,1.69
2017.05.29 07:05:32.538,1.11271,1.11276,4.42,2.06
2017.05.29 07:05:32.590,1.11273,1.11276,1.00,2.06
2017.05.29 07:05:33.944,1.11274,1.11277,1.00,2.81
2017.05.29 07:05:44.363,1.11274,1.11277,1.00,2.06
2017.05.29 07:05:47.265,1.11274,1.11277,1.00,2.06
2017.05.29 07:05:49.537,1.11275,1.11277,1.00,2.06
2017.05.29 07:05:50.425,1.11276,1.11277,1.00,1.31
2017.05.29 07:05:53.237,1.11275,1.11278,1.00,2.44
2017.05.29 07:05:53.806,1.11276,1.11277,1.00,1.25
2017.05.29 07:05:54.309,1.11275,1.11278,1.00,2.44
2017.05.29 07:05:54.919,1.11276,1.11277,1.00,1.25
2017.05.29 07:05:57.772,1.11275,1.11278,1.00,2.44
2017.05.29 07:05:58.299,1.11276,1.11277,1.00,1.25
2017.05.29 07:06:00.240,1.11276,1.11278,1.50,1.00
2017.05.29 07:06:00.545,1.11278,1.1128,1.50,1.62
2017.05.29 07:06:01.476,1.11277,1.1128,6.00,1.62
2017.05.29 07:06:01.784,1.11278,1.1128,1.00,1.31
2017.05.29 07:06:02.688,1.11277,1.1128,7.50,1.62
2017.05.29 07:06:05.973,1.11278,1.1128,1.00,1.62
2017.05.29 07:06:06.504,1.11277,1.1128,6.75,1.62
2017.05.29 07:06:07.140,1.11278,1.1128,1.00,1.62
2017.05.29 07:06:07.920,1.11277,1.1128,1.00,1.31
2017.05.29 07:06:08.428,1.11277,1.1128,1.00,1.31
2017.05.29 07:06:08.955,1.11277,1.11279,1.00,1.00
2017.05.29 07:06:09.481,1.11277,1.1128,1.50,1.31
2017.05.29 07:06:21.450,1.11277,1.1128,1.00,1.62
2017.05.29 07:06:21.980,1.11278,1.1128,1.00,1.62
2017.05.29 07:06:27.533,1.1128,1.11281,1.00,1.31
2017.05.29 07:06:27.837,1.11283,1.11285,1.00,1.69
2017.05.29 07:06:28.348,1.11283,1.11286,1.12,1.69
2017.05.29 07:06:29.037,1.11284,1.11286,1.00,1.56
2017.05.29 07:06:29.558,1.11284,1.11286,1.00,1.56
2017.05.29 07:06:29.942,1.11289,1.1129,1.00,1.25
2017.05.29 07:06:30.455,1.11289,1.11291,1.00,1.69
2017.05.29 07:06:30.978,1.11289,1.11291,1.50,1.69
2017.05.29 07:06:35.086,1.11287,1.11291,7.50,1.69
2017.05.29 07:06:35.301,1.11286,1.11288,5.36,4.54
2017.05.29 07:06:35.404,1.11283,1.11287,4.12,1.25
2017.05.29 07:06:35.457,1.11283,1.11287,6.75,2.06
2017.05.29 07:06:35.967,1.11283,1.11287,6.00,2.06
2017.05.29 07:06:36.413,1.11284,1.11288,3.37,2.06
2017.05.29 07:06:36.516,1.11286,1.11288,1.00,1.25
2017.05.29 07:06:37.027,1.11287,1.11291,1.00,3.19
2017.05.29 07:06:37.402,1.11288,1.11291,1.00,1.69
2017.05.29 07:06:37.505,1.11291,1.11294,1.00,1.69
2017.05.29 07:06:37.764,1.11293,1.11294,1.00,1.31
2017.05.29 07:06:37.917,1.11294,1.11296,1.00,1.69
2017.05.29 07:06:40.334,1.11293,1.11296,1.50,1.69
2017.05.29 07:06:41.775,1.11292,1.11296,3.75,1.69
2017.05.29 07:06:41.827,1.11294,1.11296,1.00,1.69
2017.05.29 07:06:43.328,1.11293,1.11297,5.25,4.76
2017.05.29 07:06:43.858,1.11294,1.11296,1.00,1.69
2017.05.29 07:06:52.795,1.11293,1.11297,6.00,1.69
2017.05.29 07:06:56.942,1.11293,1.11294,4.50,1.25
2017.05.29 07:06:57.045,1.11291,1.11293,5.25,1.00
2017.05.29 07:06:57.148,1.11288,1.11292,3.75,1.62
2017.05.29 07:06:57.768,1.11288,1.11291,1.87,1.37
2017.05.29 07:06:58.956,1.11287,1.11291,3.94,1.37
2017.05.29 07:06:59.956,1.11287,1.11291,2.81,1.37
2017.05.29 07:07:00.461,1.11287,1.11291,2.44,1.37
2017.05.29 07:07:01.078,1.11287,1.11291,2.44,1.37
2017.05.29 07:07:02.245,1.11287,1.11291,2.44,1.37
2017.05.29 07:07:03.737,1.11287,1.11291,2.44,1.37
2017.05.29 07:07:05.645,1.11287,1.11291,1.00,2.06
2017.05.29 07:07:06.160,1.11287,1.11291,3.00,1.62
2017.05.29 07:07:06.678,1.11288,1.11292,1.12,2.06
2017.05.29 07:07:07.159,1.11291,1.11292,2.47,1.00
2017.05.29 07:07:07.465,1.11295,1.11299,1.50,1.69
2017.05.29 07:07:07.771,1.11299,1.11301,1.00,2.85
2017.05.29 07:07:07.873,1.113,1.11304,1.50,3.56
2017.05.29 07:07:08.079,1.11302,1.11305,2.25,1.69
2017.05.29 07:07:08.590,1.11301,1.11305,1.12,2.06
2017.05.29 07:07:09.795,1.11302,1.11305,1.87,2.06
2017.05.29 07:07:10.374,1.11303,1.11306,1.00,2.44
2017.05.29 07:07:10.884,1.11303,1.11307,1.00,3.19
2017.05.29 07:07:11.234,1.11306,1.11309,1.00,1.00
2017.05.29 07:07:11.892,1.11306,1.1131,1.00,1.31
2017.05.29 07:07:12.516,1.11306,1.1131,1.00,2.81
2017.05.29 07:07:15.023,1.11304,1.11306,1.50,1.00
2017.05.29 07:07:15.176,1.11301,1.11304,5.44,1.00
2017.05.29 07:07:15.679,1.11301,1.11304,5.06,1.37
2017.05.29 07:07:16.191,1.11303,1.11304,1.00,1.00
2017.05.29 07:07:16.772,1.11301,1.11304,1.25,1.37
2017.05.29 07:07:17.286,1.11302,1.11305,1.00,3.64
2017.05.29 07:07:17.814,1.11301,1.11305,1.12,2.89
2017.05.29 07:07:18.952,1.11302,1.11305,1.00,1.39
2017.05.29 07:07:20.355,1.11303,1.11304,1.00,1.00
2017.05.29 07:07:20.406,1.11303,1.11306,1.87,1.39
2017.05.29 07:07:21.008,1.11303,1.11306,1.12,1.39
2017.05.29 07:07:23.201,1.11304,1.11305,1.00,1.00
2017.05.29 07:07:23.734,1.11303,1.11307,1.87,1.01
2017.05.29 07:07:23.828,1.11304,1.11307,1.00,1.01
2017.05.29 07:07:24.483,1.11303,1.11308,3.56,1.85
2017.05.29 07:07:24.688,1.11307,1.1131,1.00,3.26
2017.05.29 07:07:24.841,1.11306,1.1131,1.00,3.26
2017.05.29 07:07:25.274,1.11308,1.1131,1.00,1.01
2017.05.29 07:07:26.527,1.11308,1.11311,1.50,3.64
2017.05.29 07:07:27.512,1.11308,1.1131,1.00,1.01
2017.05.29 07:07:28.034,1.11307,1.11309,1.00,1.00
2017.05.29 07:07:50.143,1.11306,1.1131,2.25,2.89
2017.05.29 07:07:50.595,1.11308,1.1131,1.00,1.12
2017.05.29 07:07:52.108,1.11307,1.1131,1.87,2.06
2017.05.29 07:07:54.574,1.11307,1.1131,1.87,2.14
2017.05.29 07:07:56.290,1.11306,1.1131,1.87,4.39
2017.05.29 07:07:56.886,1.11306,1.11309,2.62,2.25
2017.05.29 07:07:57.227,1.11304,1.11308,2.44,1.12
2017.05.29 07:07:57.772,1.11305,1.11308,1.12,1.12
2017.05.29 07:07:58.320,1.11305,1.11307,1.12,1.12
2017.05.29 07:08:00.271,1.11304,1.11307,1.12,4.91
2017.05.29 07:08:00.324,1.11303,1.11304,1.12,2.25
2017.05.29 07:08:00.426,1.11301,1.11304,1.87,2.25
2017.05.29 07:08:00.785,1.113,1.11302,1.12,1.00
2017.05.29 07:08:01.091,1.11294,1.11298,1.69,1.50
2017.05.29 07:08:01.143,1.11297,1.11298,1.30,1.00
2017.05.29 07:08:01.195,1.11294,1.11298,2.44,1.50
2017.05.29 07:08:01.608,1.11293,1.11297,1.69,1.37
2017.05.29 07:08:02.218,1.11293,1.11296,1.12,1.12
2017.05.29 07:08:02.748,1.11292,1.11296,1.31,1.12
2017.05.29 07:08:04.326,1.11294,1.11296,1.12,2.25
2017.05.29 07:08:06.624,1.11293,1.11296,1.12,2.25
2017.05.29 07:08:07.172,1.11294,1.11296,1.12,2.25
2017.05.29 07:08:07.581,1.11294,1.11298,1.87,1.76
2017.05.29 07:08:07.779,1.11297,1.11299,1.00,1.95
2017.05.29 07:08:07.934,1.113,1.11303,1.12,2.14
2017.05.29 07:08:09.074,1.113,1.11303,1.12,1.76
2017.05.29 07:08:09.737,1.11301,1.11303,1.12,1.20
2017.05.29 07:08:09.891,1.11302,1.11306,1.12,1.76
2017.05.29 07:08:10.146,1.11303,1.11306,1.12,1.39
2017.05.29 07:08:10.454,1.11304,1.11308,1.87,2.51
2017.05.29 07:08:10.977,1.11306,1.11309,1.12,3.26
2017.05.29 07:08:12.717,1.11306,1.11309,1.12,2.14
2017.05.29 07:08:13.246,1.11305,1.11308,1.12,2.51
2017.05.29 07:08:15.771,1.11304,1.11306,1.12,1.25
2017.05.29 07:08:16.293,1.11304,1.11306,1.12,1.31
2017.05.29 07:08:18.232,1.11301,1.11304,1.37,1.69
2017.05.29 07:08:18.367,1.11298,1.11302,2.44,1.37
2017.05.29 07:08:18.420,1.11296,1.113,1.87,1.19
2017.05.29 07:08:18.725,1.11297,1.11299,1.12,1.25
2017.05.29 07:08:19.235,1.11297,1.11299,1.12,1.25
2017.05.29 07:08:19.604,1.11298,1.11301,1.12,1.31
2017.05.29 07:08:20.126,1.11299,1.11302,1.12,1.01
2017.05.29 07:08:20.917,1.113,1.11302,1.12,1.25
2017.05.29 07:08:22.643,1.11301,1.11304,1.00,2.81
2017.05.29 07:08:23.179,1.11302,1.11304,1.12,2.06
2017.05.29 07:08:24.032,1.11301,1.11304,1.87,2.06
2017.05.29 07:08:26.445,1.11302,1.11304,1.12,2.06
2017.05.29 07:08:28.150,1.11301,1.11304,1.12,2.06
2017.05.29 07:08:28.355,1.11303,1.11305,1.87,1.31
2017.05.29 07:08:28.764,1.11304,1.11307,1.87,1.12
2017.05.29 07:08:28.969,1.11306,1.11308,1.12,1.69
2017.05.29 07:08:30.672,1.11305,1.11307,1.12,1.31
2017.05.29 07:08:31.175,1.11306,1.11307,1.00,1.12
2017.05.29 07:08:31.681,1.11304,1.11307,1.12,1.31
2017.05.29 07:08:34.366,1.11305,1.11308,1.12,3.56
2017.05.29 07:08:34.883,1.11304,1.11308,1.50,6.19
2017.05.29 07:08:35.415,1.11304,1.11306,1.50,1.25
2017.05.29 07:08:37.575,1.11303,1.11306,2.25,1.25
2017.05.29 07:08:38.085,1.11304,1.11306,1.12,1.25
2017.05.29 07:08:38.618,1.11303,1.11306,2.62,1.25
2017.05.29 07:08:40.313,1.11303,1.11306,2.62,1.25
2017.05.29 07:08:45.125,1.11304,1.11307,1.12,2.25
2017.05.29 07:08:45.329,1.11306,1.11309,1.12,6.26
2017.05.29 07:08:49.503,1.11306,1.11309,2.25,1.76
2017.05.29 07:08:50.067,1.11307,1.11309,1.12,1.76
2017.05.29 07:08:55.188,1.11306,1.11308,1.87,1.31
2017.05.29 07:08:57.556,1.11306,1.11307,1.12,1.00
2017.05.29 07:08:58.357,1.11305,1.11308,1.12,2.06
2017.05.29 07:08:58.866,1.11305,1.11307,1.12,1.25
2017.05.29 07:08:59.682,1.11305,1.11307,1.12,2.06
2017.05.29 07:09:00.194,1.11305,1.11308,1.12,2.89
2017.05.29 07:09:00.738,1.11304,1.11307,1.00,1.69
2017.05.29 07:09:01.064,1.11301,1.11305,1.50,2.14
2017.05.29 07:09:01.728,1.11301,1.11305,1.50,3.56
2017.05.29 07:09:02.118,1.11297,1.11299,1.12,1.54
2017.05.29 07:09:02.170,1.11295,1.11297,1.00,1.25
2017.05.29 07:09:03.267,1.11293,1.11298,3.94,1.01
2017.05.29 07:09:03.781,1.11293,1.11299,3.94,5.51
2017.05.29 07:09:07.192,1.11294,1.11299,1.37,4.76
2017.05.29 07:09:12.832,1.11294,1.11299,1.12,6.41
2017.05.29 07:09:14.657,1.11293,1.11298,2.81,2.14
2017.05.29 07:09:25.356,1.11296,1.11298,1.00,1.12
2017.05.29 07:09:25.459,1.11298,1.11301,1.00,3.00
2017.05.29 07:09:25.562,1.113,1.11303,1.37,1.50
2017.05.29 07:09:25.664,1.11299,1.11304,2.00,3.56
2017.05.29 07:09:27.017,1.11298,1.11304,7.39,2.44
2017.05.29 07:09:28.358,1.113,1.11304,1.50,2.06
2017.05.29 07:09:28.463,1.11303,1.11305,1.00,1.87
2017.05.29 07:09:28.669,1.11301,1.11305,1.57,1.31
2017.05.29 07:09:29.178,1.11303,1.11305,1.00,1.12
2017.05.29 07:09:30.467,1.11301,1.11305,1.57,1.31
2017.05.29 07:09:31.308,1.11301,1.11304,1.57,1.50
2017.05.29 07:09:31.410,1.11301,1.11303,1.20,1.54
2017.05.29 07:09:31.462,1.11299,1.11303,1.00,2.29
2017.05.29 07:09:32.022,1.11298,1.113,1.00,1.19
2017.05.29 07:09:32.074,1.11296,1.11299,1.10,1.25
2017.05.29 07:09:32.281,1.11294,1.11298,1.00,1.31
2017.05.29 07:09:32.793,1.11293,1.11297,2.44,1.87
2017.05.29 07:09:34.674,1.11292,1.11296,2.14,1.50
2017.05.29 07:09:35.217,1.11291,1.11296,4.39,1.31
2017.05.29 07:09:35.764,1.11291,1.11296,4.20,2.06
2017.05.29 07:09:36.310,1.11291,1.11295,1.57,2.44
2017.05.29 07:09:36.857,1.11291,1.11295,1.57,2.44
2017.05.29 07:09:37.379,1.11293,1.11295,1.00,1.00
2017.05.29 07:09:37.922,1.11293,1.11297,2.25,1.69
2017.05.29 07:09:40.582,1.11293,1.11297,1.00,1.69
2017.05.29 07:09:41.131,1.11292,1.11296,2.00,2.62
2017.05.29 07:09:41.183,1.11289,1.1129,2.25,1.50
2017.05.29 07:09:41.234,1.11287,1.1129,1.62,1.87
2017.05.29 07:09:41.441,1.11288,1.11289,1.00,1.00
2017.05.29 07:09:41.544,1.11288,1.1129,1.00,2.62
2017.05.29 07:09:42.520,1.11288,1.11293,5.81,2.44
2017.05.29 07:09:42.571,1.11291,1.11293,1.00,2.44
2017.05.29 07:09:43.756,1.11287,1.11292,5.32,1.69
2017.05.29 07:09:44.279,1.11288,1.11292,1.00,1.31
2017.05.29 07:09:45.474,1.11291,1.11293,2.10,2.44
2017.05.29 07:09:45.577,1.11293,1.11295,1.00,1.87
2017.05.29 07:09:46.109,1.11293,1.11297,1.00,2.44
2017.05.29 07:09:46.814,1.11293,1.11298,4.87,2.06
2017.05.29 07:09:46.916,1.11296,1.11299,1.00,1.50
2017.05.29 07:09:47.423,1.11296,1.11299,1.35,1.12
2017.05.29 07:09:48.284,1.11298,1.11299,1.00,1.12
2017.05.29 07:09:53.955,1.11296,1.11299,1.12,1.12
2017.05.29 07:09:55.350,1.11296,1.11298,1.25,1.00
2017.05.29 07:10:00.208,1.11294,1.11299,2.62,1.31
2017.05.29 07:10:06.952,1.11294,1.11299,1.50,5.81
2017.05.29 07:10:07.458,1.1129,1.11294,2.44,1.87
2017.05.29 07:10:07.510,1.11288,1.11293,1.39,2.66
2017.05.29 07:10:07.682,1.1129,1.11293,1.37,5.29
2017.05.29 07:10:07.734,1.11287,1.11292,2.06,2.06
2017.05.29 07:10:08.343,1.11287,1.11292,3.00,2.06
2017.05.29 07:10:10.943,1.11286,1.1129,2.06,3.19
2017.05.29 07:10:11.148,1.11285,1.11289,1.50,1.69
2017.05.29 07:10:11.250,1.11285,1.1129,1.19,8.44
2017.05.29 07:10:12.506,1.11287,1.1129,1.69,4.12
2017.05.29 07:10:12.966,1.1129,1.11293,1.00,2.25
2017.05.29 07:10:13.597,1.11291,1.11293,1.72,1.50
2017.05.29 07:10:13.877,1.11294,1.11298,1.31,1.37
2017.05.29 07:10:14.484,1.11294,1.11299,1.69,3.75
2017.05.29 07:10:15.093,1.11293,1.11298,5.06,4.31
2017.05.29 07:10:15.782,1.11292,1.11298,5.66,4.31
2017.05.29 07:10:16.266,1.11294,1.11298,1.31,3.00
2017.05.29 07:10:16.573,1.11296,1.11299,1.00,3.19
2017.05.29 07:10:18.007,1.11294,1.11296,1.00,1.00
2017.05.29 07:10:18.535,1.11293,1.11299,3.56,5.89
2017.05.29 07:10:21.109,1.11293,1.11299,1.50,5.51
2017.05.29 07:10:22.797,1.11293,1.11299,1.69,5.51
2017.05.29 07:10:23.636,1.11296,1.11298,1.37,1.00
2017.05.29 07:10:24.184,1.11296,1.11299,1.12,2.44
2017.05.29 07:10:28.806,1.11293,1.11297,1.37,1.31
2017.05.29 07:10:45.526,1.11293,1.11296,1.50,1.50
2017.05.29 07:10:46.032,1.11292,1.11296,6.19,1.69
2017.05.29 07:10:55.507,1.11292,1.11294,2.06,2.25
2017.05.29 07:10:55.558,1.11291,1.11293,1.50,1.69
2017.05.29 07:10:56.068,1.11291,1.11293,1.00,2.44
2017.05.29 07:10:56.674,1.11291,1.11294,3.37,1.69
2017.05.29 07:10:57.578,1.11291,1.11294,1.12,2.81
2017.05.29 07:10:58.093,1.11291,1.11293,1.00,1.25
2017.05.29 07:10:58.145,1.11289,1.11293,1.50,1.25
2017.05.29 07:11:00.833,1.11289,1.11294,1.31,4.01
2017.05.29 07:11:01.393,1.11288,1.11293,5.81,1.25
2017.05.29 07:11:01.979,1.11288,1.11292,4.12,1.25
2017.05.29 07:11:02.031,1.11288,1.11292,4.12,1.25
2017.05.29 07:11:02.631,1.11288,1.11292,3.75,2.44
2017.05.29 07:11:03.192,1.11288,1.11292,2.25,1.25
2017.05.29 07:11:05.032,1.11288,1.11292,2.85,2.44
2017.05.29 07:11:05.540,1.11288,1.11293,3.94,3.19
2017.05.29 07:11:07.273,1.11288,1.11292,2.25,1.25
2017.05.29 07:11:13.858,1.11291,1.11293,1.00,2.06
2017.05.29 07:11:14.392,1.11289,1.11292,1.37,2.44
2017.05.29 07:11:23.333,1.11291,1.11293,1.00,2.62
2017.05.29 07:11:23.641,1.11291,1.11294,3.97,1.69
2017.05.29 07:11:23.897,1.11293,1.11297,1.12,4.01
2017.05.29 07:11:24.001,1.11293,1.11297,2.25,2.81
2017.05.29 07:11:37.553,1.11296,1.11297,1.00,1.50
2017.05.29 07:11:38.073,1.11296,1.11298,1.37,1.12
2017.05.29 07:11:38.604,1.11296,1.11298,1.12,1.12
2017.05.29 07:11:44.503,1.11295,1.11298,1.37,1.12
2017.05.29 07:11:47.002,1.11295,1.11298,1.37,1.12
2017.05.29 07:11:48.044,1.11295,1.11298,1.37,1.12
2017.05.29 07:11:48.572,1.11296,1.11299,2.47,2.81
2017.05.29 07:11:49.101,1.11296,1.11299,1.50,2.81
2017.05.29 07:11:49.620,1.11294,1.11299,3.19,3.19
2017.05.29 07:11:50.370,1.11295,1.11299,1.37,2.81
2017.05.29 07:11:50.887,1.11295,1.11299,1.37,2.81
2017.05.29 07:11:54.364,1.11299,1.11302,2.85,1.69
2017.05.29 07:11:54.674,1.11301,1.11303,1.50,1.25
2017.05.29 07:12:00.171,1.11301,1.11303,1.00,1.25
2017.05.29 07:12:00.411,1.11302,1.11306,1.30,2.81
2017.05.29 07:12:00.462,1.11301,1.11306,5.29,2.81
2017.05.29 07:12:00.972,1.11301,1.11306,4.16,3.19
2017.05.29 07:12:01.566,1.11301,1.11305,3.41,1.50
2017.05.29 07:12:03.505,1.113,1.11305,5.66,2.44
2017.05.29 07:12:04.044,1.113,1.11305,5.74,2.44
2017.05.29 07:12:04.591,1.113,1.11305,3.75,4.31
2017.05.29 07:12:05.092,1.11299,1.11304,2.14,2.81
2017.05.29 07:12:05.379,1.11299,1.11304,1.76,2.81
2017.05.29 07:12:05.482,1.11301,1.11303,1.00,1.00
2017.05.29 07:12:05.965,1.11299,1.11303,3.26,1.00
2017.05.29 07:12:07.797,1.11301,1.11303,1.12,1.00
2017.05.29 07:12:11.906,1.11302,1.11303,1.12,1.00
2017.05.29 07:12:12.706,1.11301,1.11304,1.12,1.12
2017.05.29 07:12:18.477,1.11302,1.11304,1.12,1.12
2017.05.29 07:12:19.019,1.11301,1.11304,1.12,1.12
2017.05.29 07:12:20.466,1.11302,1.11304,1.12,1.12
2017.05.29 07:12:25.839,1.11301,1.11303,1.12,1.12
2017.05.29 07:12:25.993,1.113,1.11303,1.12,1.00
2017.05.29 07:12:26.536,1.11299,1.11304,1.74,2.44
2017.05.29 07:12:26.894,1.11299,1.11304,4.69,1.31
2017.05.29 07:12:28.019,1.11299,1.11304,5.29,1.31
2017.05.29 07:12:36.224,1.11301,1.11305,4.09,1.69
2017.05.29 07:12:36.528,1.11303,1.11308,3.60,1.31
2017.05.29 07:12:37.326,1.11303,1.11308,3.00,1.31
2017.05.29 07:12:37.836,1.11303,1.11308,3.91,1.00
2017.05.29 07:12:38.958,1.11303,1.11306,1.49,1.25
2017.05.29 07:12:39.060,1.11301,1.11305,1.69,1.12
2017.05.29 07:12:39.162,1.113,1.11305,5.51,1.69
2017.05.29 07:12:39.693,1.11298,1.11304,5.89,2.06
2017.05.29 07:12:40.203,1.113,1.11305,4.99,1.31
2017.05.29 07:12:40.719,1.11301,1.11305,1.31,1.12
2017.05.29 07:12:41.012,1.11303,1.11307,2.62,2.06
2017.05.29 07:12:41.120,1.11303,1.11307,3.00,1.25
2017.05.29 07:12:41.623,1.11304,1.11308,1.69,1.12
2017.05.29 07:12:42.156,1.11304,1.11307,1.50,1.00
2017.05.29 07:12:42.672,1.11304,1.11308,1.50,2.06
2017.05.29 07:12:47.567,1.11303,1.11308,2.81,1.87
2017.05.29 07:12:48.290,1.11302,1.11307,3.19,1.12
2017.05.29 07:12:48.494,1.11302,1.11306,4.76,1.37
2017.05.29 07:12:49.001,1.11303,1.11307,4.54,1.37
2017.05.29 07:12:50.182,1.11303,1.11307,4.54,1.87
2017.05.29 07:12:50.716,1.11303,1.11307,4.54,1.37
2017.05.29 07:12:55.003,1.11305,1.11308,1.69,1.12
2017.05.29 07:12:55.516,1.11306,1.1131,1.54,1.12
2017.05.29 07:12:56.098,1.11306,1.1131,1.54,1.37
2017.05.29 07:12:56.650,1.11306,1.1131,3.04,1.37
2017.05.29 07:12:57.429,1.11306,1.1131,1.00,1.62
2017.05.29 07:12:58.823,1.11305,1.11309,2.62,1.62
2017.05.29 07:12:59.349,1.11305,1.11309,1.00,1.62
2017.05.29 07:13:00.507,1.11303,1.11306,1.47,1.00
2017.05.29 07:13:00.712,1.11301,1.11304,1.37,1.00
2017.05.29 07:13:01.217,1.11301,1.11304,1.00,1.25
2017.05.29 07:13:01.730,1.11299,1.11303,3.26,1.12
2017.05.29 07:13:02.317,1.11299,1.11303,2.25,1.62
2017.05.29 07:13:02.835,1.11299,1.11302,2.25,1.37
2017.05.29 07:13:03.372,1.11299,1.11302,2.25,1.12
2017.05.29 07:13:03.676,1.11295,1.113,2.25,4.69
2017.05.29 07:13:04.557,1.11295,1.11299,3.94,1.12
2017.05.29 07:13:05.104,1.11295,1.11299,3.94,1.37
2017.05.29 07:13:05.360,1.113,1.11304,2.06,2.62
2017.05.29 07:13:05.564,1.11301,1.11305,1.31,1.50
2017.05.29 07:13:05.769,1.11304,1.11307,1.25,1.00
2017.05.29 07:13:06.280,1.11305,1.11309,2.06,1.37
2017.05.29 07:13:06.789,1.11306,1.11309,1.25,1.37
2017.05.29 07:13:20.574,1.11307,1.1131,1.50,1.47
2017.05.29 07:13:20.625,1.11307,1.11312,1.50,3.94
2017.05.29 07:13:21.280,1.11307,1.11312,2.81,3.37
2017.05.29 07:13:22.135,1.11307,1.11311,2.06,1.46
2017.05.29 07:13:33.248,1.11311,1.11312,1.00,1.12
2017.05.29 07:13:33.929,1.11311,1.11314,2.81,1.87
2017.05.29 07:13:34.723,1.11311,1.11312,4.31,1.00
2017.05.29 07:13:35.987,1.11312,1.11314,1.00,1.87
2017.05.29 07:13:36.345,1.11313,1.11315,2.06,3.00
2017.05.29 07:13:39.470,1.11313,1.11315,2.51,4.12
2017.05.29 07:13:43.167,1.11315,1.11318,1.00,1.50
2017.05.29 07:13:43.377,1.11317,1.11321,1.25,2.70
2017.05.29 07:13:43.946,1.11316,1.11321,2.06,1.69
2017.05.29 07:13:43.997,1.11319,1.11322,1.00,1.75
2017.05.29 07:13:44.049,1.1132,1.11322,1.25,1.00
2017.05.29 07:13:44.101,1.11322,1.11323,1.25,1.00
2017.05.29 07:13:44.152,1.11322,1.11324,1.25,1.00
2017.05.29 07:13:44.306,1.11323,1.11327,1.31,2.62
2017.05.29 07:13:44.840,1.11323,1.11328,2.06,2.81
2017.05.29 07:13:44.993,1.11322,1.11325,1.62,1.50
2017.05.29 07:13:45.096,1.1132,1.11325,1.72,3.00
2017.05.29 07:13:45.506,1.11322,1.11324,1.00,1.37
2017.05.29 07:13:45.839,1.11326,1.11329,1.00,1.39
2017.05.29 07:13:46.371,1.11326,1.11329,1.25,1.10
2017.05.29 07:13:46.906,1.11327,1.1133,1.00,1.37
2017.05.29 07:13:47.424,1.11328,1.1133,1.00,1.00
2017.05.29 07:13:47.934,1.11329,1.11332,1.00,1.56
2017.05.29 07:13:48.207,1.1133,1.11333,1.69,1.06
2017.05.29 07:13:48.259,1.11332,1.11335,1.00,1.24
2017.05.29 07:13:48.825,1.11333,1.11337,1.00,2.37
2017.05.29 07:13:49.030,1.11334,1.11338,1.00,2.44
2017.05.29 07:13:49.593,1.11335,1.11339,1.00,3.64
2017.05.29 07:13:50.109,1.11334,1.11339,1.12,3.26
2017.05.29 07:13:50.162,1.11336,1.11339,1.00,2.51
2017.05.29 07:13:50.743,1.11336,1.11339,1.00,2.89
2017.05.29 07:13:50.898,1.11337,1.11341,1.00,1.69
2017.05.29 07:13:52.368,1.11339,1.11342,1.00,1.12
2017.05.29 07:13:52.523,1.11339,1.11343,1.00,2.81
2017.05.29 07:13:55.054,1.11339,1.11343,1.31,2.25
2017.05.29 07:13:57.905,1.11342,1.11345,1.00,1.39
2017.05.29 07:13:58.222,1.11343,1.11347,1.19,1.50
2017.05.29 07:14:00.545,1.11342,1.11345,1.31,1.12
2017.05.29 07:14:00.597,1.11341,1.11345,1.12,2.06
2017.05.29 07:14:00.701,1.11339,1.11343,1.94,1.12
2017.05.29 07:14:01.010,1.11335,1.11338,1.69,1.00
2017.05.29 07:14:01.321,1.11337,1.11342,1.19,3.41
2017.05.29 07:14:02.278,1.11336,1.1134,2.06,1.37
2017.05.29 07:14:02.433,1.11334,1.11338,2.51,1.00
2017.05.29 07:14:02.639,1.11333,1.11338,1.39,2.81
2017.05.29 07:14:03.105,1.1133,1.11335,2.44,1.00
2017.05.29 07:14:03.284,1.11328,1.11333,3.64,1.25
2017.05.29 07:14:03.803,1.11328,1.11334,2.81,1.31
2017.05.29 07:14:05.178,1.11328,1.11334,3.94,1.69
2017.05.29 07:14:05.716,1.11331,1.11335,1.31,1.87
2017.05.29 07:14:06.053,1.11333,1.11338,3.94,1.87
2017.05.29 07:14:06.587,1.11333,1.11338,3.56,1.12
2017.05.29 07:14:07.106,1.11333,1.11337,3.19,1.00
2017.05.29 07:14:07.903,1.11333,1.11338,2.81,1.50
2017.05.29 07:14:08.781,1.11333,1.11337,1.31,1.00
2017.05.29 07:14:08.833,1.11332,1.11336,1.50,1.69
2017.05.29 07:14:08.885,1.11331,1.11334,1.62,1.00
2017.05.29 07:14:09.038,1.11329,1.11333,3.19,1.00
2017.05.29 07:14:10.213,1.11328,1.11332,2.06,1.37
2017.05.29 07:14:10.570,1.11327,1.1133,1.19,1.87
2017.05.29 07:14:12.645,1.11327,1.1133,1.19,1.00
2017.05.29 07:14:13.249,1.11328,1.11332,2.81,1.00
2017.05.29 07:14:13.758,1.11329,1.11333,1.19,1.12
2017.05.29 07:14:16.878,1.11329,1.11332,1.19,1.00
2017.05.29 07:14:17.386,1.11328,1.11331,1.19,1.00
2017.05.29 07:14:18.097,1.11328,1.11332,1.19,1.12
2017.05.29 07:14:18.805,1.11328,1.11331,1.19,1.00
2017.05.29 07:14:20.613,1.11326,1.1133,1.62,1.00
2017.05.29 07:14:20.715,1.11325,1.11329,1.25,1.12
2017.05.29 07:14:21.222,1.11324,1.11328,1.69,1.00
2017.05.29 07:14:22.026,1.11324,1.11329,1.31,3.00
2017.05.29 07:14:23.328,1.11324,1.11329,1.19,3.37
2017.05.29 07:14:24.284,1.11323,1.11329,3.94,3.56
2017.05.29 07:14:32.071,1.11322,1.11329,3.94,6.11
2017.05.29 07:14:47.897,1.11325,1.11329,1.00,2.81
2017.05.29 07:14:48.394,1.11322,1.11328,5.29,1.69
2017.05.29 07:14:50.701,1.11324,1.11329,1.00,3.26
2017.05.29 07:14:51.338,1.11323,1.11329,1.31,4.01
2017.05.29 07:14:53.432,1.11323,1.11329,5.29,2.06
2017.05.29 07:14:53.585,1.11325,1.1133,1.42,1.50
2017.05.29 07:14:53.990,1.11323,1.11329,3.19,3.94
2017.05.29 07:14:55.029,1.11323,1.11329,1.62,3.56
2017.05.29 07:14:55.561,1.11324,1.11329,1.00,3.19
2017.05.29 07:15:01.905,1.11325,1.1133,1.31,1.75
2017.05.29 07:15:01.957,1.11327,1.11331,1.00,2.51
2017.05.29 07:15:02.059,1.11327,1.11332,3.41,1.00
2017.05.29 07:15:02.567,1.11328,1.11334,1.69,2.14
2017.05.29 07:15:03.528,1.11328,1.11332,1.00,2.25
2017.05.29 07:15:03.783,1.11326,1.11331,1.00,1.69
2017.05.29 07:15:07.371,1.11325,1.11331,4.69,1.69
2017.05.29 07:15:07.899,1.11325,1.1133,3.56,1.00
2017.05.29 07:15:11.913,1.11326,1.11331,3.00,1.31
2017.05.29 07:15:15.952,1.11327,1.11332,1.00,2.81
2017.05.29 07:15:21.030,1.11328,1.11333,1.37,2.06
2017.05.29 07:15:21.724,1.11328,1.11334,3.56,1.69
2017.05.29 07:15:25.523,1.11328,1.11334,3.94,2.06
2017.05.29 07:15:34.491,1.11328,1.11334,3.94,1.69
2017.05.29 07:15:39.416,1.11328,1.11333,1.00,3.19
2017.05.29 07:15:39.924,1.11326,1.11332,3.64,1.50
2017.05.29 07:15:40.507,1.11326,1.11331,1.25,1.50
2017.05.29 07:15:40.813,1.11324,1.11329,2.06,1.00
2017.05.29 07:15:41.330,1.11324,1.1133,5.29,1.50
2017.05.29 07:15:44.326,1.11324,1.11329,1.31,1.72
2017.05.29 07:15:44.632,1.11321,1.11326,1.01,2.62
2017.05.29 07:15:46.991,1.11321,1.11326,1.00,2.81
2017.05.29 07:15:50.724,1.11321,1.11326,3.19,1.12
2017.05.29 07:15:53.825,1.11321,1.11325,1.00,4.72
2017.05.29 07:15:53.979,1.11318,1.11323,1.50,4.16
2017.05.29 07:15:54.081,1.11317,1.11321,5.44,1.00
2017.05.29 07:15:54.809,1.11316,1.11321,2.89,1.00
2017.05.29 07:15:55.218,1.11315,1.1132,2.51,3.22
2017.05.29 07:15:55.269,1.11314,1.11318,2.51,1.12
2017.05.29 07:15:55.473,1.11313,1.11317,2.06,1.12
2017.05.29 07:15:55.979,1.11312,1.11317,2.06,1.87
2017.05.29 07:15:57.710,1.11312,1.11317,3.56,1.50
2017.05.29 07:15:57.916,1.11315,1.1132,2.81,1.62
2017.05.29 07:15:58.425,1.11316,1.11321,1.87,2.81
2017.05.29 07:15:58.952,1.11315,1.11321,2.44,5.06
2017.05.29 07:16:00.049,1.11316,1.11321,2.47,2.00
2017.05.29 07:16:00.559,1.11316,1.11322,4.35,3.60
2017.05.29 07:16:01.099,1.11316,1.11322,4.35,3.23
2017.05.29 07:16:01.607,1.11317,1.11322,1.50,2.06
2017.05.29 07:16:02.114,1.11316,1.11322,4.31,3.56
2017.05.29 07:16:02.619,1.11316,1.11319,1.00,1.50
2017.05.29 07:16:02.823,1.11312,1.11318,3.94,3.37
2017.05.29 07:16:03.331,1.11312,1.11318,3.56,3.60
2017.05.29 07:16:04.511,1.11312,1.11317,2.62,1.69
2017.05.29 07:16:04.817,1.11311,1.11314,1.25,1.30
2017.05.29 07:16:06.840,1.1131,1.11314,1.50,1.85
2017.05.29 07:16:07.148,1.11304,1.11309,2.29,2.44
2017.05.29 07:16:07.682,1.11305,1.11309,1.12,3.56
2017.05.29 07:16:10.503,1.11303,1.11306,1.12,1.69
2017.05.29 07:16:10.656,1.11301,1.11306,1.37,3.56
2017.05.29 07:16:11.199,1.113,1.11304,2.44,1.00
2017.05.29 07:16:11.988,1.113,1.11306,2.81,4.35
2017.05.29 07:16:12.508,1.113,1.11306,2.44,2.48
2017.05.29 07:16:13.020,1.113,1.11306,3.19,1.99
2017.05.29 07:16:14.249,1.113,1.11306,4.69,1.99
2017.05.29 07:16:14.915,1.11301,1.11306,1.87,1.94
2017.05.29 07:16:16.029,1.11304,1.11309,1.19,1.50
2017.05.29 07:16:16.334,1.11306,1.11311,1.87,1.94
2017.05.29 07:16:16.487,1.11309,1.11314,1.69,1.05
2017.05.29 07:16:16.640,1.11312,1.11317,1.00,2.44
2017.05.29 07:16:16.946,1.11316,1.11318,3.75,2.06
2017.05.29 07:16:20.326,1.11312,1.11318,7.31,2.06
2017.05.29 07:16:20.525,1.11311,1.11317,1.31,4.01
2017.05.29 07:16:21.149,1.1131,1.11316,6.41,1.69
2017.05.29 07:16:28.570,1.1131,1.11313,1.69,2.29
2017.05.29 07:16:28.774,1.11304,1.11309,2.06,2.25
2017.05.29 07:16:29.276,1.11304,1.11309,1.31,2.81
2017.05.29 07:16:29.870,1.11304,1.11309,1.69,1.37
2017.05.29 07:16:32.670,1.11304,1.1131,4.01,1.62
2017.05.29 07:16:36.317,1.11304,1.1131,8.51,1.62
2017.05.29 07:16:36.846,1.11304,1.1131,10.39,1.62
2017.05.29 07:16:38.963,1.11305,1.1131,4.31,1.00
2017.05.29 07:16:43.977,1.11309,1.11313,1.72,1.31
2017.05.29 07:16:44.028,1.11309,1.11315,3.41,3.19
2017.05.29 07:16:44.130,1.11311,1.11316,2.06,1.62
2017.05.29 07:16:44.232,1.11311,1.11316,2.06,1.62
2017.05.29 07:16:44.943,1.11311,1.11316,3.19,1.62
2017.05.29 07:16:45.648,1.11311,1.11316,1.31,1.62
2017.05.29 07:16:50.522,1.11311,1.11316,3.19,1.62
2017.05.29 07:16:51.976,1.11311,1.11316,2.44,1.62
2017.05.29 07:17:04.363,1.11311,1.11316,2.06,1.25
2017.05.29 07:17:07.400,1.11311,1.11316,1.00,3.86
2017.05.29 07:17:07.909,1.1131,1.11316,4.69,2.06
2017.05.29 07:17:10.522,1.1131,1.11316,4.69,2.06
2017.05.29 07:17:15.940,1.1131,1.11315,1.62,3.19
2017.05.29 07:17:16.551,1.11309,1.11314,2.06,1.25
2017.05.29 07:17:19.190,1.11309,1.11315,3.56,2.06
2017.05.29 07:17:19.701,1.11309,1.11314,3.56,1.25
2017.05.29 07:17:24.029,1.1131,1.11316,2.44,3.26
2017.05.29 07:17:24.719,1.1131,1.11316,5.29,1.56
2017.05.29 07:17:25.388,1.1131,1.11316,2.25,4.39
2017.05.29 07:17:25.903,1.1131,1.11316,9.86,1.56
2017.05.29 07:17:29.025,1.11311,1.11317,3.22,2.89
2017.05.29 07:17:31.856,1.1131,1.11313,1.37,1.00
2017.05.29 07:17:31.958,1.11308,1.11313,2.06,1.25
2017.05.29 07:17:34.346,1.11308,1.11313,1.25,1.69
2017.05.29 07:17:34.888,1.11308,1.11313,3.04,1.69
2017.05.29 07:17:35.724,1.11308,1.11313,3.41,1.31
2017.05.29 07:17:36.401,1.11309,1.11315,2.66,2.51
2017.05.29 07:17:36.619,1.1131,1.11315,1.91,1.69
2017.05.29 07:17:37.270,1.1131,1.11315,1.00,1.69
2017.05.29 07:17:37.779,1.1131,1.11315,1.00,1.69
2017.05.29 07:17:40.124,1.1131,1.11316,3.04,3.56
2017.05.29 07:17:40.635,1.11311,1.11317,2.51,3.56
2017.05.29 07:17:41.164,1.11311,1.11317,3.26,3.19
2017.05.29 07:17:47.168,1.11312,1.11317,1.62,1.69
2017.05.29 07:17:47.474,1.11316,1.11321,1.54,2.44
2017.05.29 07:17:47.982,1.11315,1.11321,4.54,2.81
2017.05.29 07:17:52.117,1.11315,1.1132,1.31,1.31
2017.05.29 07:17:53.417,1.11315,1.11319,1.31,1.50
2017.05.29 07:17:53.520,1.11313,1.11318,1.12,3.19
2017.05.29 07:17:53.571,1.11313,1.11318,1.00,3.19
2017.05.29 07:17:54.328,1.11312,1.11317,1.25,2.44
2017.05.29 07:17:57.488,1.11312,1.11318,6.41,2.44
2017.05.29 07:17:57.540,1.11314,1.11319,1.72,1.66
2017.05.29 07:17:57.738,1.11315,1.1132,3.56,1.25
2017.05.29 07:17:58.570,1.11315,1.11318,1.37,2.06
2017.05.29 07:17:58.673,1.11313,1.11318,4.69,2.06
2017.05.29 07:17:58.878,1.11314,1.11319,2.06,2.44
2017.05.29 07:17:59.399,1.11315,1.1132,1.50,3.56
2017.05.29 07:17:59.786,1.11317,1.1132,1.67,1.31
2017.05.29 07:18:00.448,1.11316,1.11322,7.16,2.81
2017.05.29 07:18:03.006,1.11319,1.11323,1.12,2.44
2017.05.29 07:18:03.058,1.11321,1.11325,1.37,1.69
2017.05.29 07:18:03.956,1.1132,1.11322,1.00,2.06
2017.05.29 07:18:04.111,1.11314,1.11317,1.00,1.25
2017.05.29 07:18:04.618,1.11312,1.11317,3.19,1.69
2017.05.29 07:18:05.126,1.11311,1.11317,4.39,3.94
2017.05.29 07:18:06.597,1.11312,1.11316,1.19,1.50
2017.05.29 07:18:06.648,1.11311,1.11316,4.61,1.00
2017.05.29 07:18:06.903,1.11312,1.11317,2.81,1.69
2017.05.29 07:18:07.005,1.11312,1.11317,1.25,3.94
2017.05.29 07:18:07.520,1.11311,1.11314,1.00,1.00
2017.05.29 07:18:07.571,1.11311,1.11316,1.25,3.19
2017.05.29 07:18:08.078,1.11312,1.11317,1.12,3.19
2017.05.29 07:18:08.849,1.11316,1.11319,2.25,1.12
2017.05.29 07:18:09.052,1.1132,1.11324,1.00,1.19
2017.05.29 07:18:09.563,1.1132,1.11325,1.00,2.81
2017.05.29 07:18:10.102,1.11318,1.11324,2.44,2.44
2017.05.29 07:18:10.979,1.11318,1.11323,2.06,2.44
2017.05.29 07:18:11.868,1.11318,1.11324,4.16,2.44
2017.05.29 07:18:13.621,1.11318,1.11323,3.56,1.25
2017.05.29 07:18:16.455,1.11319,1.11323,1.00,1.25
2017.05.29 07:18:17.562,1.11318,1.11323,1.25,2.44
2017.05.29 07:18:18.551,1.11318,1.11323,1.00,2.44
2017.05.29 07:18:19.140,1.11317,1.11322,4.54,1.25
2017.05.29 07:18:19.729,1.11317,1.11322,1.00,3.94
2017.05.29 07:18:19.933,1.11312,1.11317,1.25,3.19
2017.05.29 07:18:21.074,1.11313,1.11318,1.05,3.19
2017.05.29 07:18:21.176,1.11313,1.11318,1.54,2.44
2017.05.29 07:18:22.964,1.11314,1.11318,1.00,2.44
2017.05.29 07:18:23.532,1.11314,1.11319,1.00,3.56
2017.05.29 07:18:25.130,1.11313,1.11319,2.29,3.56
2017.05.29 07:18:25.668,1.11314,1.11318,1.00,1.25
2017.05.29 07:18:27.670,1.11315,1.11318,1.00,1.87
2017.05.29 07:18:28.178,1.11313,1.11318,1.31,2.44
2017.05.29 07:18:29.323,1.11314,1.11318,1.00,2.44
2017.05.29 07:18:29.772,1.11316,1.11319,1.00,2.06
2017.05.29 07:18:31.921,1.11317,1.1132,1.00,1.69
2017.05.29 07:18:32.024,1.11318,1.11322,1.00,2.81
2017.05.29 07:18:36.287,1.11318,1.11322,1.87,3.19
2017.05.29 07:18:36.714,1.11317,1.1132,1.50,1.25
2017.05.29 07:18:37.268,1.11317,1.11321,1.12,2.96
2017.05.29 07:18:55.279,1.11317,1.1132,1.12,2.96
2017.05.29 07:18:55.386,1.11315,1.11319,2.06,4.27
2017.05.29 07:18:55.488,1.11316,1.11319,1.12,1.65
2017.05.29 07:18:55.743,1.11316,1.1132,1.12,2.21
2017.05.29 07:18:56.321,1.11317,1.11322,1.35,4.84
2017.05.29 07:18:56.424,1.11317,1.11322,1.69,3.19
2017.05.29 07:18:56.526,1.11318,1.11322,1.87,2.81
2017.05.29 07:18:57.065,1.11318,1.11322,1.12,2.44
2017.05.29 07:18:58.609,1.11318,1.11321,1.00,1.00
2017.05.29 07:18:59.738,1.11318,1.11322,1.00,3.56
2017.05.29 07:19:06.432,1.11319,1.11322,1.00,3.19
2017.05.29 07:19:06.869,1.11316,1.11319,3.07,1.50
2017.05.29 07:19:07.073,1.11315,1.11319,1.25,3.37
2017.05.29 07:19:07.584,1.11316,1.11319,1.00,2.62
2017.05.29 07:19:08.092,1.11315,1.11319,1.00,2.96
2017.05.29 07:19:08.411,1.11313,1.11318,1.57,3.94
2017.05.29 07:19:09.246,1.11313,1.11318,1.12,5.06
2017.05.29 07:19:14.246,1.11313,1.11317,1.50,2.81
2017.05.29 07:19:19.006,1.11313,1.11317,1.75,2.81
2017.05.29 07:19:19.570,1.11313,1.11317,1.37,2.81
2017.05.29 07:19:20.291,1.11313,1.11317,1.12,2.81
2017.05.29 07:19:20.796,1.11313,1.11317,1.37,2.81
2017.05.29 07:19:22.120,1.11315,1.11317,1.00,1.31
2017.05.29 07:19:22.223,1.11317,1.11319,1.00,1.09
2017.05.29 07:19:22.825,1.11317,1.11321,1.50,1.25
2017.05.29 07:19:22.877,1.11319,1.11323,1.00,2.29
2017.05.29 07:19:23.389,1.1132,1.11324,1.12,5.06
2017.05.29 07:19:26.870,1.1132,1.11324,1.37,2.51
2017.05.29 07:19:27.549,1.1132,1.11324,1.12,2.44
2017.05.29 07:19:28.667,1.1132,1.11323,1.50,1.37
2017.05.29 07:19:28.722,1.11315,1.11319,5.25,2.89
2017.05.29 07:19:28.825,1.11315,1.11319,1.12,2.89
2017.05.29 07:19:28.978,1.11313,1.11317,1.50,1.25
2017.05.29 07:19:29.080,1.11313,1.11314,1.00,2.44
2017.05.29 07:19:29.132,1.1131,1.11314,6.97,2.63
2017.05.29 07:19:29.235,1.1131,1.11313,2.47,5.81
2017.05.29 07:19:29.775,1.11309,1.11313,1.69,4.87
2017.05.29 07:19:30.465,1.11312,1.11315,2.29,2.32
2017.05.29 07:19:30.771,1.11313,1.11318,4.54,3.94
2017.05.29 07:19:31.277,1.11317,1.11319,1.25,1.37
2017.05.29 07:19:31.329,1.11317,1.1132,1.12,2.25
2017.05.29 07:19:31.862,1.11316,1.1132,2.06,1.00
2017.05.29 07:19:32.370,1.11316,1.11321,2.06,4.39
2017.05.29 07:19:33.640,1.11316,1.11321,3.19,4.39
2017.05.29 07:19:35.402,1.11316,1.11319,1.12,3.00
2017.05.29 07:19:36.014,1.11316,1.11318,1.12,1.37
2017.05.29 07:19:36.474,1.11314,1.11318,2.06,3.37
2017.05.29 07:19:36.989,1.11315,1.11318,1.12,1.50
2017.05.29 07:19:40.182,1.11315,1.11318,1.12,3.00
2017.05.29 07:19:43.139,1.11316,1.11319,3.79,1.37
2017.05.29 07:19:43.333,1.11317,1.11321,1.87,4.31
2017.05.29 07:19:43.539,1.11316,1.11318,1.12,1.12
2017.05.29 07:19:43.743,1.11315,1.11318,1.12,1.12
2017.05.29 07:19:49.547,1.11316,1.11319,1.69,1.37
2017.05.29 07:19:49.600,1.11317,1.1132,4.16,1.12
2017.05.29 07:19:49.805,1.11318,1.11322,2.06,1.50
2017.05.29 07:19:50.060,1.11318,1.11321,1.12,1.70
2017.05.29 07:19:50.220,1.11317,1.11321,1.00,1.31
2017.05.29 07:19:50.729,1.11318,1.11323,2.81,4.01
2017.05.29 07:19:53.843,1.11319,1.11323,1.12,1.69
2017.05.29 07:19:58.501,1.11318,1.1132,1.12,1.00
2017.05.29 07:19:58.605,1.11317,1.11319,1.12,2.25
2017.05.29 07:19:58.811,1.11315,1.11318,1.69,1.00
2017.05.29 07:20:02.197,1.11316,1.1132,3.41,1.37
2017.05.29 07:20:02.299,1.11318,1.11321,1.50,1.00
2017.05.29 07:20:02.835,1.11318,1.11322,3.19,2.62
2017.05.29 07:20:03.346,1.11316,1.11321,4.31,1.31
2017.05.29 07:20:04.402,1.11318,1.11321,1.12,1.12
2017.05.29 07:20:06.839,1.1132,1.11323,1.12,1.62
2017.05.29 07:20:07.371,1.1132,1.11324,1.12,2.44
2017.05.29 07:20:07.895,1.1132,1.11323,1.12,1.31
2017.05.29 07:20:08.496,1.11319,1.11323,1.87,2.06
2017.05.29 07:20:16.483,1.11318,1.11322,2.25,1.25
2017.05.29 07:20:16.933,1.11318,1.11321,1.50,4.20
2017.05.29 07:20:17.200,1.11316,1.1132,1.12,1.62
2017.05.29 07:20:19.622,1.11316,1.11319,1.12,1.57
2017.05.29 07:20:20.095,1.11317,1.1132,1.12,1.69
2017.05.29 07:20:21.082,1.11317,1.1132,1.12,2.51
2017.05.29 07:20:21.604,1.11316,1.11319,1.12,1.95
2017.05.29 07:20:22.200,1.11317,1.11319,1.12,2.44
2017.05.29 07:20:22.509,1.11315,1.11318,1.12,2.06
2017.05.29 07:20:24.008,1.11316,1.11318,1.12,1.25
2017.05.29 07:20:24.266,1.11317,1.1132,1.00,1.31
2017.05.29 07:20:24.674,1.11319,1.1132,1.00,1.00
2017.05.29 07:20:24.827,1.11319,1.11323,1.37,2.44
2017.05.29 07:20:25.358,1.11321,1.11324,1.12,2.06
2017.05.29 07:20:33.258,1.11319,1.11323,2.62,1.25
2017.05.29 07:20:34.500,1.11318,1.11322,4.31,1.00
2017.05.29 07:20:35.012,1.11318,1.11319,1.00,2.25
2017.05.29 07:20:35.063,1.11315,1.11317,1.00,1.00
2017.05.29 07:20:35.573,1.11314,1.11317,1.00,1.25
2017.05.29 07:20:38.460,1.11313,1.11317,1.12,2.44
2017.05.29 07:20:46.899,1.11313,1.11317,1.12,3.19
2017.05.29 07:20:47.490,1.11311,1.11316,4.01,1.31
2017.05.29 07:20:48.222,1.11311,1.11315,3.45,1.31
2017.05.29 07:20:48.476,1.1131,1.11315,2.89,5.06
2017.05.29 07:20:48.583,1.11311,1.11314,1.00,1.50
2017.05.29 07:20:49.094,1.11311,1.11315,2.89,1.12
2017.05.29 07:20:49.622,1.11311,1.11316,4.39,2.06
2017.05.29 07:20:55.256,1.11313,1.11316,1.00,1.31
2017.05.29 07:20:55.804,1.11311,1.11316,4.01,1.31
2017.05.29 07:20:56.008,1.11311,1.11314,1.00,4.31
2017.05.29 07:20:56.162,1.11308,1.11313,1.87,4.31
2017.05.29 07:20:57.392,1.11308,1.11312,1.12,3.94
2017.05.29 07:21:00.170,1.11308,1.11311,1.00,3.19
2017.05.29 07:21:09.444,1.11308,1.11311,1.00,2.81
2017.05.29 07:21:09.947,1.11306,1.11311,1.39,1.31
2017.05.29 07:21:12.592,1.11305,1.1131,5.89,1.69
2017.05.29 07:21:12.798,1.11304,1.1131,6.26,7.31
2017.05.29 07:21:15.845,1.11305,1.11309,1.31,1.00
2017.05.29 07:21:16.378,1.11306,1.11309,1.00,1.00
2017.05.29 07:21:17.384,1.11305,1.11309,3.19,1.00
2017.05.29 07:21:18.100,1.11305,1.11309,4.61,1.00
2017.05.29 07:21:18.637,1.11308,1.11311,1.00,1.50
2017.05.29 07:21:20.292,1.11306,1.11311,3.49,1.69
2017.05.29 07:21:22.771,1.11306,1.11311,1.01,3.19
2017.05.29 07:21:29.561,1.11306,1.11311,3.11,1.69
2017.05.29 07:21:30.124,1.11307,1.11311,2.32,1.25
2017.05.29 07:21:30.678,1.11308,1.11311,1.00,1.00
2017.05.29 07:21:31.476,1.11308,1.11313,1.12,7.01
2017.05.29 07:21:32.341,1.11307,1.11313,5.14,7.01
2017.05.29 07:21:33.360,1.11307,1.11313,5.74,5.81
2017.05.29 07:21:33.870,1.11307,1.11312,3.82,1.19
2017.05.29 07:21:34.610,1.11306,1.11311,4.39,1.25
2017.05.29 07:21:42.175,1.11305,1.11311,5.51,3.19
2017.05.29 07:21:42.277,1.11305,1.1131,2.32,1.31
2017.05.29 07:21:46.303,1.11305,1.1131,1.10,2.06
2017.05.29 07:21:47.307,1.11305,1.1131,2.51,1.62
2017.05.29 07:21:48.537,1.11304,1.1131,5.89,3.19
2017.05.29 07:21:48.944,1.11304,1.1131,4.39,3.94
2017.05.29 07:21:49.475,1.11304,1.1131,4.39,3.94
2017.05.29 07:21:55.289,1.11305,1.1131,2.14,1.62
2017.05.29 07:21:56.853,1.11304,1.1131,2.89,3.94
2017.05.29 07:22:01.288,1.11304,1.11309,3.86,1.37
2017.05.29 07:22:01.825,1.11304,1.11309,3.86,1.37
2017.05.29 07:22:02.353,1.11305,1.11309,2.14,1.37
2017.05.29 07:22:04.014,1.11304,1.11307,1.39,1.00
2017.05.29 07:22:04.502,1.11303,1.11308,1.76,2.44
2017.05.29 07:22:05.013,1.11303,1.11307,1.31,1.75
2017.05.29 07:22:06.527,1.11303,1.11307,1.12,3.56
2017.05.29 07:22:07.041,1.11302,1.11307,1.47,3.19
2017.05.29 07:22:12.625,1.11303,1.11308,2.32,2.44
2017.05.29 07:22:13.134,1.11303,1.11309,4.95,3.94
2017.05.29 07:22:13.655,1.11303,1.11309,4.95,3.94
2017.05.29 07:22:16.046,1.11304,1.11309,1.00,3.56
2017.05.29 07:22:16.582,1.11304,1.11309,1.00,3.56
2017.05.29 07:22:17.222,1.11304,1.11308,1.00,2.44
2017.05.29 07:22:17.745,1.11304,1.11308,1.00,2.44
2017.05.29 07:22:18.306,1.11304,1.11308,1.00,2.44
2017.05.29 07:22:18.996,1.11306,1.11308,1.00,2.25
2017.05.29 07:22:19.506,1.11306,1.11308,1.00,1.12
2017.05.29 07:22:19.828,1.11304,1.11308,2.44,1.12
2017.05.29 07:22:20.335,1.11305,1.1131,2.29,3.94
2017.05.29 07:22:20.489,1.11308,1.1131,1.00,1.62
2017.05.29 07:22:21.004,1.11305,1.1131,4.31,1.62
2017.05.29 07:22:21.534,1.11305,1.1131,4.31,1.62
2017.05.29 07:22:22.962,1.11307,1.1131,5.29,1.37
2017.05.29 07:22:23.116,1.11308,1.11312,7.16,2.25
2017.05.29 07:22:23.630,1.11308,1.11312,7.16,3.75
2017.05.29 07:22:38.438,1.11308,1.11312,5.25,3.41
2017.05.29 07:22:38.490,1.11306,1.11311,4.69,1.25
2017.05.29 07:22:38.592,1.11306,1.11312,2.44,5.66
2017.05.29 07:22:39.513,1.11306,1.11311,1.31,3.79
2017.05.29 07:22:40.042,1.11306,1.11312,5.06,3.56
2017.05.29 07:22:40.634,1.11307,1.11312,1.19,3.00
2017.05.29 07:22:40.686,1.11306,1.11311,8.29,1.00
2017.05.29 07:22:41.213,1.11308,1.11313,2.06,3.37
2017.05.29 07:22:42.976,1.11308,1.11312,5.81,1.50
2017.05.29 07:22:45.358,1.11309,1.11313,3.19,1.12
2017.05.29 07:22:45.554,1.11311,1.11317,4.35,4.69
2017.05.29 07:22:45.859,1.11312,1.11317,2.81,1.31
2017.05.29 07:22:47.249,1.11314,1.11317,1.00,1.31
2017.05.29 07:22:52.053,1.11314,1.11317,1.00,3.41
2017.05.29 07:22:53.176,1.11313,1.11317,1.00,3.41
2017.05.29 07:22:55.876,1.11314,1.11317,1.00,1.87
2017.05.29 07:22:56.502,1.11315,1.11318,1.00,2.06
2017.05.29 07:23:00.250,1.11314,1.11318,1.00,2.06
2017.05.29 07:23:01.682,1.11313,1.11318,1.25,2.44
2017.05.29 07:23:02.228,1.11314,1.11318,1.12,2.06
2017.05.29 07:23:02.800,1.11315,1.11319,1.00,1.69
2017.05.29 07:23:03.309,1.11314,1.11318,1.50,4.91
2017.05.29 07:23:03.958,1.11313,1.11318,3.00,6.04
2017.05.29 07:23:04.365,1.11313,1.11317,1.00,4.16
2017.05.29 07:23:04.900,1.11313,1.11317,1.00,5.66
2017.05.29 07:23:07.737,1.11312,1.11315,1.32,1.12
2017.05.29 07:23:10.610,1.11311,1.11316,3.94,2.25
2017.05.29 07:23:11.125,1.11313,1.11317,1.12,1.31
2017.05.29 07:23:15.228,1.11312,1.11317,3.94,4.91
2017.05.29 07:23:15.741,1.11311,1.11315,3.00,2.44
2017.05.29 07:23:18.297,1.11311,1.11314,1.12,2.06
2017.05.29 07:23:18.806,1.11311,1.11316,4.69,3.19
2017.05.29 07:23:19.367,1.11311,1.11316,6.19,1.69
2017.05.29 07:23:20.966,1.11314,1.11317,1.54,1.37
2017.05.29 07:23:21.069,1.11315,1.11319,2.06,1.00
2017.05.29 07:23:21.579,1.11316,1.1132,1.69,2.44
2017.05.29 07:23:22.088,1.11316,1.11321,2.81,2.36
2017.05.29 07:23:24.072,1.11316,1.11321,4.87,1.00
2017.05.29 07:23:26.244,1.11317,1.11321,1.25,1.80
2017.05.29 07:23:27.742,1.11317,1.11319,1.00,1.35
2017.05.29 07:23:27.794,1.11314,1.11318,3.94,1.00
2017.05.29 07:23:28.300,1.11314,1.11318,2.06,4.35
2017.05.29 07:23:28.810,1.11315,1.11319,1.00,2.14
2017.05.29 07:23:31.573,1.11315,1.1132,3.94,1.61
2017.05.29 07:23:33.275,1.11315,1.11319,2.81,2.47
2017.05.29 07:23:33.378,1.11314,1.11318,2.06,2.85
2017.05.29 07:23:37.437,1.11315,1.11319,1.00,2.55
2017.05.29 07:23:42.385,1.11315,1.11319,1.00,1.95
2017.05.29 07:23:57.415,1.11314,1.11319,2.44,2.92
2017.05.29 07:23:57.936,1.11315,1.11319,2.06,2.70
2017.05.29 07:24:03.401,1.11315,1.1132,2.44,1.12
2017.05.29 07:24:03.902,1.11316,1.11321,1.00,5.55
2017.05.29 07:24:05.073,1.11317,1.11321,1.00,5.17
2017.05.29 07:24:21.825,1.11316,1.11321,1.50,3.67
2017.05.29 07:24:36.569,1.11318,1.11322,3.79,3.07
2017.05.29 07:24:36.672,1.11321,1.11325,1.00,1.95
2017.05.29 07:24:36.928,1.11323,1.11325,1.00,1.37
2017.05.29 07:24:36.980,1.11321,1.11326,2.81,1.76
2017.05.29 07:24:37.528,1.11321,1.11326,3.75,1.25
2017.05.29 07:24:40.812,1.11321,1.11325,3.37,1.00
2017.05.29 07:24:45.742,1.11321,1.11324,1.31,3.00
2017.05.29 07:24:45.793,1.11319,1.11323,1.25,1.30
2017.05.29 07:24:47.524,1.11318,1.11323,2.06,4.05
2017.05.29 07:24:56.886,1.11318,1.11323,1.12,3.86
2017.05.29 07:24:59.874,1.11317,1.11321,3.19,1.00
2017.05.29 07:25:01.945,1.11317,1.11322,3.19,1.12
2017.05.29 07:25:03.537,1.11318,1.11322,4.50,1.00
2017.05.29 07:25:04.110,1.11318,1.11323,4.50,1.31
2017.05.29 07:25:06.095,1.11318,1.11323,6.41,1.00
2017.05.29 07:25:07.355,1.11319,1.11323,2.25,1.37
2017.05.29 07:25:08.897,1.11318,1.11323,6.79,1.37
2017.05.29 07:25:13.769,1.11318,1.11323,6.41,1.37
2017.05.29 07:25:14.324,1.11318,1.11323,2.81,1.75
2017.05.29 07:25:18.785,1.11318,1.11323,2.25,2.06
2017.05.29 07:25:22.962,1.1132,1.11323,1.25,1.12
2017.05.29 07:25:23.065,1.1132,1.11323,2.06,1.37
2017.05.29 07:25:23.269,1.1132,1.11324,2.96,1.50
2017.05.29 07:25:24.828,1.1132,1.11323,1.77,3.22
2017.05.29 07:25:24.880,1.11319,1.11323,3.00,3.79
2017.05.29 07:25:25.135,1.11318,1.1132,1.00,1.00
2017.05.29 07:25:29.285,1.11317,1.1132,1.31,1.12
2017.05.29 07:25:29.600,1.11317,1.1132,1.31,1.12
2017.05.29 07:25:36.425,1.11318,1.11322,1.25,1.50
2017.05.29 07:25:37.312,1.11318,1.11322,1.69,2.10
2017.05.29 07:25:44.257,1.11321,1.11323,1.25,1.50
2017.05.29 07:25:44.309,1.11321,1.11324,1.25,1.50
2017.05.29 07:25:44.819,1.11321,1.11325,2.96,1.37
2017.05.29 07:25:45.820,1.1132,1.11325,2.44,2.29
2017.05.29 07:25:46.333,1.1132,1.11325,2.96,2.29
2017.05.29 07:26:00.631,1.11321,1.11325,1.20,2.06
2017.05.29 07:26:01.171,1.11321,1.11325,1.20,2.06
2017.05.29 07:26:01.693,1.11321,1.11325,1.20,2.06
2017.05.29 07:26:02.828,1.11321,1.11325,1.20,2.66
2017.05.29 07:26:03.336,1.11321,1.11325,1.27,1.69
2017.05.29 07:26:04.018,1.11321,1.11325,1.20,1.69
2017.05.29 07:26:05.843,1.11321,1.11326,1.20,4.24
2017.05.29 07:26:06.367,1.11321,1.11326,1.20,4.24
2017.05.29 07:26:07.282,1.11321,1.11326,1.20,5.74
2017.05.29 07:26:09.341,1.11321,1.11326,1.20,5.74
2017.05.29 07:26:10.353,1.11321,1.11326,1.20,5.74
2017.05.29 07:26:11.451,1.11321,1.11326,1.20,4.61
2017.05.29 07:26:14.111,1.11321,1.11326,1.20,3.11
2017.05.29 07:26:14.655,1.11321,1.11326,1.20,3.11
2017.05.29 07:26:17.379,1.11321,1.11326,1.20,4.54
2017.05.29 07:26:23.735,1.11323,1.11325,1.67,1.00
2017.05.29 07:26:23.787,1.11324,1.11328,2.47,1.39
2017.05.29 07:26:23.890,1.11325,1.1133,2.25,1.54
2017.05.29 07:26:23.942,1.11325,1.11331,3.94,1.99
2017.05.29 07:26:24.467,1.11326,1.11331,1.00,1.80
2017.05.29 07:26:25.008,1.11326,1.1133,1.00,1.42
2017.05.29 07:26:25.518,1.11327,1.11332,1.00,1.56
2017.05.29 07:26:26.027,1.11327,1.11333,3.19,2.29
2017.05.29 07:26:28.277,1.11328,1.11333,3.19,1.67
2017.05.29 07:26:31.485,1.11328,1.11333,1.25,3.22
2017.05.29 07:26:44.722,1.1133,1.11333,1.50,2.85
2017.05.29 07:26:44.774,1.11331,1.11335,1.31,1.57
2017.05.29 07:26:44.825,1.11331,1.11335,2.06,1.50
2017.05.29 07:26:45.343,1.11332,1.11336,1.50,1.62
2017.05.29 07:26:45.911,1.11332,1.11336,1.50,1.62
2017.05.29 07:26:50.935,1.11332,1.11337,1.12,2.44
2017.05.29 07:26:52.781,1.11332,1.11337,1.12,2.44
2017.05.29 07:26:53.635,1.11333,1.11337,1.00,2.44
2017.05.29 07:26:57.013,1.11334,1.11335,1.12,1.00
2017.05.29 07:26:57.561,1.11333,1.11337,1.50,2.81
2017.05.29 07:27:09.196,1.11332,1.11335,1.12,1.69
2017.05.29 07:27:09.739,1.11332,1.11335,1.00,1.69
2017.05.29 07:27:13.008,1.11331,1.11336,1.31,3.19
2017.05.29 07:27:13.511,1.11332,1.11336,1.00,3.19
2017.05.29 07:27:17.155,1.11332,1.11336,1.00,3.19
2017.05.29 07:27:17.657,1.11332,1.11335,1.00,1.62
2017.05.29 07:27:24.832,1.11332,1.11336,1.00,3.19
2017.05.29 07:27:27.686,1.11331,1.11335,2.06,1.62
2017.05.29 07:27:28.912,1.11331,1.11335,2.06,1.62
2017.05.29 07:27:29.717,1.11331,1.11335,2.06,1.62
2017.05.29 07:27:34.285,1.11331,1.11335,1.31,1.69
2017.05.29 07:27:36.963,1.11331,1.11336,1.31,2.81
2017.05.29 07:27:37.579,1.11331,1.11336,1.31,2.81
2017.05.29 07:27:42.320,1.11329,1.11334,1.87,3.22
2017.05.29 07:27:42.524,1.11329,1.11333,1.12,1.91
2017.05.29 07:27:43.081,1.11327,1.11332,5.25,1.91
2017.05.29 07:27:44.025,1.11328,1.11332,1.50,1.62
2017.05.29 07:27:44.857,1.11328,1.11332,1.87,1.62
2017.05.29 07:27:57.398,1.11328,1.11333,1.87,2.00
2017.05.29 07:27:58.857,1.11328,1.11333,2.25,2.00
2017.05.29 07:27:59.312,1.11328,1.11333,6.60,1.62
2017.05.29 07:27:59.822,1.11331,1.11336,1.50,1.69
2017.05.29 07:28:00.359,1.11331,1.11336,1.00,1.69
2017.05.29 07:28:01.862,1.11331,1.11336,1.00,1.69
2017.05.29 07:28:02.312,1.11331,1.11336,1.37,1.62
2017.05.29 07:28:02.859,1.11331,1.11337,7.72,1.69
2017.05.29 07:28:03.512,1.11333,1.11338,1.50,3.56
2017.05.29 07:28:04.300,1.11333,1.11338,1.50,1.56
2017.05.29 07:28:04.809,1.11332,1.11337,2.25,1.69
2017.05.29 07:28:05.766,1.11333,1.11337,1.00,2.06
2017.05.29 07:28:09.105,1.11332,1.11337,1.12,2.06
2017.05.29 07:28:13.127,1.11332,1.11337,1.31,1.37
2017.05.29 07:28:13.895,1.11332,1.11337,1.31,1.37
2017.05.29 07:28:14.473,1.11331,1.11335,3.75,1.37
2017.05.29 07:28:14.982,1.1133,1.11334,1.69,1.00
2017.05.29 07:28:16.752,1.1133,1.11334,1.69,1.37
2017.05.29 07:28:18.545,1.11328,1.11331,3.37,1.12
2017.05.29 07:28:18.597,1.11328,1.11333,1.12,3.41
2017.05.29 07:28:19.107,1.11327,1.11332,6.00,1.50
2017.05.29 07:28:25.535,1.11329,1.11333,1.50,1.12
2017.05.29 07:28:26.072,1.11329,1.11334,2.06,1.37
2017.05.29 07:28:31.567,1.1133,1.11335,1.00,3.37
2017.05.29 07:28:34.861,1.1133,1.11335,1.00,3.97
2017.05.29 07:28:35.526,1.1133,1.11335,1.00,3.97
2017.05.29 07:28:36.227,1.11329,1.11332,1.25,1.00
2017.05.29 07:28:36.387,1.11329,1.11334,1.25,3.00
2017.05.29 07:28:45.436,1.11328,1.11332,1.12,2.44
2017.05.29 07:28:45.947,1.11327,1.11332,1.87,1.69
2017.05.29 07:28:47.011,1.11326,1.1133,2.44,1.91
2017.05.29 07:28:47.165,1.11325,1.11328,1.00,1.16
2017.05.29 07:28:47.318,1.11323,1.11328,2.62,1.91
2017.05.29 07:28:49.422,1.11323,1.11328,2.25,5.29
2017.05.29 07:28:50.141,1.11323,1.11325,1.00,1.31
2017.05.29 07:28:51.217,1.11323,1.11325,1.00,1.62
2017.05.29 07:28:53.823,1.11322,1.11325,1.00,1.62
2017.05.29 07:28:55.271,1.11323,1.11327,1.00,1.56
2017.05.29 07:28:55.475,1.11323,1.11328,1.50,4.31
2017.05.29 07:28:56.002,1.11324,1.11328,1.69,2.62
2017.05.29 07:28:56.156,1.11324,1.11329,2.62,2.00
2017.05.29 07:28:56.733,1.11326,1.11328,1.31,1.00
2017.05.29 07:28:58.017,1.11324,1.11329,1.12,3.56
2017.05.29 07:28:58.520,1.11323,1.11328,3.00,1.62
2017.05.29 07:28:59.034,1.11323,1.11328,3.00,2.06
2017.05.29 07:29:00.061,1.11322,1.11328,4.31,2.81
2017.05.29 07:29:00.572,1.11322,1.11327,2.81,1.69
2017.05.29 07:29:01.131,1.11322,1.11327,1.87,2.06
2017.05.29 07:29:02.067,1.11321,1.11327,5.44,2.06
2017.05.29 07:29:09.348,1.1132,1.11325,2.81,1.62
2017.05.29 07:29:10.723,1.11321,1.11326,1.50,1.50
2017.05.29 07:29:10.929,1.11322,1.11327,1.31,3.56
2017.05.29 07:29:11.439,1.11323,1.11327,1.00,3.56
2017.05.29 07:29:12.241,1.11323,1.11327,1.00,3.56
2017.05.29 07:29:14.425,1.11323,1.11327,1.00,3.56
2017.05.29 07:29:15.192,1.11322,1.11327,1.31,2.06
2017.05.29 07:29:15.991,1.11325,1.11327,3.00,1.37
2017.05.29 07:29:16.044,1.11327,1.11332,2.85,12.64
2017.05.29 07:29:16.451,1.11329,1.11333,3.94,1.67
2017.05.29 07:29:16.993,1.11329,1.11335,4.69,5.06
2017.05.29 07:29:18.624,1.11329,1.11335,6.94,5.81
2017.05.29 07:29:21.525,1.11329,1.11335,1.62,5.81
2017.05.29 07:29:27.141,1.11333,1.11335,1.00,1.37
2017.05.29 07:29:27.243,1.11333,1.11336,1.00,1.69
2017.05.29 07:29:27.752,1.11332,1.11337,1.12,3.19
2017.05.29 07:29:29.900,1.11332,1.11337,1.00,3.56
2017.05.29 07:29:36.932,1.11332,1.11336,1.31,1.69
2017.05.29 07:29:38.238,1.11332,1.11336,1.31,1.69
2017.05.29 07:29:39.750,1.11332,1.11336,1.62,1.69
2017.05.29 07:29:40.350,1.11332,1.11336,1.69,1.62
2017.05.29 07:29:40.880,1.11332,1.11336,1.31,1.62
2017.05.29 07:29:41.391,1.11331,1.11335,1.62,2.81
2017.05.29 07:29:41.609,1.11328,1.11333,3.94,1.87
2017.05.29 07:29:42.273,1.11328,1.11333,2.62,1.37
2017.05.29 07:29:47.325,1.11329,1.11333,1.25,1.37
2017.05.29 07:29:48.232,1.11331,1.11335,1.30,4.69
2017.05.29 07:29:48.566,1.11333,1.11335,1.00,1.00
2017.05.29 07:29:49.174,1.11331,1.11336,3.22,1.69
2017.05.29 07:29:49.889,1.11331,1.11336,2.47,1.69
2017.05.29 07:29:51.185,1.11331,1.11336,2.51,1.69
2017.05.29 07:29:51.772,1.11331,1.11336,2.51,1.69
2017.05.29 07:29:53.691,1.11331,1.11336,2.51,1.69
2017.05.29 07:29:55.094,1.11331,1.11337,4.39,2.44
2017.05.29 07:29:59.044,1.11331,1.11334,1.35,2.25
2017.05.29 07:30:00.179,1.11331,1.11335,1.25,2.00
2017.05.29 07:30:00.687,1.11331,1.11336,3.94,1.69
2017.05.29 07:30:00.790,1.11331,1.11337,3.94,2.81
2017.05.29 07:30:01.314,1.11333,1.11336,1.00,1.62
2017.05.29 07:30:01.823,1.11331,1.11336,5.62,1.62
2017.05.29 07:30:04.127,1.11333,1.11336,1.00,1.62
2017.05.29 07:30:10.328,1.11333,1.11335,1.12,1.37
2017.05.29 07:30:10.919,1.11333,1.11336,1.00,1.69
2017.05.29 07:30:11.581,1.11331,1.11335,1.39,1.62
2017.05.29 07:30:29.514,1.11329,1.11332,2.59,3.79
2017.05.29 07:30:29.668,1.11328,1.11332,6.56,5.62
2017.05.29 07:30:30.025,1.11328,1.11333,5.70,1.50
2017.05.29 07:30:31.514,1.11328,1.11331,5.81,1.12
2017.05.29 07:30:32.025,1.11328,1.11332,3.07,2.25
2017.05.29 07:30:32.725,1.11328,1.11331,5.81,1.12
2017.05.29 07:30:33.272,1.11328,1.11331,5.70,1.50
2017.05.29 07:30:33.784,1.11328,1.11331,2.32,1.50
2017.05.29 07:30:35.710,1.11328,1.11331,3.75,1.12
2017.05.29 07:30:35.914,1.11326,1.1133,2.29,1.12
2017.05.29 07:30:36.109,1.11326,1.1133,1.05,1.37
2017.05.29 07:30:36.415,1.11328,1.1133,1.00,1.37
2017.05.29 07:30:36.915,1.11325,1.11329,1.16,1.37
2017.05.29 07:30:37.071,1.11327,1.1133,1.31,1.37
2017.05.29 07:30:37.225,1.11328,1.11333,1.54,2.06
2017.05.29 07:30:37.762,1.11328,1.11333,2.06,1.69
2017.05.29 07:30:38.920,1.11328,1.11331,1.00,1.37
2017.05.29 07:30:39.437,1.11327,1.1133,1.00,1.62
2017.05.29 07:30:40.431,1.11326,1.1133,1.67,1.25
2017.05.29 07:30:41.589,1.11326,1.1133,1.30,1.31
2017.05.29 07:30:44.221,1.11326,1.1133,3.22,1.31
2017.05.29 07:31:01.987,1.11326,1.11331,3.45,2.06
2017.05.29 07:31:03.885,1.11326,1.1133,2.66,1.00
2017.05.29 07:31:04.401,1.11326,1.1133,1.57,1.25
2017.05.29 07:31:04.942,1.11326,1.1133,1.95,1.25
2017.05.29 07:31:05.531,1.11326,1.1133,4.01,1.00
2017.05.29 07:31:08.594,1.11328,1.11331,1.12,1.00
2017.05.29 07:31:10.241,1.11328,1.11332,1.91,2.25
2017.05.29 07:31:10.547,1.1133,1.11333,2.10,1.00
2017.05.29 07:31:11.086,1.1133,1.11333,2.70,1.00
2017.05.29 07:31:13.409,1.1133,1.11334,4.20,1.25
2017.05.29 07:31:15.066,1.11329,1.1133,1.12,1.00
2017.05.29 07:31:15.220,1.11326,1.11329,4.50,1.00
2017.05.29 07:31:15.322,1.11325,1.1133,4.91,1.69
2017.05.29 07:31:15.845,1.11325,1.11329,3.79,1.00
2017.05.29 07:31:29.783,1.11324,1.11328,3.04,1.00
2017.05.29 07:31:32.788,1.11323,1.11326,6.00,2.25
2017.05.29 07:31:33.298,1.11323,1.11327,2.17,1.12
2017.05.29 07:31:33.807,1.11324,1.11327,1.31,1.12
2017.05.29 07:31:34.215,1.11323,1.11327,5.92,1.12
2017.05.29 07:31:46.714,1.11326,1.11328,1.15,1.00
2017.05.29 07:32:04.484,1.11323,1.11326,5.55,1.00
2017.05.29 07:32:05.041,1.11323,1.11327,5.17,1.12
2017.05.29 07:32:06.562,1.11323,1.11327,2.92,1.12
2017.05.29 07:32:17.920,1.11322,1.11327,3.19,1.12
2017.05.29 07:32:26.829,1.11324,1.11327,1.31,1.12
2017.05.29 07:32:27.373,1.11324,1.11328,4.27,1.12
2017.05.29 07:32:27.922,1.11327,1.11329,1.30,1.50
2017.05.29 07:32:27.974,1.11328,1.1133,1.30,1.50
2017.05.29 07:32:28.485,1.11328,1.11331,1.35,1.00
2017.05.29 07:32:29.937,1.11327,1.11332,6.79,1.25
2017.05.29 07:32:30.041,1.1133,1.11333,1.54,1.12
2017.05.29 07:32:30.654,1.1133,1.11334,2.92,1.12
2017.05.29 07:32:47.077,1.11331,1.11334,3.15,1.00
2017.05.29 07:32:47.129,1.11333,1.11337,5.66,6.00
2017.05.29 07:32:47.231,1.11335,1.11339,5.47,1.25
2017.05.29 07:32:47.333,1.11337,1.1134,1.30,1.87
2017.05.29 07:32:47.694,1.11338,1.11342,1.80,1.50
2017.05.29 07:32:48.204,1.11338,1.11342,3.90,1.00
2017.05.29 07:32:48.715,1.11338,1.11341,2.17,1.00
2017.05.29 07:32:49.230,1.11338,1.11342,3.52,1.00
2017.05.29 07:32:49.752,1.11338,1.11342,3.15,1.00
2017.05.29 07:32:50.261,1.11337,1.11342,4.42,1.12
2017.05.29 07:32:55.148,1.11338,1.11341,1.25,1.00
2017.05.29 07:32:58.554,1.11337,1.1134,4.80,1.00
2017.05.29 07:33:00.988,1.11337,1.11339,1.00,1.00
2017.05.29 07:33:01.294,1.11336,1.11337,1.00,1.00
2017.05.29 07:33:01.396,1.11334,1.11337,2.06,1.00
2017.05.29 07:33:04.710,1.11333,1.11336,1.52,1.00
2017.05.29 07:33:04.864,1.11332,1.11336,2.06,1.00
2017.05.29 07:33:05.374,1.11332,1.11335,3.90,1.00
2017.05.29 07:33:06.450,1.11332,1.11336,2.17,1.00
2017.05.29 07:33:08.000,1.11332,1.11335,1.25,1.00
2017.05.29 07:33:12.464,1.11332,1.11334,1.25,1.00
2017.05.29 07:33:13.051,1.1133,1.11334,4.05,1.00
2017.05.29 07:33:17.576,1.1133,1.11333,4.05,1.00
2017.05.29 07:33:30.875,1.11331,1.11335,2.77,1.50
2017.05.29 07:33:31.385,1.11332,1.11335,2.77,1.00
2017.05.29 07:33:34.058,1.11332,1.11336,4.16,1.00
2017.05.29 07:33:46.151,1.11334,1.11337,1.50,1.00
2017.05.29 07:33:46.658,1.11335,1.11338,1.50,1.00
2017.05.29 07:33:47.176,1.11336,1.11338,2.17,1.00
2017.05.29 07:33:53.547,1.11335,1.11339,1.11,2.44
2017.05.29 07:33:53.649,1.11334,1.11337,1.12,1.12
2017.05.29 07:33:53.752,1.11333,1.11337,5.44,1.37
2017.05.29 07:33:54.282,1.11333,1.11337,4.31,1.37
2017.05.29 07:33:57.479,1.11333,1.11337,4.31,1.37
2017.05.29 07:33:57.994,1.11334,1.11337,1.87,1.37
2017.05.29 07:34:00.458,1.11334,1.11337,1.87,1.12
2017.05.29 07:34:01.065,1.11334,1.11337,1.87,1.37
2017.05.29 07:34:03.366,1.11333,1.11337,2.92,1.37
2017.05.29 07:34:06.909,1.11333,1.11337,1.69,1.37
2017.05.29 07:34:07.422,1.11333,1.11337,1.69,1.37
2017.05.29 07:34:08.303,1.11332,1.11336,5.06,1.37
2017.05.29 07:34:08.819,1.11332,1.11336,5.40,1.37
2017.05.29 07:34:09.519,1.11333,1.11336,2.17,1.12
2017.05.29 07:34:12.548,1.11334,1.11338,1.00,2.06
2017.05.29 07:34:13.864,1.11334,1.11338,3.56,1.00
2017.05.29 07:34:26.518,1.11335,1.11338,1.12,1.00
2017.05.29 07:34:26.570,1.11336,1.11339,3.04,1.87
2017.05.29 07:34:26.723,1.11337,1.11341,4.16,1.00
2017.05.29 07:34:27.232,1.11338,1.11342,1.16,1.00
2017.05.29 07:34:30.914,1.11338,1.11343,3.79,1.31
2017.05.29 07:34:31.850,1.11338,1.11344,4.16,4.69
2017.05.29 07:34:31.902,1.11341,1.11344,1.35,1.00
2017.05.29 07:34:32.620,1.11342,1.11346,3.04,1.12
2017.05.29 07:34:32.826,1.11343,1.11348,1.91,1.69
2017.05.29 07:34:33.327,1.11344,1.11349,2.25,2.44
2017.05.29 07:34:36.314,1.11344,1.11347,1.87,1.00
2017.05.29 07:34:40.408,1.11343,1.11347,4.80,1.00
2017.05.29 07:34:42.489,1.11343,1.11348,6.15,1.39
2017.05.29 07:34:51.278,1.11343,1.11347,4.27,1.00
2017.05.29 07:34:54.737,1.11345,1.11348,1.00,1.39
2017.05.29 07:34:55.060,1.1135,1.11353,1.00,4.01
2017.05.29 07:34:56.624,1.1135,1.11353,1.00,1.76
2017.05.29 07:34:59.075,1.11351,1.11353,1.00,1.76
2017.05.29 07:35:00.041,1.11351,1.11354,1.00,1.76
2017.05.29 07:35:00.578,1.11352,1.11355,1.00,1.57
2017.05.29 07:35:05.762,1.11352,1.11354,1.00,1.37
2017.05.29 07:35:09.449,1.11351,1.11355,1.61,2.89
2017.05.29 07:35:09.953,1.11351,1.11355,1.15,3.64
2017.05.29 07:35:10.612,1.11352,1.11355,1.00,2.51
2017.05.29 07:35:12.872,1.11351,1.11355,1.15,6.26
2017.05.29 07:35:53.269,1.1135,1.11354,1.00,3.11
2017.05.29 07:35:53.891,1.1135,1.11353,1.00,1.31
2017.05.29 07:35:57.344,1.11347,1.11349,1.12,2.10
2017.05.29 07:35:57.550,1.11345,1.11348,1.00,1.16
2017.05.29 07:35:58.062,1.11345,1.11349,1.00,6.11
2017.05.29 07:35:59.947,1.11343,1.11348,2.06,1.69
2017.05.29 07:35:59.999,1.11345,1.11348,1.00,1.69
2017.05.29 07:36:02.753,1.11345,1.11349,1.00,6.49
2017.05.29 07:36:04.255,1.11344,1.11348,1.69,1.20
2017.05.29 07:36:11.218,1.11345,1.11349,1.00,1.76
2017.05.29 07:36:12.232,1.11344,1.11348,2.44,1.20
2017.05.29 07:36:14.512,1.11345,1.11349,1.00,3.11
2017.05.29 07:36:44.066,1.11346,1.11349,2.29,1.20
2017.05.29 07:36:44.222,1.11347,1.11351,1.69,1.10
2017.05.29 07:36:44.732,1.11348,1.11352,1.69,2.70
2017.05.29 07:36:52.875,1.11349,1.11352,1.00,2.32
2017.05.29 07:36:53.382,1.11348,1.11352,1.25,1.95
2017.05.29 07:36:53.926,1.11349,1.11353,1.00,5.74
2017.05.29 07:36:58.191,1.1135,1.11353,1.00,2.89
2017.05.29 07:37:02.909,1.1135,1.11354,1.00,2.89
2017.05.29 07:37:03.417,1.11351,1.11354,1.00,1.95
2017.05.29 07:37:11.313,1.11353,1.11354,1.00,1.00
2017.05.29 07:37:11.464,1.11353,1.11357,1.00,6.26
2017.05.29 07:37:24.945,1.11354,1.11357,1.00,4.69
2017.05.29 07:37:25.099,1.11356,1.11359,1.00,1.20
2017.05.29 07:37:25.252,1.11356,1.1136,1.00,2.14
2017.05.29 07:37:26.523,1.11357,1.11361,1.50,1.76
2017.05.29 07:37:28.035,1.11356,1.11361,4.01,1.69
2017.05.29 07:37:28.769,1.11357,1.1136,1.00,1.12
2017.05.29 07:37:29.308,1.11356,1.11362,4.39,8.14
2017.05.29 07:37:29.992,1.11357,1.11362,1.00,8.14
2017.05.29 07:37:30.724,1.11356,1.11362,2.89,8.14
2017.05.29 07:37:37.833,1.11355,1.1136,1.57,7.54
2017.05.29 07:37:37.936,1.11354,1.11359,1.69,3.04
2017.05.29 07:37:40.326,1.11354,1.11358,1.00,2.44
2017.05.29 07:37:41.211,1.11352,1.11358,5.14,3.79
2017.05.29 07:37:54.772,1.11353,1.11357,1.12,1.62
2017.05.29 07:37:58.837,1.11352,1.11357,2.85,2.44
2017.05.29 07:37:59.382,1.1135,1.11355,2.51,3.79
2017.05.29 07:37:59.742,1.11349,1.11354,1.75,2.14
2017.05.29 07:37:59.895,1.11349,1.11352,1.00,1.12
2017.05.29 07:38:00.409,1.11347,1.11352,4.35,1.12
2017.05.29 07:38:01.518,1.11347,1.11352,1.57,1.39
2017.05.29 07:38:02.078,1.11347,1.1135,1.12,1.91
2017.05.29 07:38:02.180,1.11346,1.11349,1.00,1.80
2017.05.29 07:38:02.283,1.11343,1.11348,4.73,1.39
2017.05.29 07:38:02.794,1.11343,1.11348,3.41,2.44
2017.05.29 07:38:03.322,1.11343,1.11348,1.43,2.06
2017.05.29 07:38:05.204,1.11342,1.11347,3.56,1.01
2017.05.29 07:38:12.543,1.11342,1.11345,1.50,1.00
2017.05.29 07:38:13.542,1.11339,1.11344,3.71,1.12
2017.05.29 07:38:13.797,1.11338,1.11342,1.50,1.25
2017.05.29 07:38:14.642,1.11338,1.11341,1.50,1.00
2017.05.29 07:38:15.152,1.11337,1.11343,4.91,2.81
2017.05.29 07:38:16.536,1.11337,1.11341,1.00,2.29
2017.05.29 07:38:17.045,1.11335,1.1134,4.39,1.69
2017.05.29 07:38:22.987,1.11336,1.11341,2.32,3.19
2017.05.29 07:38:23.521,1.11336,1.11341,5.14,1.31
2017.05.29 07:38:24.056,1.11338,1.11342,1.31,1.87
2017.05.29 07:38:30.079,1.11338,1.11343,2.06,5.74
2017.05.29 07:38:46.617,1.11337,1.11341,2.14,1.30
2017.05.29 07:38:46.771,1.11337,1.1134,1.69,5.85
2017.05.29 07:38:46.924,1.11334,1.11339,2.81,3.22
2017.05.29 07:38:49.592,1.11334,1.11337,1.50,1.50
2017.05.29 07:38:49.697,1.11326,1.11331,6.23,1.35
2017.05.29 07:38:50.054,1.11328,1.11332,3.94,3.00
2017.05.29 07:38:51.424,1.11328,1.11332,1.50,8.44
2017.05.29 07:38:52.328,1.11327,1.11332,4.69,4.87
2017.05.29 07:38:52.533,1.11331,1.11334,1.87,1.37
2017.05.29 07:38:52.635,1.1133,1.11335,2.06,2.51
2017.05.29 07:38:54.326,1.11331,1.11336,2.44,1.95
2017.05.29 07:38:55.158,1.11333,1.11337,2.44,1.00
2017.05.29 07:38:55.260,1.11333,1.11338,1.69,2.02
2017.05.29 07:38:55.581,1.11329,1.11332,1.56,1.30
2017.05.29 07:38:56.093,1.11329,1.11333,2.06,1.00
2017.05.29 07:38:59.932,1.11327,1.1133,2.44,1.72
2017.05.29 07:39:00.289,1.11327,1.1133,1.87,2.17
2017.05.29 07:39:06.333,1.11327,1.11329,1.50,1.00
2017.05.29 07:39:10.269,1.11328,1.11331,1.87,1.95
2017.05.29 07:39:10.422,1.11327,1.11331,1.31,1.20
2017.05.29 07:39:10.728,1.11324,1.11325,2.62,1.00
2017.05.29 07:39:10.883,1.11321,1.11325,3.94,1.00
2017.05.29 07:39:11.037,1.11322,1.11325,1.69,1.00
2017.05.29 07:39:11.578,1.11324,1.11327,2.44,1.50
2017.05.29 07:39:12.040,1.11323,1.11327,2.06,1.12
2017.05.29 07:39:16.089,1.11327,1.11329,1.19,2.62
2017.05.29 07:39:16.141,1.11329,1.11331,1.69,1.47
2017.05.29 07:39:16.244,1.1133,1.11332,1.87,1.20
2017.05.29 07:39:17.170,1.11328,1.11332,4.31,1.10
2017.05.29 07:39:17.753,1.11328,1.11331,3.94,1.50
2017.05.29 07:39:17.805,1.11327,1.11329,2.06,1.00
2017.05.29 07:39:17.908,1.11325,1.11329,1.31,1.57
2017.05.29 07:39:18.416,1.11326,1.11328,2.06,1.57
2017.05.29 07:39:20.776,1.11326,1.11328,2.06,1.57
2017.05.29 07:39:20.828,1.11319,1.11321,1.69,1.50
2017.05.29 07:39:20.930,1.1132,1.11322,1.31,2.17
2017.05.29 07:39:21.033,1.11321,1.11323,1.31,1.00
2017.05.29 07:39:21.137,1.11323,1.11327,2.06,3.07
2017.05.29 07:39:21.188,1.11325,1.11327,1.87,1.50
2017.05.29 07:39:21.647,1.11324,1.11328,1.69,1.10
2017.05.29 07:39:26.677,1.11324,1.11327,1.69,1.00
2017.05.29 07:39:27.921,1.11324,1.11327,1.69,1.00
2017.05.29 07:39:31.861,1.11323,1.11326,2.06,1.00
2017.05.29 07:39:32.375,1.11323,1.11326,3.19,1.12
2017.05.29 07:39:35.683,1.11324,1.11325,2.06,1.00
2017.05.29 07:39:48.251,1.11319,1.11324,4.69,4.24
2017.05.29 07:39:48.354,1.1132,1.11324,2.06,1.57
2017.05.29 07:39:48.406,1.11322,1.11323,1.50,1.00
2017.05.29 07:39:48.916,1.11321,1.11322,1.87,1.00
2017.05.29 07:39:49.846,1.1132,1.11322,1.87,1.12
2017.05.29 07:39:50.372,1.1132,1.11321,1.87,1.00
2017.05.29 07:39:50.897,1.11318,1.11321,2.06,1.00
2017.05.29 07:39:51.210,1.11318,1.11319,1.00,1.00
2017.05.29 07:39:59.795,1.11316,1.1132,2.81,1.57
2017.05.29 07:40:00.394,1.11317,1.1132,2.06,1.57
2017.05.29 07:40:00.939,1.11316,1.11321,2.81,4.57
2017.05.29 07:40:01.457,1.11316,1.1132,4.31,1.00
2017.05.29 07:40:02.289,1.11316,1.1132,2.44,1.87
2017.05.29 07:40:08.105,1.11316,1.11319,2.44,1.00
2017.05.29 07:40:08.409,1.11312,1.11317,3.19,2.85
2017.05.29 07:40:08.916,1.11312,1.11317,3.19,3.67
2017.05.29 07:40:09.424,1.11312,1.11317,2.81,2.70
2017.05.29 07:40:09.965,1.11312,1.11317,2.06,2.55
2017.05.29 07:40:10.859,1.11312,1.11317,5.44,1.10
2017.05.29 07:40:11.120,1.11316,1.11319,2.81,1.10
2017.05.29 07:40:14.106,1.11316,1.11318,2.44,2.25
2017.05.29 07:40:14.157,1.11314,1.11318,2.06,3.07
2017.05.29 07:40:14.678,1.11313,1.11317,2.06,1.00
2017.05.29 07:40:15.768,1.11315,1.11318,2.06,1.95
2017.05.29 07:40:16.277,1.11313,1.11317,2.06,1.10
2017.05.29 07:40:18.147,1.11313,1.11316,2.06,1.00
2017.05.29 07:40:18.656,1.11313,1.11317,2.06,1.10
2017.05.29 07:40:19.168,1.11313,1.11316,1.69,1.00
2017.05.29 07:40:20.116,1.11313,1.11317,1.69,1.10
2017.05.29 07:40:20.219,1.11312,1.11315,2.81,1.50
2017.05.29 07:40:20.270,1.11311,1.11314,2.06,1.00
2017.05.29 07:40:20.522,1.11311,1.11314,1.87,1.70
2017.05.29 07:40:21.470,1.1131,1.11314,1.69,2.92
2017.05.29 07:40:22.095,1.11311,1.11314,1.87,2.92
2017.05.29 07:40:22.605,1.1131,1.11314,1.69,2.92
2017.05.29 07:40:23.650,1.1131,1.11314,1.69,2.32
2017.05.29 07:40:26.095,1.1131,1.11315,2.81,1.31
2017.05.29 07:40:26.654,1.11311,1.11316,2.00,2.81
2017.05.29 07:40:37.743,1.11314,1.11316,1.19,1.00
2017.05.29 07:40:37.794,1.11315,1.11319,1.69,6.07
2017.05.29 07:40:38.303,1.11314,1.11319,2.81,1.87
2017.05.29 07:40:42.894,1.11314,1.11318,1.62,2.10
2017.05.29 07:40:43.471,1.11314,1.11318,1.62,4.50
2017.05.29 07:40:44.010,1.11312,1.11317,2.81,2.25
2017.05.29 07:40:45.184,1.11312,1.11317,2.81,2.25
2017.05.29 07:40:46.327,1.11312,1.11317,2.81,2.25
2017.05.29 07:40:46.895,1.11312,1.11317,2.81,2.25
2017.05.29 07:40:50.007,1.11312,1.11317,2.81,2.25
2017.05.29 07:40:50.550,1.11312,1.11317,2.81,1.87
2017.05.29 07:41:00.658,1.11312,1.11317,2.81,1.87
2017.05.29 07:41:01.274,1.11312,1.11317,2.62,2.06
2017.05.29 07:41:01.794,1.11312,1.11317,1.50,3.19
2017.05.29 07:41:02.980,1.11312,1.11317,1.50,3.79
2017.05.29 07:41:03.693,1.11312,1.11317,1.50,4.54
2017.05.29 07:41:09.516,1.11311,1.11316,2.06,2.81
2017.05.29 07:41:10.049,1.1131,1.11313,2.25,2.44
2017.05.29 07:41:10.102,1.11306,1.1131,1.37,2.66
2017.05.29 07:41:10.611,1.11306,1.11309,1.00,1.15
2017.05.29 07:41:11.112,1.11305,1.11309,1.87,1.15
2017.05.29 07:41:11.725,1.11306,1.11309,1.00,1.15
2017.05.29 07:41:12.232,1.11305,1.11309,2.25,1.15
2017.05.29 07:41:21.580,1.11305,1.11309,1.87,1.76
2017.05.29 07:41:26.195,1.11305,1.1131,1.50,3.11
2017.05.29 07:41:33.456,1.11304,1.11308,2.44,1.50
2017.05.29 07:41:34.005,1.11304,1.11308,1.50,1.31
2017.05.29 07:41:37.143,1.11304,1.11309,1.87,3.49
2017.05.29 07:41:41.126,1.11306,1.1131,1.50,2.14
2017.05.29 07:41:41.768,1.11306,1.1131,1.37,3.56
2017.05.29 07:41:44.100,1.11306,1.1131,1.37,1.31
2017.05.29 07:41:47.247,1.1131,1.11311,1.00,1.12
2017.05.29 07:41:47.349,1.11311,1.11314,3.04,4.87
2017.05.29 07:41:47.451,1.11313,1.11314,1.00,1.00
2017.05.29 07:41:47.503,1.11312,1.11316,1.87,1.25
2017.05.29 07:41:48.203,1.11312,1.11316,1.87,1.25
2017.05.29 07:41:48.712,1.11312,1.11315,1.37,1.00
2017.05.29 07:41:49.647,1.11313,1.11317,1.37,3.26
2017.05.29 07:41:49.953,1.11318,1.1132,1.00,1.12
2017.05.29 07:41:50.056,1.11318,1.11322,1.50,1.39
2017.05.29 07:41:50.565,1.11317,1.11322,3.19,1.76
2017.05.29 07:41:52.243,1.11317,1.11322,3.94,3.26
2017.05.29 07:41:52.759,1.11317,1.11322,4.31,1.76
2017.05.29 07:41:54.466,1.11318,1.11322,5.44,1.00
2017.05.29 07:41:54.672,1.1132,1.11324,3.19,1.87
2017.05.29 07:41:54.877,1.11321,1.11325,2.25,2.51
2017.05.29 07:41:55.184,1.11321,1.11322,1.00,1.00
2017.05.29 07:41:55.406,1.11321,1.11324,1.72,1.00
2017.05.29 07:41:55.457,1.11322,1.11327,3.97,2.89
2017.05.29 07:41:55.561,1.11323,1.11327,1.75,1.76
2017.05.29 07:41:58.809,1.11323,1.11326,1.12,1.00
2017.05.29 07:41:59.573,1.11324,1.11326,1.00,1.25
2017.05.29 07:42:10.867,1.11323,1.11327,1.12,2.89
2017.05.29 07:42:11.943,1.11324,1.11327,1.00,2.44
2017.05.29 07:42:12.491,1.11323,1.11327,1.12,1.50
2017.05.29 07:42:13.003,1.11323,1.11327,1.37,2.81
2017.05.29 07:42:21.163,1.11324,1.11327,3.97,1.69
2017.05.29 07:42:21.493,1.11327,1.11329,1.87,1.25
2017.05.29 07:42:29.035,1.11327,1.1133,4.35,1.25
2017.05.29 07:42:29.141,1.11329,1.11332,1.00,1.69
2017.05.29 07:42:29.447,1.11329,1.11332,1.50,1.25
2017.05.29 07:42:31.253,1.1133,1.11334,1.37,2.89
2017.05.29 07:42:31.510,1.11332,1.11336,1.72,2.44
2017.05.29 07:42:34.778,1.11332,1.11335,1.37,1.00
2017.05.29 07:42:34.932,1.1133,1.11333,1.75,1.00
2017.05.29 07:42:35.881,1.11331,1.11334,1.50,1.57
2017.05.29 07:42:36.391,1.11331,1.11335,3.75,1.00
2017.05.29 07:42:38.226,1.1133,1.11334,3.37,1.00
2017.05.29 07:42:40.121,1.11328,1.11333,17.66,1.00
2017.05.29 07:42:43.417,1.1133,1.11333,1.50,1.00
2017.05.29 07:42:43.931,1.11329,1.11333,1.62,1.00
2017.05.29 07:42:44.459,1.1133,1.11333,1.37,1.00
2017.05.29 07:42:55.723,1.11329,1.11334,5.85,1.31
2017.05.29 07:43:10.210,1.11329,1.11333,2.06,1.00
2017.05.29 07:43:10.719,1.11328,1.11332,6.19,1.00
2017.05.29 07:43:11.128,1.11327,1.11332,7.72,1.00
2017.05.29 07:43:49.392,1.11327,1.11331,4.50,1.00
2017.05.29 07:43:51.142,1.1133,1.11332,1.00,2.10
2017.05.29 07:43:51.346,1.1133,1.11334,1.50,3.04
2017.05.29 07:43:55.828,1.11329,1.11334,3.94,2.29
2017.05.29 07:43:57.216,1.11329,1.11334,4.31,3.41
2017.05.29 07:43:59.616,1.1133,1.11334,1.12,1.91
2017.05.29 07:44:00.128,1.1133,1.11334,2.10,1.25
2017.05.29 07:44:07.215,1.11329,1.11333,2.00,1.12
2017.05.29 07:44:16.912,1.1133,1.11334,2.81,1.20
2017.05.29 07:44:26.121,1.1133,1.11335,4.31,2.44
2017.05.29 07:44:26.662,1.1133,1.11334,1.50,1.69
2017.05.29 07:45:16.365,1.11333,1.11336,2.10,2.89
2017.05.29 07:45:16.674,1.11333,1.11338,3.00,4.39
2017.05.29 07:45:25.245,1.11332,1.11337,3.75,1.69
2017.05.29 07:45:25.348,1.11332,1.11337,3.75,2.44
2017.05.29 07:45:25.850,1.11332,1.11337,4.35,2.06
2017.05.29 07:45:26.486,1.11332,1.11337,3.75,2.06
2017.05.29 07:45:27.530,1.11331,1.11335,5.62,1.62
2017.05.29 07:45:28.082,1.1133,1.11335,6.41,1.62
2017.05.29 07:45:28.715,1.1133,1.11334,1.50,2.44
2017.05.29 07:45:31.010,1.1133,1.11334,1.50,2.44
2017.05.29 07:45:33.366,1.1133,1.11334,1.12,2.51
2017.05.29 07:45:33.520,1.11324,1.11329,2.06,2.10
2017.05.29 07:45:33.819,1.11323,1.11327,1.69,1.72
2017.05.29 07:45:33.871,1.11323,1.11328,1.69,4.61
2017.05.29 07:45:39.579,1.11323,1.11326,1.00,1.69
2017.05.29 07:45:43.582,1.11322,1.11327,3.75,1.76
2017.05.29 07:46:22.132,1.1132,1.11324,4.20,1.54
2017.05.29 07:46:22.184,1.11319,1.11324,2.44,3.04
2017.05.29 07:46:22.708,1.11318,1.11324,10.01,3.94
2017.05.29 07:46:26.513,1.11318,1.11322,6.00,2.06
2017.05.29 07:46:27.024,1.11319,1.11322,1.00,1.12
2017.05.29 07:46:27.544,1.11318,1.11323,5.81,2.66
2017.05.29 07:46:28.099,1.11317,1.11322,4.87,1.56
2017.05.29 07:46:28.608,1.11317,1.11322,3.00,1.56
2017.05.29 07:46:30.459,1.11317,1.11322,4.12,1.56
2017.05.29 07:46:31.010,1.11318,1.11323,2.44,1.87
2017.05.29 07:46:31.113,1.11318,1.11324,6.94,5.81
2017.05.29 07:46:33.599,1.11318,1.11322,5.06,1.12
2017.05.29 07:46:34.368,1.11318,1.11322,5.06,1.37
2017.05.29 07:46:34.884,1.11318,1.11322,5.06,1.12
2017.05.29 07:46:40.473,1.11318,1.11322,5.06,2.32
2017.05.29 07:46:40.984,1.11318,1.11322,5.81,2.25
2017.05.29 07:46:42.193,1.11318,1.11322,5.06,1.50
2017.05.29 07:46:42.708,1.11318,1.11322,5.06,1.50
2017.05.29 07:46:44.708,1.11318,1.11322,5.06,1.00
2017.05.29 07:46:46.284,1.11321,1.11324,1.00,2.51
2017.05.29 07:46:46.511,1.11321,1.11325,1.00,1.39
2017.05.29 07:46:47.237,1.11321,1.11325,1.00,1.76
2017.05.29 07:46:50.805,1.1132,1.11324,2.06,1.00
2017.05.29 07:47:03.546,1.11319,1.11324,1.19,2.92
2017.05.29 07:47:48.466,1.11319,1.11323,1.19,1.00
2017.05.29 07:47:53.795,1.11318,1.11323,5.81,2.25
2017.05.29 07:47:54.304,1.11318,1.11322,5.44,1.72
2017.05.29 07:47:56.339,1.11318,1.11321,3.75,6.04
2017.05.29 07:47:56.441,1.11315,1.1132,3.94,1.31
2017.05.29 07:47:56.949,1.11315,1.1132,2.62,2.66
2017.05.29 07:47:57.591,1.11314,1.11319,5.89,1.31
2017.05.29 07:47:58.581,1.11314,1.11318,1.95,1.05
2017.05.29 07:47:59.119,1.11312,1.11317,3.94,2.89
2017.05.29 07:48:00.311,1.11312,1.11317,1.69,5.89
2017.05.29 07:48:00.511,1.11311,1.11315,1.25,1.00
2017.05.29 07:48:01.021,1.1131,1.11315,3.75,1.69
2017.05.29 07:48:06.912,1.1131,1.11314,1.87,1.31
2017.05.29 07:48:12.548,1.11309,1.11315,6.19,4.76
2017.05.29 07:48:26.906,1.11309,1.11315,5.81,4.76
2017.05.29 07:48:29.556,1.11309,1.11315,3.94,5.36
2017.05.29 07:48:30.076,1.11309,1.11314,2.44,2.21
2017.05.29 07:48:30.628,1.11309,1.11314,2.44,3.04
2017.05.29 07:48:31.287,1.11309,1.11314,2.44,3.04
2017.05.29 07:48:31.928,1.11309,1.11314,2.44,3.04
2017.05.29 07:48:33.133,1.11311,1.11314,1.12,3.04
2017.05.29 07:48:36.142,1.11312,1.11314,1.12,2.96
2017.05.29 07:48:43.786,1.11312,1.11314,1.12,2.36
2017.05.29 07:48:44.307,1.11313,1.11315,1.12,1.91
2017.05.29 07:48:48.527,1.11312,1.11315,1.12,1.91
2017.05.29 07:48:49.827,1.11313,1.11315,1.12,1.16
2017.05.29 07:48:54.844,1.11313,1.11315,1.12,2.66
2017.05.29 07:49:00.773,1.11313,1.11315,1.12,1.16
2017.05.29 07:49:02.563,1.11312,1.11315,1.12,2.36
2017.05.29 07:49:03.068,1.11312,1.11315,1.12,5.47
2017.05.29 07:49:04.983,1.11312,1.11315,1.12,3.97
2017.05.29 07:49:06.903,1.11312,1.11315,1.12,3.60
2017.05.29 07:49:18.199,1.11312,1.11314,1.12,3.71
2017.05.29 07:49:18.250,1.1131,1.11312,1.00,1.00
2017.05.29 07:49:19.071,1.11309,1.11312,1.12,3.97
2017.05.29 07:49:19.573,1.11309,1.11311,1.12,1.30
2017.05.29 07:49:21.069,1.11308,1.11311,1.12,1.54
2017.05.29 07:49:21.572,1.11308,1.1131,1.12,1.30
2017.05.29 07:49:22.262,1.11308,1.1131,1.12,1.67
2017.05.29 07:49:22.774,1.11307,1.11309,1.12,1.09
2017.05.29 07:49:32.235,1.11307,1.1131,1.12,2.36
2017.05.29 07:49:36.713,1.11307,1.1131,1.12,2.36
2017.05.29 07:49:40.841,1.11307,1.11309,1.12,1.24
2017.05.29 07:49:43.334,1.11307,1.11309,1.12,1.24
2017.05.29 07:49:43.879,1.11308,1.11309,1.12,1.12
2017.05.29 07:49:48.212,1.11307,1.1131,1.12,2.85
2017.05.29 07:49:51.527,1.11307,1.1131,1.12,2.92
2017.05.29 07:50:17.366,1.11308,1.1131,1.12,2.47
2017.05.29 07:50:33.000,1.11307,1.11309,1.12,1.54
2017.05.29 07:50:33.523,1.11306,1.11308,1.12,1.00
2017.05.29 07:50:34.112,1.11306,1.11308,1.12,1.35
2017.05.29 07:50:35.357,1.11305,1.11307,1.12,1.00
2017.05.29 07:50:38.630,1.11306,1.11308,1.12,5.10
2017.05.29 07:50:39.435,1.11305,1.11308,1.12,7.01
2017.05.29 07:50:39.792,1.11304,1.11306,1.12,1.30
2017.05.29 07:50:40.303,1.11303,1.11305,1.12,1.12
2017.05.29 07:50:40.852,1.11303,1.11306,1.12,2.74
2017.05.29 07:50:41.674,1.11303,1.11306,1.12,3.11
2017.05.29 07:50:44.714,1.11303,1.11305,1.12,1.91
2017.05.29 07:50:45.253,1.11302,1.11305,1.46,1.99
2017.05.29 07:50:45.769,1.11302,1.11305,1.12,5.36
2017.05.29 07:50:49.431,1.11302,1.11304,1.27,1.16
2017.05.29 07:50:51.222,1.11301,1.11303,1.27,1.25
2017.05.29 07:50:51.274,1.11298,1.11302,1.12,3.04
2017.05.29 07:50:51.712,1.113,1.11302,1.12,3.11
2017.05.29 07:50:54.656,1.113,1.11302,1.12,1.99
2017.05.29 07:50:55.173,1.113,1.11302,1.12,1.24
2017.05.29 07:51:00.911,1.113,1.11302,1.12,1.24
2017.05.29 07:51:01.420,1.11301,1.11304,1.12,3.64
2017.05.29 07:51:01.778,1.11302,1.11305,1.12,3.26
2017.05.29 07:51:03.303,1.11304,1.11305,1.00,2.25
2017.05.29 07:51:03.406,1.11304,1.11308,3.94,1.12
2017.05.29 07:51:03.508,1.11306,1.11309,1.12,1.39
2017.05.29 07:51:04.024,1.11307,1.1131,1.12,4.61
2017.05.29 07:51:09.867,1.11307,1.1131,1.50,2.44
2017.05.29 07:51:10.377,1.11309,1.11312,1.12,4.39
2017.05.29 07:51:10.980,1.11309,1.11312,1.12,3.45
2017.05.29 07:51:11.404,1.11309,1.1131,1.12,1.25
2017.05.29 07:51:11.916,1.11309,1.11312,1.12,3.19
2017.05.29 07:51:12.432,1.1131,1.11312,1.12,2.44
2017.05.29 07:51:13.249,1.11309,1.11312,1.50,2.44
2017.05.29 07:51:13.767,1.1131,1.11312,1.12,1.69
2017.05.29 07:51:14.379,1.11309,1.11313,1.50,6.86
2017.05.29 07:51:14.896,1.1131,1.11313,1.12,3.79
2017.05.29 07:51:15.402,1.11309,1.11313,1.50,4.24
2017.05.29 07:51:16.180,1.1131,1.11313,1.12,5.29
2017.05.29 07:51:22.276,1.11309,1.11312,1.50,1.16
2017.05.29 07:51:25.524,1.11308,1.11311,1.12,1.69
2017.05.29 07:51:25.728,1.11307,1.1131,1.12,4.91
2017.05.29 07:51:26.797,1.11307,1.11309,1.12,1.00
2017.05.29 07:51:27.308,1.11307,1.1131,1.12,2.81
2017.05.29 07:51:34.038,1.11308,1.1131,1.12,2.81
2017.05.29 07:51:34.547,1.11307,1.1131,1.12,5.66
2017.05.29 07:51:35.181,1.11306,1.1131,1.12,5.66
2017.05.29 07:51:41.365,1.11307,1.1131,1.12,2.06
2017.05.29 07:51:49.193,1.11308,1.1131,1.12,2.06
2017.05.29 07:51:53.515,1.11307,1.1131,1.12,2.06
2017.05.29 07:52:00.051,1.11306,1.1131,1.12,2.06
2017.05.29 07:52:00.993,1.11307,1.1131,1.12,2.06
2017.05.29 07:52:04.220,1.11307,1.1131,1.12,4.54
2017.05.29 07:52:04.573,1.11304,1.11307,1.00,1.00
2017.05.29 07:52:06.411,1.11304,1.11307,1.12,4.72
2017.05.29 07:52:06.617,1.11302,1.11304,1.12,1.25
2017.05.29 07:52:07.222,1.11302,1.11304,1.12,1.25
2017.05.29 07:52:08.815,1.11302,1.11304,1.12,1.25
2017.05.29 07:52:09.707,1.11302,1.11304,1.12,1.25
2017.05.29 07:52:10.272,1.11302,1.11304,1.12,3.04
2017.05.29 07:52:10.787,1.11302,1.11304,1.12,1.69
2017.05.29 07:52:12.979,1.11302,1.11303,1.12,1.00
2017.05.29 07:52:16.392,1.11302,1.11304,1.12,1.00
2017.05.29 07:52:16.698,1.11303,1.11305,1.12,1.00
2017.05.29 07:52:17.220,1.11303,1.11305,1.12,1.00
2017.05.29 07:52:19.971,1.11303,1.11304,1.12,1.00
2017.05.29 07:52:20.520,1.11303,1.11305,1.12,1.00
2017.05.29 07:52:21.170,1.11304,1.11305,1.12,1.00
2017.05.29 07:52:21.797,1.11303,1.11304,1.12,1.00
2017.05.29 07:52:26.315,1.11303,1.11305,1.12,1.00
2017.05.29 07:52:26.924,1.11303,1.11305,1.12,1.00
2017.05.29 07:52:27.667,1.11304,1.11306,1.12,2.06
2017.05.29 07:52:28.215,1.11305,1.11306,1.12,1.00
2017.05.29 07:52:28.811,1.11305,1.11307,1.12,1.00
2017.05.29 07:52:29.370,1.11306,1.11307,1.12,1.00
2017.05.29 07:52:29.914,1.11306,1.11308,1.12,1.00
2017.05.29 07:52:31.820,1.11306,1.11308,1.12,1.00
2017.05.29 07:52:32.400,1.11306,1.11308,1.12,1.00
2017.05.29 07:52:38.647,1.11306,1.11308,1.12,1.00
2017.05.29 07:52:46.370,1.11306,1.11308,1.12,1.00
2017.05.29 07:52:46.879,1.11307,1.11308,1.12,1.00
2017.05.29 07:52:48.075,1.11307,1.11309,1.12,1.25
2017.05.29 07:52:48.381,1.11309,1.1131,1.12,1.69
2017.05.29 07:52:52.403,1.11309,1.11311,1.12,1.25
2017.05.29 07:52:52.945,1.1131,1.11311,1.12,1.00
2017.05.29 07:53:01.480,1.1131,1.11312,1.12,2.06
2017.05.29 07:53:01.990,1.11311,1.11312,1.12,1.00
2017.05.29 07:53:02.510,1.11311,1.11313,1.12,1.25
2017.05.29 07:53:03.575,1.11311,1.11313,1.12,1.25
2017.05.29 07:53:13.317,1.11311,1.11313,1.12,1.00
2017.05.29 07:53:16.050,1.11312,1.11313,1.12,1.00
2017.05.29 07:53:21.371,1.11311,1.11313,1.12,1.00
2017.05.29 07:53:26.012,1.11311,1.11315,7.01,2.06
2017.05.29 07:53:26.523,1.11312,1.11313,1.12,1.00
2017.05.29 07:53:27.029,1.11311,1.11312,1.12,1.00
2017.05.29 07:53:27.182,1.1131,1.11312,1.50,1.00
2017.05.29 07:53:28.077,1.11311,1.11312,1.12,1.00
2017.05.29 07:53:35.212,1.1131,1.11312,1.69,1.00
2017.05.29 07:53:38.528,1.11311,1.11312,1.12,1.00
2017.05.29 07:53:39.030,1.1131,1.11312,1.69,1.00
2017.05.29 07:53:40.035,1.11311,1.11312,1.12,1.00
2017.05.29 07:53:41.677,1.11312,1.11314,1.00,1.50
2017.05.29 07:53:41.882,1.11313,1.11315,1.12,1.00
2017.05.29 07:53:41.985,1.11313,1.11316,1.12,5.66
2017.05.29 07:53:42.093,1.11313,1.11314,1.12,1.00
2017.05.29 07:53:42.873,1.11312,1.11313,1.12,1.00
2017.05.29 07:53:42.976,1.11311,1.11312,1.12,1.00
2017.05.29 07:53:43.483,1.11311,1.11313,1.12,1.00
2017.05.29 07:53:44.166,1.11312,1.11313,1.12,1.00
2017.05.29 07:53:44.670,1.11311,1.11312,1.50,1.00
2017.05.29 07:53:46.064,1.11312,1.11313,1.12,1.00
2017.05.29 07:53:46.968,1.11311,1.11312,1.50,1.00
2017.05.29 07:53:57.634,1.1131,1.11312,1.50,1.00
2017.05.29 07:53:58.179,1.11311,1.11312,1.12,1.00
2017.05.29 07:54:00.486,1.1131,1.11311,1.12,1.00
2017.05.29 07:54:00.740,1.11308,1.1131,1.12,1.00
2017.05.29 07:54:01.248,1.11308,1.11309,1.12,1.00
2017.05.29 07:54:02.309,1.11307,1.11308,1.50,1.00
2017.05.29 07:54:02.463,1.11306,1.11308,1.39,1.00
2017.05.29 07:54:03.075,1.11307,1.11308,1.12,1.00
2017.05.29 07:54:03.670,1.11306,1.11308,1.39,1.00
2017.05.29 07:54:04.894,1.11307,1.11308,1.12,1.00
2017.05.29 07:54:07.972,1.11306,1.11308,1.39,1.00
2017.05.29 07:54:09.882,1.11307,1.11308,1.12,1.00
2017.05.29 07:54:10.401,1.11307,1.11309,1.12,1.00
2017.05.29 07:54:11.465,1.11308,1.1131,1.12,1.72
2017.05.29 07:54:12.544,1.11307,1.1131,1.12,1.12
2017.05.29 07:54:16.690,1.11309,1.1131,1.00,1.12
2017.05.29 07:54:16.793,1.11309,1.11312,1.00,4.50
2017.05.29 07:54:17.304,1.1131,1.11314,1.87,2.06
2017.05.29 07:54:17.814,1.11311,1.11314,1.12,2.06
2017.05.29 07:54:20.837,1.1131,1.11314,1.87,4.54
2017.05.29 07:54:21.386,1.11311,1.11314,1.12,2.81
2017.05.29 07:54:26.890,1.1131,1.11314,1.12,2.44
2017.05.29 07:54:28.443,1.1131,1.11314,1.37,1.54
2017.05.29 07:54:34.912,1.11309,1.11314,2.81,1.54
2017.05.29 07:54:39.331,1.11309,1.11314,2.81,1.54
2017.05.29 07:54:41.469,1.11309,1.11315,4.31,4.16
2017.05.29 07:54:47.303,1.11309,1.11315,5.14,2.66
2017.05.29 07:54:49.636,1.11309,1.11315,4.39,2.66
2017.05.29 07:54:51.620,1.11309,1.11312,1.50,1.37
2017.05.29 07:54:52.156,1.11309,1.11313,1.50,1.42
2017.05.29 07:54:52.706,1.11309,1.11313,1.12,1.54
2017.05.29 07:54:53.859,1.11309,1.11313,1.00,2.66
2017.05.29 07:54:54.287,1.11307,1.1131,2.58,1.54
2017.05.29 07:54:54.339,1.11305,1.1131,3.89,1.54
2017.05.29 07:54:56.120,1.11305,1.1131,2.47,1.16
2017.05.29 07:54:58.368,1.11304,1.11307,1.95,1.12
2017.05.29 07:54:58.471,1.11304,1.11309,3.00,2.29
2017.05.29 07:54:58.979,1.11304,1.11309,2.25,2.29
2017.05.29 07:54:59.480,1.11304,1.11309,2.25,2.29
2017.05.29 07:55:01.266,1.11304,1.11308,1.50,1.62
2017.05.29 07:55:03.593,1.11303,1.11308,1.20,5.10
2017.05.29 07:55:03.899,1.11302,1.11307,1.00,6.41
2017.05.29 07:55:04.427,1.11302,1.11308,7.69,2.81
2017.05.29 07:55:04.939,1.11303,1.11308,1.95,2.81
2017.05.29 07:55:05.442,1.11303,1.11308,1.95,2.81
2017.05.29 07:55:14.451,1.11303,1.11308,2.55,1.01
2017.05.29 07:55:15.015,1.11303,1.11308,2.55,1.01
2017.05.29 07:55:15.677,1.11303,1.11308,2.55,1.01
2017.05.29 07:55:16.724,1.11305,1.11309,1.12,6.86
2017.05.29 07:55:19.418,1.11305,1.11309,1.12,6.86
2017.05.29 07:55:20.689,1.11305,1.11309,1.12,8.36
2017.05.29 07:55:23.894,1.11305,1.11309,1.12,6.86
2017.05.29 07:55:24.865,1.11305,1.11309,1.12,6.86
2017.05.29 07:55:26.902,1.11305,1.11309,1.12,6.86
2017.05.29 07:55:27.424,1.11305,1.11309,1.12,6.86
2017.05.29 07:55:34.424,1.11305,1.11308,1.12,2.36
2017.05.29 07:55:39.572,1.11305,1.11307,1.12,1.12
2017.05.29 07:55:40.084,1.11305,1.11308,1.12,1.01
2017.05.29 07:55:46.880,1.11306,1.11308,1.12,1.24
2017.05.29 07:55:47.402,1.11305,1.11308,1.12,1.24
2017.05.29 07:55:48.187,1.11306,1.11308,1.12,1.24
2017.05.29 07:55:52.911,1.11305,1.11309,1.12,4.24
2017.05.29 07:55:53.664,1.11306,1.11309,1.12,4.24
2017.05.29 07:55:58.241,1.11305,1.11309,1.12,6.49
2017.05.29 07:56:01.256,1.11306,1.11309,1.12,6.49
2017.05.29 07:56:03.996,1.11305,1.11308,1.12,1.24
2017.05.29 07:56:07.121,1.11306,1.11308,1.12,1.24
2017.05.29 07:56:07.472,1.11304,1.11307,1.12,3.75
2017.05.29 07:56:07.625,1.11303,1.11306,1.12,3.41
2017.05.29 07:56:08.517,1.11303,1.11306,1.12,5.66
2017.05.29 07:56:09.596,1.11303,1.11306,1.12,3.49
2017.05.29 07:56:10.106,1.11303,1.11306,1.12,1.39
2017.05.29 07:56:10.680,1.11303,1.11306,1.12,1.99
2017.05.29 07:56:12.536,1.11303,1.11306,1.12,2.36
2017.05.29 07:56:13.376,1.11303,1.11306,1.12,3.49
2017.05.29 07:56:13.431,1.11299,1.11303,1.37,1.24
2017.05.29 07:56:13.953,1.113,1.11303,1.12,2.74
2017.05.29 07:56:16.330,1.113,1.11303,1.12,2.89
2017.05.29 07:56:18.542,1.113,1.11302,1.12,1.24
2017.05.29 07:56:24.772,1.113,1.11303,1.12,5.74
2017.05.29 07:56:28.793,1.113,1.11303,1.12,2.74
2017.05.29 07:56:29.295,1.113,1.11303,1.12,2.74
2017.05.29 07:56:32.308,1.113,1.11303,1.12,1.64
2017.05.29 07:56:37.025,1.11301,1.11303,1.12,1.64
2017.05.29 07:56:39.153,1.11301,1.11304,1.50,2.14
2017.05.29 07:56:39.700,1.11302,1.11304,1.12,1.66
2017.05.29 07:56:43.302,1.11302,1.11305,3.79,1.95
2017.05.29 07:56:43.405,1.11304,1.11306,1.00,1.00
2017.05.29 07:56:43.711,1.11305,1.11308,1.12,1.01
2017.05.29 07:56:47.804,1.11307,1.11309,1.12,1.69
2017.05.29 07:56:49.798,1.11306,1.11309,1.12,1.69
2017.05.29 07:56:51.410,1.11305,1.11309,1.50,3.41
2017.05.29 07:56:56.130,1.11306,1.11309,1.12,3.22
2017.05.29 07:57:00.649,1.11305,1.11309,1.31,2.62
2017.05.29 07:57:04.201,1.11306,1.1131,1.69,5.70
2017.05.29 07:57:04.711,1.11307,1.11311,1.31,2.25
2017.05.29 07:57:04.989,1.11308,1.11312,2.06,5.62
2017.05.29 07:57:05.499,1.11307,1.11311,2.06,1.00
2017.05.29 07:57:08.273,1.11307,1.1131,1.12,2.06
2017.05.29 07:57:08.784,1.11306,1.1131,1.12,1.69
2017.05.29 07:57:10.199,1.11307,1.1131,1.12,3.79
2017.05.29 07:57:11.852,1.11308,1.1131,2.51,1.00
2017.05.29 07:57:11.955,1.11309,1.11312,2.81,4.87
2017.05.29 07:57:13.232,1.11309,1.11311,1.12,1.35
2017.05.29 07:57:13.335,1.11307,1.1131,2.06,1.87
2017.05.29 07:57:17.387,1.11307,1.1131,1.31,1.67
2017.05.29 07:57:19.874,1.11306,1.11309,1.12,1.30
2017.05.29 07:57:22.900,1.11306,1.11309,1.12,2.10
2017.05.29 07:57:36.701,1.11306,1.11308,1.12,3.22
2017.05.29 07:57:37.222,1.11305,1.11308,2.06,2.10
2017.05.29 07:57:42.992,1.11304,1.11307,1.12,2.66
2017.05.29 07:57:43.094,1.11303,1.11304,1.50,2.10
2017.05.29 07:57:43.196,1.11301,1.11304,1.87,2.47
2017.05.29 07:57:43.705,1.11301,1.11303,1.12,2.10
2017.05.29 07:57:49.842,1.11302,1.11304,1.00,2.06
2017.05.29 07:57:49.945,1.11303,1.11306,1.19,2.62
2017.05.29 07:57:50.047,1.11304,1.11307,2.44,1.87
2017.05.29 07:57:50.508,1.11306,1.11309,1.12,1.50
2017.05.29 07:57:50.816,1.11309,1.1131,1.25,2.47
2017.05.29 07:57:50.919,1.1131,1.11312,1.12,1.00
2017.05.29 07:57:51.449,1.11309,1.11312,1.12,4.72
2017.05.29 07:57:52.056,1.11309,1.11312,1.12,4.87
2017.05.29 07:57:52.630,1.11308,1.11312,3.19,5.47
2017.05.29 07:58:04.074,1.11308,1.11312,3.56,4.95
2017.05.29 07:58:07.090,1.11309,1.11312,1.12,4.95
2017.05.29 07:58:08.505,1.11308,1.11312,5.06,5.55
2017.05.29 07:58:09.106,1.11309,1.11312,1.12,4.95
2017.05.29 07:58:09.620,1.11308,1.11312,4.31,6.30
2017.05.29 07:58:10.171,1.11309,1.11312,1.12,5.55
2017.05.29 07:58:13.241,1.11307,1.1131,1.31,2.47
2017.05.29 07:58:13.395,1.11304,1.11307,1.69,2.10
2017.05.29 07:58:13.447,1.11305,1.11307,1.12,2.10
2017.05.29 07:58:13.973,1.11305,1.11308,1.12,1.80
